<!DOCTYPE html>
<html lang="en">

<head>
    <meta charset="UTF-8">
    <meta http-equiv="X-UA-Compatible" content="IE=edge">
    <meta name="viewport" content="width=device-width, initial-scale=1.0">
    <title>Amazon Product Page</title>
    <style>
        body {
            background-color: black;
            color: white;
        }

        .datetime {
            text-align: center;
            color: gray;
        }

        .date, .time {
            font-size: 48px;
        }

        .container {
            display: flex;
            flex-wrap: wrap;
            justify-content: center;
            align-items: center;
            min-height: calc(100vh - 7cm);
        }

        .product {
            width: calc(100% / 4);
            margin-bottom: 20px;
            text-align: center;
            border: 1px solid red;
            border-radius: 10px;
            overflow: hidden;
            padding: 10px;
            display: flex;
            flex-direction: column;
            background-color: black;
            color: white;
        }

        .product .content {
            height: 200px;
            overflow: hidden;
        }

        .product img {
            width: 100%;
            height: auto;
            display: block;
        }

        .product .description {
            margin-top: 10px;
        }

        .product .more-link {
            margin-top: 5px;
            cursor: pointer;
            color: blue;
        }
        .pagination {
            text-align: center;
            margin: 20px 0;
        }

        .pagination a {
            color: white;
            padding: 8px 16px;
            text-decoration: none;
            background-color: gray;
            margin: 0 4px;
            border-radius: 4px;
        }

        .pagination a:hover {
            background-color: #575757;
        }
        @media (min-width: 768px) and (max-width: 991px) {
            .product {
                width: calc(100% / 3);
            }
        }

        @media (max-width: 767px) {
            .product {
                width: 100%;
            }
        }

        /* Style pour le bouton flottant */
        .floating-button {
            position: fixed;
            bottom: 20px;
            right: 20px;
            background-color: red;
            color: white;
            border: none;
            border-radius: 50%;
            width: 60px;
            height: 60px;
            text-align: center;
            font-size: 18px;
            cursor: pointer;
            z-index: 1000;
            box-shadow: 0 4px 8px rgba(0, 0, 0, 0.2);
        }
    </style>
</head>

<body>
    <div class="datetime">
        <div class="date" id="comment"></div>
        <div class="date" id="date"></div>
        <div class="time" id="time"></div>
    </div>

    <div class="container">
      <div class="product"><a href="https://www.amazon.com/dp/B07MGKCV5Y?tag=eloabder-20&linkCode=osi&th=1&psc=1"><img src="https://m.media-amazon.com/images/I/31tE+o2DanL._SL500_.jpg" alt="Product Image"></a><p>Iberia All Natural Distilled White Vinegar, 1 Gallon - 5% Acidity</p><p>$12.99 ($0.10 / Fl Oz)</p><a href="https://www.amazon.com/dp/B07MGKCV5Y?tag=eloabder-20&linkCode=osi&th=1&psc=1">View Product</a></div><div class="product"><a href="https://www.amazon.com/dp/B07985NMQD?tag=eloabder-20&linkCode=osi&th=1&psc=1"><img src="https://m.media-amazon.com/images/I/41ElEDybjlL._SL500_.jpg" alt="Product Image"></a><p>Lucy's Family Owned - Natural Distilled White Vinegar, 1 Gallon (128 oz) - 5% Acidity (White Vinegar, 1 Gallon (128 fl oz.))</p><p>$17.99 ($0.14 / Fl Oz)</p><a href="https://www.amazon.com/dp/B07985NMQD?tag=eloabder-20&linkCode=osi&th=1&psc=1">View Product</a></div><div class="product"><a href="https://www.amazon.com/dp/B07F7MXPWD?tag=eloabder-20&linkCode=osi&th=1&psc=1"><img src="https://m.media-amazon.com/images/I/51GKn4NVqTL._SL500_.jpg" alt="Product Image"></a><p>Soeos Chinkiang Vinegar 16.9 fl oz (500ml), 3 Years Aged, Naturally Fermented, Mature Aged Black Vinegar, Chinese Black Vinegar, Zhenjiang Vinegar, Black Rice Vinegar, Black Vinegar Chinese.</p><p>$13.99 ($0.83 / Fl Oz)</p><a href="https://www.amazon.com/dp/B07F7MXPWD?tag=eloabder-20&linkCode=osi&th=1&psc=1">View Product</a></div><div class="product"><a href="https://www.amazon.com/dp/B001I7MVG0?tag=eloabder-20&linkCode=osi&th=1&psc=1"><img src="https://m.media-amazon.com/images/I/41HHUOECW2L._SL500_.jpg" alt="Product Image"></a><p>Bragg Organic Raw Apple Cider Vinegar, 32 Ounce - 1 Pack</p><p>$5.99 ($0.19 / Fl Oz)</p><a href="https://www.amazon.com/dp/B001I7MVG0?tag=eloabder-20&linkCode=osi&th=1&psc=1">View Product</a></div><div class="product"><a href="https://www.amazon.com/dp/B07W9HX3MV?tag=eloabder-20&linkCode=osi&th=1&psc=1"><img src="https://m.media-amazon.com/images/I/413FdgpxYrL._SL500_.jpg" alt="Product Image"></a><p>Calyptus 45% Pure Super Concentrated Vinegar | Dilutes to 9 Gallons | 9x Power Concentrate Vinegar | 1 Gallon</p><p>$26.99 ($0.21 / Fl Oz)</p><a href="https://www.amazon.com/dp/B07W9HX3MV?tag=eloabder-20&linkCode=osi&th=1&psc=1">View Product</a></div><div class="product"><a href="https://www.amazon.com/dp/B0052BFNLS?tag=eloabder-20&linkCode=osi&th=1&psc=1"><img src="https://m.media-amazon.com/images/I/31Tfk-0-ybL._SL500_.jpg" alt="Product Image"></a><p>Pompeian Gourmet Red Wine Vinegar, Perfect for Salad Dressings, Marinades & Sauces, Naturally Gluten Free, 30 Ounce</p><p>$4.91 ($0.16 / Fl Oz)</p><a href="https://www.amazon.com/dp/B0052BFNLS?tag=eloabder-20&linkCode=osi&th=1&psc=1">View Product</a></div><div class="product"><a href="https://www.amazon.com/dp/B00AAL6W2Y?tag=eloabder-20&linkCode=osi&th=1&psc=1"><img src="https://m.media-amazon.com/images/I/51dfgVE7orL._SL500_.jpg" alt="Product Image"></a><p>Mantova Organic Flavored Balsamic Vinegar of Modena 4-Variety Pack: Fig, Pear, Pomegranate, & Raspberry; Perfect for Gift Basket, Add to Pasta, Salad, Ice Cream and Cocktails, 8.5 oz per bottle</p><p>$27.99 ($0.82 / Fl Oz)</p><a href="https://www.amazon.com/dp/B00AAL6W2Y?tag=eloabder-20&linkCode=osi&th=1&psc=1">View Product</a></div><div class="product"><a href="https://www.amazon.com/dp/B0BGYTGT7X?tag=eloabder-20&linkCode=osi&th=1&psc=1"><img src="https://m.media-amazon.com/images/I/41huHEExA1L._SL500_.jpg" alt="Product Image"></a><p>Bragg Organic Apple Cider Vinegar With the Mother– Raw, Unfiltered All Natural Ingredients (64 Fl Oz (Pack of 1))</p><p>$13.68 ($0.21 / Fl Oz)</p><a href="https://www.amazon.com/dp/B0BGYTGT7X?tag=eloabder-20&linkCode=osi&th=1&psc=1">View Product</a></div><div class="product"><a href="https://www.amazon.com/dp/B08TZY2TZ8?tag=eloabder-20&linkCode=osi&th=1&psc=1"><img src="https://m.media-amazon.com/images/I/41YwKPQA9rL._SL500_.jpg" alt="Product Image"></a><p>Due Vittorie Oro Gold Balsamic Vinegar of Modena. Highest score from The Consortium of Modena With Cork Pourer - 8.45fl oz / 250ml</p><p>$17.00 ($2.01 / Fl Oz)</p><a href="https://www.amazon.com/dp/B08TZY2TZ8?tag=eloabder-20&linkCode=osi&th=1&psc=1">View Product</a></div>
<div class="product"><a href="https://www.amazon.com/dp/B07HMJWCNL?tag=eloabder-20&linkCode=osi&th=1&psc=1"><img src="https://m.media-amazon.com/images/I/51ayBrtgPUL._SL500_.jpg" alt="Product Image"></a><p>TRUFF Original Black Truffle Hot Sauce, Gourmet Hot Sauce with Ripe Chili Peppers, Black Truffle Oil, Agave Nectar, Unique Flavor Experience in a Bottle, 6 oz.</p><p>$14.99</p><a href="https://www.amazon.com/dp/B07HMJWCNL?tag=eloabder-20&linkCode=osi&th=1&psc=1">View Product</a></div><div class="product"><a href="https://www.amazon.com/dp/B083QT1TPX?tag=eloabder-20&linkCode=osi&th=1&psc=1"><img src="https://m.media-amazon.com/images/I/41mYuAlAFNL._SL500_.jpg" alt="Product Image"></a><p>TRUFF Hot Sauce Variety Pack, Gourmet Hot Sauce Set of Original, Hotter and Limited White Edition, Unique Flavor Experiences with Truffle, 3-Bottle Bundle, 3ct 6oz bottles</p><p>$67.99 ($3.78 / Ounce)</p><a href="https://www.amazon.com/dp/B083QT1TPX?tag=eloabder-20&linkCode=osi&th=1&psc=1">View Product</a></div><div class="product"><a href="https://www.amazon.com/dp/B0BV19S7TR?tag=eloabder-20&linkCode=osi&th=1&psc=1"><img src="https://m.media-amazon.com/images/I/51iGXyqK-pL._SL500_.jpg" alt="Product Image"></a><p>Le Sauce & Co., White Wine Lemon Garlic Gourmet Finishing Sauce (2-pack), Steakhouse Quality Gourmet Sauce, Lemon Sauce, Garlic Sauce, White Wine Sauce, Steak Sauce, Chicken sauce, Lemon Sauce, Cream Sauce,</p><p>$13.94 ($1.55 / Ounce)</p><a href="https://www.amazon.com/dp/B0BV19S7TR?tag=eloabder-20&linkCode=osi&th=1&psc=1">View Product</a></div><div class="product"><a href="https://www.amazon.com/dp/B078JBZBW5?tag=eloabder-20&linkCode=osi&th=1&psc=1"><img src="https://m.media-amazon.com/images/I/51J1qgzr8uL._SL500_.jpg" alt="Product Image"></a><p>Melinda’s Hot Sauce Variety Pack - Extra Spicy Gourmet Hot Sauce Gift Set with Variety of Heat Levels - Includes XXXXtra Reserve, Garlic Habanero, Extra Hot, Mango, Ghost Pepper- 5 oz, 5 Pack</p><p>$21.99 ($0.88 / Fl Oz)</p><a href="https://www.amazon.com/dp/B078JBZBW5?tag=eloabder-20&linkCode=osi&th=1&psc=1">View Product</a></div><div class="product"><a href="https://www.amazon.com/dp/B0BL864XMH?tag=eloabder-20&linkCode=osi&th=1&psc=1"><img src="https://m.media-amazon.com/images/I/51+63Ag8ApL._SL500_.jpg" alt="Product Image"></a><p>Dave's Gourmet Creamy Hot Sauce Variety 4-Pack - Moderate Heat for Flavoring Your Favorite Food</p><p>$30.99 ($0.97 / Ounce)</p><a href="https://www.amazon.com/dp/B0BL864XMH?tag=eloabder-20&linkCode=osi&th=1&psc=1">View Product</a></div>
<div class="product"><a href="https://www.amazon.com/dp/B07WT6GP2F?tag=eloabder-20&linkCode=osi&th=1&psc=1"><img src="https://m.media-amazon.com/images/I/41mEgBeglEL._SL500_.jpg" alt="Product Image"></a><p>Lindt Mini Pralines, Assorted Chocolate Pralines with Premium Filling, Great for gift giving, 6.2 oz Box</p><p>$16.49 ($2.66 / Ounce)</p><a href="https://www.amazon.com/dp/B07WT6GP2F?tag=eloabder-20&linkCode=osi&th=1&psc=1">View Product</a></div><div class="product"><a href="https://www.amazon.com/dp/B01BDI89SW?tag=eloabder-20&linkCode=osi&th=1&psc=1"><img src="https://m.media-amazon.com/images/I/61w5wYyxzKL._SL500_.jpg" alt="Product Image"></a><p>Ferrero Collection, 24 Count, Premium Gourmet Assorted Hazelnut Milk Chocolate, Dark Chocolate and Coconut, 9.1 oz</p><p>$11.97 ($1.32 / Ounce)</p><a href="https://www.amazon.com/dp/B01BDI89SW?tag=eloabder-20&linkCode=osi&th=1&psc=1">View Product</a></div><div class="product"><a href="https://www.amazon.com/dp/B0BHTWFQ5X?tag=eloabder-20&linkCode=osi&th=1&psc=1"><img src="https://m.media-amazon.com/images/I/41K-mIm1WNL._SL500_.jpg" alt="Product Image"></a><p>Lindt LINDOR Assorted Chocolate Truffles 90 Count Gift Box, Chocolate Candy with Smooth, Melting Truffle Center, 38.4 oz. Box</p><p>$33.95 ($0.88 / Ounce)</p><a href="https://www.amazon.com/dp/B0BHTWFQ5X?tag=eloabder-20&linkCode=osi&th=1&psc=1">View Product</a></div><div class="product"><a href="https://www.amazon.com/dp/B00UXI3PLU?tag=eloabder-20&linkCode=osi&th=1&psc=1"><img src="https://m.media-amazon.com/images/I/41Jw-Ek4+CL._SL500_.jpg" alt="Product Image"></a><p>Lindt LINDOR Milk Chocolate Candy Truffles, Milk Chocolate with Melting Truffle Center, 15.2 oz. Bag</p><p>$12.18 ($0.80 / Ounce)</p><a href="https://www.amazon.com/dp/B00UXI3PLU?tag=eloabder-20&linkCode=osi&th=1&psc=1">View Product</a></div>
<div class="product"><a href="https://www.amazon.com/dp/B000SDKDM4?tag=eloabder-20&linkCode=osi&th=1&psc=1"><img src="https://m.media-amazon.com/images/I/41L+oJp7MmL._SL500_.jpg" alt="Product Image"></a><p>Lavazza Super Crema Whole Bean Coffee Blend, light-Medium Espresso Roast, 2.2 Pound (Pack of 1) ,Premium Quality, Aromatic, Mild and creamy</p><p>$18.49 ($0.53 / Ounce)</p><a href="https://www.amazon.com/dp/B000SDKDM4?tag=eloabder-20&linkCode=osi&th=1&psc=1">View Product</a></div><div class="product"><a href="https://www.amazon.com/dp/B0721BGRS9?tag=eloabder-20&linkCode=osi&th=1&psc=1"><img src="https://m.media-amazon.com/images/I/41tHHVMfguL._SL500_.jpg" alt="Product Image"></a><p>Amazon Fresh, Dark Roast, Whole Bean Coffee, 32 Oz</p><p>$19.18 ($0.60 / Ounce)</p><a href="https://www.amazon.com/dp/B0721BGRS9?tag=eloabder-20&linkCode=osi&th=1&psc=1">View Product</a></div><div class="product"><a href="https://www.amazon.com/dp/B003GV7JFE?tag=eloabder-20&linkCode=osi&th=1&psc=1"><img src="https://m.media-amazon.com/images/I/41IKY6hLa9L._SL500_.jpg" alt="Product Image"></a><p>Eight O'Clock Coffee Whole Bean, The Original, 42 Ounce</p><p>$13.98</p><a href="https://www.amazon.com/dp/B003GV7JFE?tag=eloabder-20&linkCode=osi&th=1&psc=1">View Product</a></div><div class="product"><a href="https://www.amazon.com/dp/B07171HMF5?tag=eloabder-20&linkCode=osi&th=1&psc=1"><img src="https://m.media-amazon.com/images/I/41EBDHFVYVL._SL500_.jpg" alt="Product Image"></a><p>Mt. Comfort Coffee Organic Peru Medium Roast, 2.5 Pounds - Flavor Notes of Nutty, Chocolate, & Citrus - Sourced From Small, Peruvian Coffee Farms - Roasted Whole Beans</p><p>$23.19 ($0.58 / Ounce)</p><a href="https://www.amazon.com/dp/B07171HMF5?tag=eloabder-20&linkCode=osi&th=1&psc=1">View Product</a></div><div class="product"><a href="https://www.amazon.com/dp/B006Y7WAHE?tag=eloabder-20&linkCode=osi&th=1&psc=1"><img src="https://m.media-amazon.com/images/I/31VxnI1AuQL._SL500_.jpg" alt="Product Image"></a><p>Cameron's Coffee Roasted Whole Bean Coffee, Breakfast Blend, 32 Ounce, (Pack of 1)</p><p>$10.98 ($0.34 / Ounce)</p><a href="https://www.amazon.com/dp/B006Y7WAHE?tag=eloabder-20&linkCode=osi&th=1&psc=1">View Product</a></div><div class="product"><a href="https://www.amazon.com/dp/B0002E2GQU?tag=eloabder-20&linkCode=osi&th=1&psc=1"><img src="https://m.media-amazon.com/images/I/41f+StbrprL._SL500_.jpg" alt="Product Image"></a><p>Lavazza Crema E Aroma Whole Bean Coffee Blend, 2.2-Pound Bag , Balanced medium roast with an intense, earthy flavor and long lasting crema, Non-GMO</p><p>$17.99 ($0.51 / Ounce)</p><a href="https://www.amazon.com/dp/B0002E2GQU?tag=eloabder-20&linkCode=osi&th=1&psc=1">View Product</a></div><div class="product"><a href="https://www.amazon.com/dp/B005OJ4X32?tag=eloabder-20&linkCode=osi&th=1&psc=1"><img src="https://m.media-amazon.com/images/I/31GzxEGJ-1L._SL500_.jpg" alt="Product Image"></a><p>Lavazza Espresso Barista Gran Crema Whole Bean Coffee Blend, Medium Espresso Roast, Oz Bag (Packaging May Vary) - 2.2 LB, 35.2 Ounce</p><p>$17.99 ($0.51 / Ounce)</p><a href="https://www.amazon.com/dp/B005OJ4X32?tag=eloabder-20&linkCode=osi&th=1&psc=1">View Product</a></div><div class="product"><a href="https://www.amazon.com/dp/B003YVRX5W?tag=eloabder-20&linkCode=osi&th=1&psc=1"><img src="https://m.media-amazon.com/images/I/41Ioxmr1WhL._SL500_.jpg" alt="Product Image"></a><p>Tim Hortons Whole Bean Original, Medium Roast Coffee, Made with 100% Arabica Beans, 32 Ounce Bag</p><p>$15.68 ($0.49 / Ounce)</p><a href="https://www.amazon.com/dp/B003YVRX5W?tag=eloabder-20&linkCode=osi&th=1&psc=1">View Product</a></div><div class="product"><a href="https://www.amazon.com/dp/B016RY0LWO?tag=eloabder-20&linkCode=osi&th=1&psc=1"><img src="https://m.media-amazon.com/images/I/41I6lHKpWrL._SL500_.jpg" alt="Product Image"></a><p>Lavazza Espresso Italiano Whole Bean Coffee Blend, Medium Roast,Premium Quality Arabic, 2.2 Pound (Pack of 1) (Packaging may vary)</p><p>$14.98 ($0.43 / Ounce)</p><a href="https://www.amazon.com/dp/B016RY0LWO?tag=eloabder-20&linkCode=osi&th=1&psc=1">View Product</a></div>
<div class="product"><a href="https://www.amazon.com/dp/B09ZMVM3XJ?tag=eloabder-20&linkCode=osi&th=1&psc=1"><img src="https://m.media-amazon.com/images/I/51IRO3xhEKL._SL500_.jpg" alt="Product Image"></a><p>Gardenika Organic Loose Leaf Tea Sampler – 8 Pack, 1 LB – Herbal and Naturally Caffeine-Free Set - Ayurvedic Assortment Blend</p><p>$29.95 ($29.95 / Count)</p><a href="https://www.amazon.com/dp/B09ZMVM3XJ?tag=eloabder-20&linkCode=osi&th=1&psc=1">View Product</a></div><div class="product"><a href="https://www.amazon.com/dp/B0CVTGJHK9?tag=eloabder-20&linkCode=osi&th=1&psc=1"><img src="https://m.media-amazon.com/images/I/51J-jqFqytL._SL500_.jpg" alt="Product Image"></a><p>Lyon DIY Tea Blending Set-16 Tin Variety Pack-Premium Herbal Tea & Exotic Floral/Fruit Flavor Infusers - Create 75+ Cups w/Assorted Teas, Oolong, Chamomile, Rose, Peach & More</p><p>$44.95 ($6.25 / Ounce)</p><a href="https://www.amazon.com/dp/B0CVTGJHK9?tag=eloabder-20&linkCode=osi&th=1&psc=1">View Product</a></div><div class="product"><a href="https://www.amazon.com/dp/B01AJBV0US?tag=eloabder-20&linkCode=osi&th=1&psc=1"><img src="https://m.media-amazon.com/images/I/516u5DAm7GL._SL500_.jpg" alt="Product Image"></a><p>Tiesta Tea - Lavender Chamomile | Soft Chamomile Herbal Tea | Premium Loose Leaf Tea Blend | Non Caffeinated Herbal Tea | Make Hot or Iced Tea & Brews Up to 25 Cups - 0.9 Ounce Resealable Pouch</p><p>$4.99 ($5.54 / Ounce)</p><a href="https://www.amazon.com/dp/B01AJBV0US?tag=eloabder-20&linkCode=osi&th=1&psc=1">View Product</a></div><div class="product"><a href="https://www.amazon.com/dp/B08VF85JJF?tag=eloabder-20&linkCode=osi&th=1&psc=1"><img src="https://m.media-amazon.com/images/I/517Ac4bB6FL._SL500_.jpg" alt="Product Image"></a><p>Tiesta Tea Top 8 Favorites Sampler Set, Up to 80 Cups, High to No Caffeine, Hot & Iced Tea, Loose Leaf Tea Variety Pack with Green, Herbal, Black & Chai Tea, 8 Sample Pouches</p><p>$22.95 ($3.59 / Ounce)</p><a href="https://www.amazon.com/dp/B08VF85JJF?tag=eloabder-20&linkCode=osi&th=1&psc=1">View Product</a></div><div class="product"><a href="https://www.amazon.com/dp/B08MWDTNTZ?tag=eloabder-20&linkCode=osi&th=1&psc=1"><img src="https://m.media-amazon.com/images/I/51M1TNYBU7L._SL500_.jpg" alt="Product Image"></a><p>Tetley British Blend Premium Black Tea, 320 Tea Bags, Rainforest Alliance Certified, 320 Count (Pack of 1)</p><p>$15.92 ($0.05 / Count)</p><a href="https://www.amazon.com/dp/B08MWDTNTZ?tag=eloabder-20&linkCode=osi&th=1&psc=1">View Product</a></div><div class="product"><a href="https://www.amazon.com/dp/B086R8PDZV?tag=eloabder-20&linkCode=osi&th=1&psc=1"><img src="https://m.media-amazon.com/images/I/41nHau5YdVL._SL500_.jpg" alt="Product Image"></a><p>Buddha Teas - Organic Mushroom Wellness Blend - Herbal Tea - For Health & Wellbeing - With Antioxidants & Minerals - Clean Ingredients - Caffeine Free - OU Kosher & Non-GMO - 18 Tea Bags (Pack of 1).</p><p>$8.25 ($0.46 / Count)</p><a href="https://www.amazon.com/dp/B086R8PDZV?tag=eloabder-20&linkCode=osi&th=1&psc=1">View Product</a></div><div class="product"><a href="https://www.amazon.com/dp/B07CGW59KH?tag=eloabder-20&linkCode=osi&th=1&psc=1"><img src="https://m.media-amazon.com/images/I/611h06lvlUL._SL500_.jpg" alt="Product Image"></a><p>Loose Leaf Tea Sampler Create Your Own Tea Blend Starter Kit w/Sencha, Rooibos, China Black, & Ginger, Lavender, Rose, Lemongrass, Hibiscus Spices</p><p>$29.99</p><a href="https://www.amazon.com/dp/B07CGW59KH?tag=eloabder-20&linkCode=osi&th=1&psc=1">View Product</a></div><div class="product"><a href="https://www.amazon.com/dp/B0CT8JGNB8?tag=eloabder-20&linkCode=osi&th=1&psc=1"><img src="https://m.media-amazon.com/images/I/411PWQNU6BL._SL500_.jpg" alt="Product Image"></a><p>120 Premium Turmeric, Ginger, Cinnamon Blend Tea Bags, 100% Natural & No Additives & Caffeine Free.</p><p>$14.95 ($0.12 / Count)</p><a href="https://www.amazon.com/dp/B0CT8JGNB8?tag=eloabder-20&linkCode=osi&th=1&psc=1">View Product</a></div><div class="product"><a href="https://www.amazon.com/dp/B00OS96DVY?tag=eloabder-20&linkCode=osi&th=1&psc=1"><img src="https://m.media-amazon.com/images/I/51-sK6ajnML._SL500_.jpg" alt="Product Image"></a><p>Harney & Sons Tower of London Black Tea with Vanilla, Black Currant, Caramel, and Honey | 30 sachets, Historic Royal Palaces Collection</p><p>$10.33 ($3.90 / Ounce)</p><a href="https://www.amazon.com/dp/B00OS96DVY?tag=eloabder-20&linkCode=osi&th=1&psc=1">View Product</a></div><div class="product"><a href="https://www.amazon.com/dp/B0BHYBHVJ6?tag=eloabder-20&linkCode=osi&th=1&psc=1"><img src="https://m.media-amazon.com/images/I/51F9trJcmdL._SL500_.jpg" alt="Product Image"></a><p>Organic Sleep Blend Herbal Tea - 50 Packets - Natural Chamomile, Peppermint, Fennel And Tulsi Teabags - USDA Certified 100% Non-GMO - Decaffeinated Designer Gift Tin</p><p>$8.69 ($0.17 / Count)</p><a href="https://www.amazon.com/dp/B0BHYBHVJ6?tag=eloabder-20&linkCode=osi&th=1&psc=1">View Product</a></div>
<div class="product"><a href="https://www.amazon.com/dp/B0BVXD8CX3?tag=eloabder-20&linkCode=osi&th=1&psc=1"><img src="https://m.media-amazon.com/images/I/51hkEiL7c8L._SL500_.jpg" alt="Product Image"></a><p>Simply Organic Herbs, Spices and Seasonings Assorted Variety Sampler Gift Set - By Veher (24-Pack)</p><p>$142.95 ($5.96 / Ounce)</p><a href="https://www.amazon.com/dp/B0BVXD8CX3?tag=eloabder-20&linkCode=osi&th=1&psc=1">View Product</a></div><div class="product"><a href="https://www.amazon.com/dp/B094WXH3KP?tag=eloabder-20&linkCode=osi&th=1&psc=1"><img src="https://m.media-amazon.com/images/I/51mqUk3dM1L._SL500_.jpg" alt="Product Image"></a><p>eonou Encore Seasonings and Spices 10 pk - Premium Cooking Spices and Herbs (Oregano, Rosemary, Basil, Parsley, Italian Seasoning, Cumin, Steak Spice, Chopped Onion, Onion Powder, Thyme)</p><p>$19.99 ($2.00 / Count)</p><a href="https://www.amazon.com/dp/B094WXH3KP?tag=eloabder-20&linkCode=osi&th=1&psc=1">View Product</a></div><div class="product"><a href="https://www.amazon.com/dp/B072N9BLHS?tag=eloabder-20&linkCode=osi&th=1&psc=1"><img src="https://m.media-amazon.com/images/I/519zkN7EgWL._SL500_.jpg" alt="Product Image"></a><p>The Spice Way Herbes De Provence - | 4oz | fresh herbs and spice seasoning</p><p>$6.99 ($1.75 / Ounce)</p><a href="https://www.amazon.com/dp/B072N9BLHS?tag=eloabder-20&linkCode=osi&th=1&psc=1">View Product</a></div><div class="product"><a href="https://www.amazon.com/dp/B0761Z81ZK?tag=eloabder-20&linkCode=osi&th=1&psc=1"><img src="https://m.media-amazon.com/images/I/51tYgb8ntBL._SL500_.jpg" alt="Product Image"></a><p>McCormick Grill Mates Roasted Garlic & Herb Seasoning, 9.25 oz</p><p>$7.43 ($0.80 / Ounce)</p><a href="https://www.amazon.com/dp/B0761Z81ZK?tag=eloabder-20&linkCode=osi&th=1&psc=1">View Product</a></div><div class="product"><a href="https://www.amazon.com/dp/B00CQ7K9J2?tag=eloabder-20&linkCode=osi&th=1&psc=1"><img src="https://m.media-amazon.com/images/I/317BBm1p-TL._SL500_.jpg" alt="Product Image"></a><p>Bragg Sprinkle Herbs and Spices - Salt Free Seasoning, 1.5oz, Single</p><p>$6.99 ($4.66 / Ounce)</p><a href="https://www.amazon.com/dp/B00CQ7K9J2?tag=eloabder-20&linkCode=osi&th=1&psc=1">View Product</a></div><div class="product"><a href="https://www.amazon.com/dp/B003H2S2KI?tag=eloabder-20&linkCode=osi&th=1&psc=1"><img src="https://m.media-amazon.com/images/I/41mr0wk+3mL._SL500_.jpg" alt="Product Image"></a><p>Badia Herbs De Provence, 8 Ounces</p><p>$6.26 ($0.78 / Ounce)</p><a href="https://www.amazon.com/dp/B003H2S2KI?tag=eloabder-20&linkCode=osi&th=1&psc=1">View Product</a></div><div class="product"><a href="https://www.amazon.com/dp/B0BQ4VRJBL?tag=eloabder-20&linkCode=osi&th=1&psc=1"><img src="https://m.media-amazon.com/images/I/41ZxLNNd8mL._SL500_.jpg" alt="Product Image"></a><p>Weber Roasted Garlic & Herb Seasoning, 5.5 Ounce Shaker</p><p>$2.82 ($0.51 / Ounce)</p><a href="https://www.amazon.com/dp/B0BQ4VRJBL?tag=eloabder-20&linkCode=osi&th=1&psc=1">View Product</a></div><div class="product"><a href="https://www.amazon.com/dp/B08KRC7V7J?tag=eloabder-20&linkCode=osi&th=1&psc=1"><img src="https://m.media-amazon.com/images/I/4170CYnZ9WL._SL500_.jpg" alt="Product Image"></a><p>McCormick Salt Free Garlic and Herb Seasoning, 4.37 oz</p><p>$4.68 ($1.07 / Ounce)</p><a href="https://www.amazon.com/dp/B08KRC7V7J?tag=eloabder-20&linkCode=osi&th=1&psc=1">View Product</a></div><div class="product"><a href="https://www.amazon.com/dp/B00IX4WUTY?tag=eloabder-20&linkCode=osi&th=1&psc=1"><img src="https://m.media-amazon.com/images/I/51TAH1ijkqS._SL500_.jpg" alt="Product Image"></a><p>Bragg Sprinkle Herbs and Spices Seasoning, 1.5oz, 3 Pack</p><p>$20.27 ($13.51 / Ounce)</p><a href="https://www.amazon.com/dp/B00IX4WUTY?tag=eloabder-20&linkCode=osi&th=1&psc=1">View Product</a></div>
<div class="product"><a href="https://www.amazon.com/dp/B0BWSKYV63?tag=eloabder-20&linkCode=osi&th=1&psc=1"><img src="https://m.media-amazon.com/images/I/51Q5Je2yRhL._SL500_.jpg" alt="Product Image"></a><p>Welch's Fruit Snacks, Mixed Fruit, Perfect Easter Basket Stuffers, Gluten Free, Bulk Pack, Individual Single Serve Bags, 0.8 oz (Pack of 40)</p><p>$7.99 ($0.25 / Ounce)</p><a href="https://www.amazon.com/dp/B0BWSKYV63?tag=eloabder-20&linkCode=osi&th=1&psc=1">View Product</a></div><div class="product"><a href="https://www.amazon.com/dp/B08826B2XL?tag=eloabder-20&linkCode=osi&th=1&psc=1"><img src="https://m.media-amazon.com/images/I/61DT5pSYXFL._SL500_.jpg" alt="Product Image"></a><p>Frito Lay Ultimate Classic Snacks Package, Variety Assortment of Chips, Cookies, Crackers, & Nuts, (Pack of 40) (Packaging May Vary)</p><p>$26.91</p><a href="https://www.amazon.com/dp/B08826B2XL?tag=eloabder-20&linkCode=osi&th=1&psc=1">View Product</a></div><div class="product"><a href="https://www.amazon.com/dp/B013OY25GA?tag=eloabder-20&linkCode=osi&th=1&psc=1"><img src="https://m.media-amazon.com/images/I/51FlSjX95aL._SL500_.jpg" alt="Product Image"></a><p>Snack Pack Chocolate and Vanilla Flavored Pudding Cups Family Pack, 12 Count Pudding Cups (6 Pack)</p><p>$3.27 ($0.01 / Ounce)</p><a href="https://www.amazon.com/dp/B013OY25GA?tag=eloabder-20&linkCode=osi&th=1&psc=1">View Product</a></div><div class="product"><a href="https://www.amazon.com/dp/B0BWSLB73Z?tag=eloabder-20&linkCode=osi&th=1&psc=1"><img src="https://m.media-amazon.com/images/I/51RWXG4OG6L._SL500_.jpg" alt="Product Image"></a><p>Welch's Fruit Snacks, Fruit Punch & Island Fruits Variety Pack, Perfect for School Lunches, Gluten Free, Bulk Pack, 0.8 oz Individual Single Serve Bags (Pack of 40)</p><p>$8.49 ($0.21 / Count)</p><a href="https://www.amazon.com/dp/B0BWSLB73Z?tag=eloabder-20&linkCode=osi&th=1&psc=1">View Product</a></div><div class="product"><a href="https://www.amazon.com/dp/B09FFXR2VV?tag=eloabder-20&linkCode=osi&th=1&psc=1"><img src="https://m.media-amazon.com/images/I/51SZiftXwcL._SL500_.jpg" alt="Product Image"></a><p>The Only Bean Crunchy Dry Roasted Edamame Snacks (Sea Salt), Keto Snack Food, High Protein (11g) Healthy Snacks, Low Carb Gluten Free Office Vegan Food 100 Calorie Snack Pack, 0.9oz 10 Pack</p><p>$12.72 ($1.41 / Ounce)</p><a href="https://www.amazon.com/dp/B09FFXR2VV?tag=eloabder-20&linkCode=osi&th=1&psc=1">View Product</a></div><div class="product"><a href="https://www.amazon.com/dp/B072151Q32?tag=eloabder-20&linkCode=osi&th=1&psc=1"><img src="https://m.media-amazon.com/images/I/41Rlgfdz90L._SL500_.jpg" alt="Product Image"></a><p>Dole Fruit Bowls No Sugar Added Variety Pack Snacks, Peaches, Mandarin Oranges & Cherry Mixed Fruit, 4oz 12 Cups, Gluten & Dairy Free, Bulk Lunch Snacks for Kids & Adults</p><p>$6.74 ($0.56 / Count)</p><a href="https://www.amazon.com/dp/B072151Q32?tag=eloabder-20&linkCode=osi&th=1&psc=1">View Product</a></div><div class="product"><a href="https://www.amazon.com/dp/B084RDDFGR?tag=eloabder-20&linkCode=osi&th=1&psc=1"><img src="https://m.media-amazon.com/images/I/41eLMpoHGkL._SL500_.jpg" alt="Product Image"></a><p>Kellogg's Rice Krispies Treats, Crispy Marshmallow Squares, Original, School Lunch Snack, 41.9oz Case (54 Count)</p><p>$13.49 ($0.32 / Ounce)</p><a href="https://www.amazon.com/dp/B084RDDFGR?tag=eloabder-20&linkCode=osi&th=1&psc=1">View Product</a></div><div class="product"><a href="https://www.amazon.com/dp/B00G2XNSWQ?tag=eloabder-20&linkCode=osi&th=1&psc=1"><img src="https://m.media-amazon.com/images/I/411XH1pQP8L._SL500_.jpg" alt="Product Image"></a><p>Nutella & GO! Bulk 12 Pack, Hazelnut and Cocoa Spread with Breadsticks, Snack Cups for Kids, 1.8 oz Each</p><p>$11.99 ($0.56 / Ounce)</p><a href="https://www.amazon.com/dp/B00G2XNSWQ?tag=eloabder-20&linkCode=osi&th=1&psc=1">View Product</a></div><div class="product"><a href="https://www.amazon.com/dp/B00KR7PKTC?tag=eloabder-20&linkCode=osi&th=1&psc=1"><img src="https://m.media-amazon.com/images/I/414UW7g-s5L._SL500_.jpg" alt="Product Image"></a><p>Cheez-It Cheese Crackers, Baked Snack Crackers, Lunch Snacks, Variety Pack, 12.1oz Box (12 Packs)</p><p>$5.82 ($0.48 / Ounce)</p><a href="https://www.amazon.com/dp/B00KR7PKTC?tag=eloabder-20&linkCode=osi&th=1&psc=1">View Product</a></div><div class="product"><a href="https://www.amazon.com/dp/B078D7MGY5?tag=eloabder-20&linkCode=osi&th=1&psc=1"><img src="https://m.media-amazon.com/images/I/41ttxloA1AL._SL500_.jpg" alt="Product Image"></a><p>Pringles Potato Crisps Chips, Lunch Snacks, On-the-Go Snacks, Snack Stacks, Variety Pack, 19.3oz Box (27 Cups)</p><p>$12.99 ($0.67 / Ounce)</p><a href="https://www.amazon.com/dp/B078D7MGY5?tag=eloabder-20&linkCode=osi&th=1&psc=1">View Product</a></div>
<div class="product"><a href="https://www.amazon.com/dp/B0C5YLP6PC?tag=eloabder-20&linkCode=osi&th=1&psc=1"><img src="https://m.media-amazon.com/images/I/41Ru-8CxkhL._SL500_.jpg" alt="Product Image"></a><p>3 Pack, Gluten Free Potato Gnocchi, Cooks in 2-3 minutes, (3 x 1 lb), Italian Gnocchi, Product of Italy, NON GMO, Eggs Free, Vegan, by L'Oro Del Sud</p><p>$17.99 ($1.12 / Ounce)</p><a href="https://www.amazon.com/dp/B0C5YLP6PC?tag=eloabder-20&linkCode=osi&th=1&psc=1">View Product</a></div><div class="product"><a href="https://www.amazon.com/dp/B09Q98H64R?tag=eloabder-20&linkCode=osi&th=1&psc=1"><img src="https://m.media-amazon.com/images/I/5101NV4WQOL._SL500_.jpg" alt="Product Image"></a><p>Kraft Gluten Free Original Mac & Cheese Macaroni and Cheese Dinner, 4 ct Pack, 1.9 oz Cups</p><p>$6.49 ($0.85 / Ounce)</p><a href="https://www.amazon.com/dp/B09Q98H64R?tag=eloabder-20&linkCode=osi&th=1&psc=1">View Product</a></div><div class="product"><a href="https://www.amazon.com/dp/B0BRBWXDTK?tag=eloabder-20&linkCode=osi&th=1&psc=1"><img src="https://m.media-amazon.com/images/I/41Di2iNnMJL._SL500_.jpg" alt="Product Image"></a><p>Katz Gluten Free Oatmeal Crème Pies| Dairy Free, Nut Free, Soy Free, Gluten Free | Kosher (1 Pack 6.3 Ounce)</p><p>$12.99 ($2.16 / Ounce)</p><a href="https://www.amazon.com/dp/B0BRBWXDTK?tag=eloabder-20&linkCode=osi&th=1&psc=1">View Product</a></div><div class="product"><a href="https://www.amazon.com/dp/B01JJ9H1Q8?tag=eloabder-20&linkCode=osi&th=1&psc=1"><img src="https://m.media-amazon.com/images/I/41EC1yykptL._SL500_.jpg" alt="Product Image"></a><p>King Arthur, Measure for Measure Flour, Certified Gluten-Free, Non-GMO Project Verified, Certified Kosher, 3 Pounds, Packaging May Vary</p><p>$8.62 ($0.18 / Ounce)</p><a href="https://www.amazon.com/dp/B01JJ9H1Q8?tag=eloabder-20&linkCode=osi&th=1&psc=1">View Product</a></div><div class="product"><a href="https://www.amazon.com/dp/B07CL1SRNB?tag=eloabder-20&linkCode=osi&th=1&psc=1"><img src="https://m.media-amazon.com/images/I/51jpv3MCzgL._SL500_.jpg" alt="Product Image"></a><p>Snyder's of Hanover, Gluten Free Pretzels, 8 Oz</p><p>$4.89 ($0.61 / Ounce)</p><a href="https://www.amazon.com/dp/B07CL1SRNB?tag=eloabder-20&linkCode=osi&th=1&psc=1">View Product</a></div><div class="product"><a href="https://www.amazon.com/dp/B004TSXNIA?tag=eloabder-20&linkCode=osi&th=1&psc=1"><img src="https://m.media-amazon.com/images/I/5137tUox+SL._SL500_.jpg" alt="Product Image"></a><p>Annie's Gluten Free Cocoa and Vanilla Bunny Cookies, 6.75 oz</p><p>$4.22 ($0.62 / Ounce)</p><a href="https://www.amazon.com/dp/B004TSXNIA?tag=eloabder-20&linkCode=osi&th=1&psc=1">View Product</a></div><div class="product"><a href="https://www.amazon.com/dp/B00GI9B84O?tag=eloabder-20&linkCode=osi&th=1&psc=1"><img src="https://m.media-amazon.com/images/I/41e7kO-b3WS._SL500_.jpg" alt="Product Image"></a><p>Mom's Place Gluten Free Beef Stroganoff Mix</p><p>$5.99 ($5.99 / Count)</p><a href="https://www.amazon.com/dp/B00GI9B84O?tag=eloabder-20&linkCode=osi&th=1&psc=1">View Product</a></div><div class="product"><a href="https://www.amazon.com/dp/B0BXQWVL1Q?tag=eloabder-20&linkCode=osi&th=1&psc=1"><img src="https://m.media-amazon.com/images/I/413idrGl7fL._SL500_.jpg" alt="Product Image"></a><p>Simple Mills Almond Flour Snack Bars (Chocolate Brownie) with Organic Coconut Oil, Chia Seeds, Sunflower Seeds, and Flax Seeds, 6oz, 1 Count</p><p>$4.50 ($0.75 / Ounce)</p><a href="https://www.amazon.com/dp/B0BXQWVL1Q?tag=eloabder-20&linkCode=osi&th=1&psc=1">View Product</a></div><div class="product"><a href="https://www.amazon.com/dp/B09Z9QV2CT?tag=eloabder-20&linkCode=osi&th=1&psc=1"><img src="https://m.media-amazon.com/images/I/41pnXqKjS7L._SL500_.jpg" alt="Product Image"></a><p>Mom's Place Gluten Free Biscuits & Gravy Mix</p><p>$8.99 ($0.67 / Ounce)</p><a href="https://www.amazon.com/dp/B09Z9QV2CT?tag=eloabder-20&linkCode=osi&th=1&psc=1">View Product</a></div>
<div class="product"><a href="https://www.amazon.com/dp/B0BNZF5CCM?tag=eloabder-20&linkCode=osi&th=1&psc=1"><img src="https://m.media-amazon.com/images/I/61ZB1KesX-L._SL500_.jpg" alt="Product Image"></a><p>Midi International Snack Box | Premium Exotic Foreign Snacks | Unique Snack Food Gifts Included | Purple Theme Box | Candies from Around the World | 12 Full-Size + 1 Bonus Snacks</p><p>$14.95 ($14.95 / Count)</p><a href="https://www.amazon.com/dp/B0BNZF5CCM?tag=eloabder-20&linkCode=osi&th=1&psc=1">View Product</a></div><div class="product"><a href="https://www.amazon.com/dp/B08W72N8SM?tag=eloabder-20&linkCode=osi&th=1&psc=1"><img src="https://m.media-amazon.com/images/I/61UC7bprqkL._SL500_.jpg" alt="Product Image"></a><p>Midi International Snack Box | Premium Exotic Foreign Snacks | Unique Snack Food Gifts Included | Fantastic Space Theme | Candies from Around the World | 12 Full-Size + 1 Bonus Snacks</p><p>$14.99 ($1.25 / Count)</p><a href="https://www.amazon.com/dp/B08W72N8SM?tag=eloabder-20&linkCode=osi&th=1&psc=1">View Product</a></div><div class="product"><a href="https://www.amazon.com/dp/B0C6PRVVJY?tag=eloabder-20&linkCode=osi&th=1&psc=1"><img src="https://m.media-amazon.com/images/I/61o8Z3EzSnL._SL500_.jpg" alt="Product Image"></a><p>International Exotic Snack Box Variety Pack, 22 Count Premium Foreign Rare Snack Food Gifts with Suprise Item for Fun, Mystery Box of Snacks, European Snacks for Adults and Kids</p><p>$29.95</p><a href="https://www.amazon.com/dp/B0C6PRVVJY?tag=eloabder-20&linkCode=osi&th=1&psc=1">View Product</a></div><div class="product"><a href="https://www.amazon.com/dp/B09T7B3QFJ?tag=eloabder-20&linkCode=osi&th=1&psc=1"><img src="https://m.media-amazon.com/images/I/61Xx7pPJCkL._SL500_.jpg" alt="Product Image"></a><p>Universal Yums International Snack Box | Variety Pack Of Chips, Candy, Chocolates, And Snacks From Around The World | Foreign Snacks For Office, Family, Gifts, And Parties | (50 Exotic Snacks)</p><p>$49.50</p><a href="https://www.amazon.com/dp/B09T7B3QFJ?tag=eloabder-20&linkCode=osi&th=1&psc=1">View Product</a></div><div class="product"><a href="https://www.amazon.com/dp/B08W71KXLS?tag=eloabder-20&linkCode=osi&th=1&psc=1"><img src="https://m.media-amazon.com/images/I/61dcTJQFmBL._SL500_.jpg" alt="Product Image"></a><p>Midi International Snack Box | Premium Exotic Foreign Snacks | Unique Snack Food Gifts Included | Picnic Box Theme | Candies from Around the World | 12 Full-Size + 1 Bonus Snacks</p><p>$14.99 ($14.99 / Count)</p><a href="https://www.amazon.com/dp/B08W71KXLS?tag=eloabder-20&linkCode=osi&th=1&psc=1">View Product</a></div><div class="product"><a href="https://www.amazon.com/dp/B09TG6WCBC?tag=eloabder-20&linkCode=osi&th=1&psc=1"><img src="https://m.media-amazon.com/images/I/61lmk368l0L._SL500_.jpg" alt="Product Image"></a><p>Midi International Snack Box (Fairy Tale Themed) | Snacks Variety Pack of International Treats | Foreign Snack Box Offering Unique Experience | Mix Care Pack of Turkish Candies | 12 Full-Size Snacks</p><p>$14.99 ($1.00 / Ounce)</p><a href="https://www.amazon.com/dp/B09TG6WCBC?tag=eloabder-20&linkCode=osi&th=1&psc=1">View Product</a></div><div class="product"><a href="https://www.amazon.com/dp/B0BNZCVDYQ?tag=eloabder-20&linkCode=osi&th=1&psc=1"><img src="https://m.media-amazon.com/images/I/61aTXvWjbSL._SL500_.jpg" alt="Product Image"></a><p>Midi International Snack Box | Premium Exotic Foreign Snacks | Unique Snack Food Gifts Included | Orange Nebula Space Theme | Candies from Around the World | 12 Full-Size + 1 Bonus Snacks</p><p>$14.99 ($14.99 / Count)</p><a href="https://www.amazon.com/dp/B0BNZCVDYQ?tag=eloabder-20&linkCode=osi&th=1&psc=1">View Product</a></div><div class="product"><a href="https://www.amazon.com/dp/B0CK8DWXS2?tag=eloabder-20&linkCode=osi&th=1&psc=1"><img src="https://m.media-amazon.com/images/I/511Z-FX62TL._SL500_.jpg" alt="Product Image"></a><p>Mega International Snack Box | Premium Exotic Foreign Snacks | Unique Snack Food Gifts Included | Try Extraordinary Turkish Snacks | Candies from Around the World | 32+1 Full-Size Snacks</p><p>$39.95 ($1.00 / Ounce)</p><a href="https://www.amazon.com/dp/B0CK8DWXS2?tag=eloabder-20&linkCode=osi&th=1&psc=1">View Product</a></div><div class="product"><a href="https://www.amazon.com/dp/B0CGRMR7VN?tag=eloabder-20&linkCode=osi&th=1&psc=1"><img src="https://m.media-amazon.com/images/I/51PgWRUNnkL._SL500_.jpg" alt="Product Image"></a><p>Turkish Foreign Snack Box, Gourmet Turkish Food Gift Box, Variety of Unique Sweets and Savory Snacks from Turkey - International Snacks Box - Full Sized Snacks - 24ct</p><p>$23.99 ($1.00 / Count)</p><a href="https://www.amazon.com/dp/B0CGRMR7VN?tag=eloabder-20&linkCode=osi&th=1&psc=1">View Product</a></div>
<div class="product"><a href="https://www.amazon.com/dp/B001EQ5NHE?tag=eloabder-20&linkCode=osi&th=1&psc=1"><img src="https://m.media-amazon.com/images/I/51Kg06c5YuL._SL500_.jpg" alt="Product Image"></a><p>Spam Classic, 12 Ounce Can (Pack of 12)</p><p>$28.32 ($0.20 / Ounce)</p><a href="https://www.amazon.com/dp/B001EQ5NHE?tag=eloabder-20&linkCode=osi&th=1&psc=1">View Product</a></div><div class="product"><a href="https://www.amazon.com/dp/B08DQ6422D?tag=eloabder-20&linkCode=osi&th=1&psc=1"><img src="https://m.media-amazon.com/images/I/51-xOj2EbVL._SL500_.jpg" alt="Product Image"></a><p>Del Monte Cut Blue Lake Green Beans With No Added Salt 14.5 Oz,(Pack of 4)</p><p>$5.28 ($0.09 / Ounce)</p><a href="https://www.amazon.com/dp/B08DQ6422D?tag=eloabder-20&linkCode=osi&th=1&psc=1">View Product</a></div><div class="product"><a href="https://www.amazon.com/dp/B089PMW6C3?tag=eloabder-20&linkCode=osi&th=1&psc=1"><img src="https://m.media-amazon.com/images/I/41fKtFm2RAL._SL500_.jpg" alt="Product Image"></a><p>SpaghettiOs Canned Pasta with Meatballs, 15.6 oz Can (Pack of 12)</p><p>$11.44 ($0.06 / Ounce)</p><a href="https://www.amazon.com/dp/B089PMW6C3?tag=eloabder-20&linkCode=osi&th=1&psc=1">View Product</a></div><div class="product"><a href="https://www.amazon.com/dp/B006VS7C60?tag=eloabder-20&linkCode=osi&th=1&psc=1"><img src="https://m.media-amazon.com/images/I/51adZb-RUeL._SL500_.jpg" alt="Product Image"></a><p>Campbell’s Pork and Beans, 11 Oz Can (Case of 24)</p><p>$20.64 ($0.08 / Ounce)</p><a href="https://www.amazon.com/dp/B006VS7C60?tag=eloabder-20&linkCode=osi&th=1&psc=1">View Product</a></div><div class="product"><a href="https://www.amazon.com/dp/B00CPDWTBI?tag=eloabder-20&linkCode=osi&th=1&psc=1"><img src="https://m.media-amazon.com/images/I/61M2-LCC5uL._SL500_.jpg" alt="Product Image"></a><p>DEL MONTE FRESH CUT Whole New Canned Potatoes, Canned Vegetables, 12 Pack, 14.5 oz Can</p><p>$17.76 ($0.10 / Ounce)</p><a href="https://www.amazon.com/dp/B00CPDWTBI?tag=eloabder-20&linkCode=osi&th=1&psc=1">View Product</a></div><div class="product"><a href="https://www.amazon.com/dp/B00TFPKEZM?tag=eloabder-20&linkCode=osi&th=1&psc=1"><img src="https://m.media-amazon.com/images/I/51VTHItyaXL._SL500_.jpg" alt="Product Image"></a><p>Del Monte Canned Fresh Cut French Style Green Beans, 8 Ounce (Pack of 12)</p><p>$16.68 ($0.17 / Ounce)</p><a href="https://www.amazon.com/dp/B00TFPKEZM?tag=eloabder-20&linkCode=osi&th=1&psc=1">View Product</a></div><div class="product"><a href="https://www.amazon.com/dp/B08WR5J62L?tag=eloabder-20&linkCode=osi&th=1&psc=1"><img src="https://m.media-amazon.com/images/I/51QjonsN18L._SL500_.jpg" alt="Product Image"></a><p>Chicken of the Sea Chunk Light Tuna in Water, Wild Caught Tuna, 5-Ounce Cans (Pack of 10)</p><p>$8.90 ($2.85 / lb)</p><a href="https://www.amazon.com/dp/B08WR5J62L?tag=eloabder-20&linkCode=osi&th=1&psc=1">View Product</a></div><div class="product"><a href="https://www.amazon.com/dp/B01MQ6BDM0?tag=eloabder-20&linkCode=osi&th=1&psc=1"><img src="https://m.media-amazon.com/images/I/51chxbCoRfL._SL500_.jpg" alt="Product Image"></a><p>Libby's Vienna Sausage in Chicken Broth, Canned Sausage, 4.6 OZ (Pack of 24)</p><p>$23.52 ($0.98 / Count)</p><a href="https://www.amazon.com/dp/B01MQ6BDM0?tag=eloabder-20&linkCode=osi&th=1&psc=1">View Product</a></div><div class="product"><a href="https://www.amazon.com/dp/B01NBFQ8TF?tag=eloabder-20&linkCode=osi&th=1&psc=1"><img src="https://m.media-amazon.com/images/I/41ijyPglLPL._SL500_.jpg" alt="Product Image"></a><p>Bush's Best Baked Beans, Country Style with Bacon and Brown Sugar, 8.3 OZ (Pack of 12)</p><p>$20.28 ($1.69 / Count)</p><a href="https://www.amazon.com/dp/B01NBFQ8TF?tag=eloabder-20&linkCode=osi&th=1&psc=1">View Product</a></div><div class="product"><a href="https://www.amazon.com/dp/B019YHSNGC?tag=eloabder-20&linkCode=osi&th=1&psc=1"><img src="https://m.media-amazon.com/images/I/51oHYkvLL0L._SL500_.jpg" alt="Product Image"></a><p>Bumble Bee Chunk Light Tuna In Water, 5 oz Cans (Pack of 24) - Wild Caught Skipjack Tuna - 23g Protein Per Serving - MSC Certified Sustainable Seafood, Non-GMO, Gluten Free, Kosher</p><p>$23.36 ($0.19 / Ounce)</p><a href="https://www.amazon.com/dp/B019YHSNGC?tag=eloabder-20&linkCode=osi&th=1&psc=1">View Product</a></div>
<div class="product"><a href="https://www.amazon.com/dp/B07KQNNW9K?tag=eloabder-20&linkCode=osi&th=1&psc=1"><img src="https://m.media-amazon.com/images/I/51EVSxp535L._SL500_.jpg" alt="Product Image"></a><p>HORMEL COMPLEATS Protein Variety Pack Microwave Trays (Pack of 5)</p><p>$14.99 ($0.33 / Ounce)</p><a href="https://www.amazon.com/dp/B07KQNNW9K?tag=eloabder-20&linkCode=osi&th=1&psc=1">View Product</a></div><div class="product"><a href="https://www.amazon.com/dp/B000V1JVAI?tag=eloabder-20&linkCode=osi&th=1&psc=1"><img src="https://m.media-amazon.com/images/I/51moeAwg0qL._SL500_.jpg" alt="Product Image"></a><p>HORMEL COMPLEATS Meatloaf & Gravy With Mashed Potatoes Microwave Tray, 9 oz. (6 Pack)</p><p>$13.68 ($0.25 / Ounce)</p><a href="https://www.amazon.com/dp/B000V1JVAI?tag=eloabder-20&linkCode=osi&th=1&psc=1">View Product</a></div><div class="product"><a href="https://www.amazon.com/dp/B001E55YXS?tag=eloabder-20&linkCode=osi&th=1&psc=1"><img src="https://m.media-amazon.com/images/I/51f7Q-awP2L._SL500_.jpg" alt="Product Image"></a><p>HORMEL COMPLEATS Beef Pot Roast Microwave Tray, 9 Ounce (Pack of 6)</p><p>$13.68 ($0.25 / Ounce)</p><a href="https://www.amazon.com/dp/B001E55YXS?tag=eloabder-20&linkCode=osi&th=1&psc=1">View Product</a></div><div class="product"><a href="https://www.amazon.com/dp/B001E52XGO?tag=eloabder-20&linkCode=osi&th=1&psc=1"><img src="https://m.media-amazon.com/images/I/513-IE78MvL._SL500_.jpg" alt="Product Image"></a><p>HORMEL COMPLEATS Turkey & Dressing Microwave Tray, 10 oz. (6 Pack)</p><p>$13.68 ($0.23 / Ounce)</p><a href="https://www.amazon.com/dp/B001E52XGO?tag=eloabder-20&linkCode=osi&th=1&psc=1">View Product</a></div><div class="product"><a href="https://www.amazon.com/dp/B01JLWGOCA?tag=eloabder-20&linkCode=osi&th=1&psc=1"><img src="https://m.media-amazon.com/images/I/41JtN2c2Y3L._SL500_.jpg" alt="Product Image"></a><p>Idahoan Four Cheese Mashed Potatoes, Made with Gluten-Free 100-Percent Real Idaho Potatoes, 1.5 oz Cup (Pack of 10)</p><p>$11.23 ($0.75 / Ounce)</p><a href="https://www.amazon.com/dp/B01JLWGOCA?tag=eloabder-20&linkCode=osi&th=1&psc=1">View Product</a></div><div class="product"><a href="https://www.amazon.com/dp/B08P3SVWFR?tag=eloabder-20&linkCode=osi&th=1&psc=1"><img src="https://m.media-amazon.com/images/I/51Q7KX85dtL._SL500_.jpg" alt="Product Image"></a><p>StarKist Premium White Chicken - 2.6 oz Pouch (Pack of 12)</p><p>$15.06 ($0.48 / Ounce)</p><a href="https://www.amazon.com/dp/B08P3SVWFR?tag=eloabder-20&linkCode=osi&th=1&psc=1">View Product</a></div><div class="product"><a href="https://www.amazon.com/dp/B001E52WAG?tag=eloabder-20&linkCode=osi&th=1&psc=1"><img src="https://m.media-amazon.com/images/I/51dV9dBtkEL._SL500_.jpg" alt="Product Image"></a><p>Dinty Moore Beef Stew, 9-Ounce Packages (Pack of 6)</p><p>$17.34 ($0.32 / Ounce)</p><a href="https://www.amazon.com/dp/B001E52WAG?tag=eloabder-20&linkCode=osi&th=1&psc=1">View Product</a></div><div class="product"><a href="https://www.amazon.com/dp/B0BTQWY5LL?tag=eloabder-20&linkCode=osi&th=1&psc=1"><img src="https://m.media-amazon.com/images/I/61dN-t0ureL._SL500_.jpg" alt="Product Image"></a><p>MISS OLIVE'S Variety Pack Microwavable Low Sodium Ready Meals (Bundle of 6)-1 of each flavor</p><p>$26.49 ($0.63 / Ounce)</p><a href="https://www.amazon.com/dp/B0BTQWY5LL?tag=eloabder-20&linkCode=osi&th=1&psc=1">View Product</a></div><div class="product"><a href="https://www.amazon.com/dp/B0111Y7PO2?tag=eloabder-20&linkCode=osi&th=1&psc=1"><img src="https://m.media-amazon.com/images/I/51ReJtj0zJL._SL500_.jpg" alt="Product Image"></a><p>HORMEL COMPLEATS Rice & Chicken Microwave Tray, 7.5 Ounces (Pack of 7)</p><p>$15.96 ($0.30 / Ounce)</p><a href="https://www.amazon.com/dp/B0111Y7PO2?tag=eloabder-20&linkCode=osi&th=1&psc=1">View Product</a></div><div class="product"><a href="https://www.amazon.com/dp/B09GL33XZG?tag=eloabder-20&linkCode=osi&th=1&psc=1"><img src="https://m.media-amazon.com/images/I/41tbj+XvZLL._SL500_.jpg" alt="Product Image"></a><p>HMR Ultimate Entrée Pack | Pre-packaged Lunch or Dinner to Support Weight Loss | Pack of 17 Ready to Eat Meals | 10-20 grams of Protein per Entrée | Low Calorie Food | 7-8oz Servings per Meal</p><p>$89.99</p><a href="https://www.amazon.com/dp/B09GL33XZG?tag=eloabder-20&linkCode=osi&th=1&psc=1">View Product</a></div>
<div class="product"><a href="https://www.amazon.com/dp/B00I9VBMLI?tag=eloabder-20&linkCode=osi&th=1&psc=1"><img src="https://m.media-amazon.com/images/I/51kyWWI+vRL._SL500_.jpg" alt="Product Image"></a><p>Chef Boyardee Beef Ravioli, 15 oz, 4 Pack</p><p>$4.48 ($0.07 / Count)</p><a href="https://www.amazon.com/dp/B00I9VBMLI?tag=eloabder-20&linkCode=osi&th=1&psc=1">View Product</a></div>
<div class="product"><a href="https://www.amazon.com/dp/B0CJCXLDSP?tag=eloabder-20&linkCode=osi&th=1&psc=1"><img src="https://m.media-amazon.com/images/I/41uUHvJRp2L._SL500_.jpg" alt="Product Image"></a><p>ARM & HAMMER Baking Soda Made in USA, Ideal for Baking, Pure & Natural, 2.7lb Bag</p><p>$7.99 ($0.18 / Ounce)</p><a href="https://www.amazon.com/dp/B0CJCXLDSP?tag=eloabder-20&linkCode=osi&th=1&psc=1">View Product</a></div><div class="product"><a href="https://www.amazon.com/dp/B07JFLXZQV?tag=eloabder-20&linkCode=osi&th=1&psc=1"><img src="https://m.media-amazon.com/images/I/41mGwlHTcmL._SL500_.jpg" alt="Product Image"></a><p>Vanilla Bean Paste for Baking and Cooking - Gourmet Madagascar Bourbon Blend made with Real Vanilla Seeds - 4 Ounces</p><p>$14.99 ($3.75 / Ounce)</p><a href="https://www.amazon.com/dp/B07JFLXZQV?tag=eloabder-20&linkCode=osi&th=1&psc=1">View Product</a></div><div class="product"><a href="https://www.amazon.com/dp/B0046EJ570?tag=eloabder-20&linkCode=osi&th=1&psc=1"><img src="https://m.media-amazon.com/images/I/31TFd1IdsRL._SL500_.jpg" alt="Product Image"></a><p>Watkins All Natural Original Gourmet Baking Vanilla, with Pure Vanilla Extract, 11 Fl Oz (Pack of 1) - Packaging May Vary</p><p>$12.35 ($1.12 / Fl Oz)</p><a href="https://www.amazon.com/dp/B0046EJ570?tag=eloabder-20&linkCode=osi&th=1&psc=1">View Product</a></div><div class="product"><a href="https://www.amazon.com/dp/B00PMUNEK6?tag=eloabder-20&linkCode=osi&th=1&psc=1"><img src="https://m.media-amazon.com/images/I/41LZqR+JNZL._SL500_.jpg" alt="Product Image"></a><p>10 Organic Madagascar Vanilla Beans Whole Grade A Vanilla Pods for Vanilla Extract and Baking</p><p>$11.04 ($1.10 / Count)</p><a href="https://www.amazon.com/dp/B00PMUNEK6?tag=eloabder-20&linkCode=osi&th=1&psc=1">View Product</a></div><div class="product"><a href="https://www.amazon.com/dp/B0CBW3D9T7?tag=eloabder-20&linkCode=osi&th=1&psc=1"><img src="https://m.media-amazon.com/images/I/414XubDDPPL._SL500_.jpg" alt="Product Image"></a><p>Scratch Diastatic Malt Powder for Baking - (10oz) Dried Barley Malt for Baking Bread - Bread Improver - Premium Baking Ingredients for Breads, Pizzas, Pretzels, Desserts, Shakes and More</p><p>$8.95 ($0.90 / Ounce)</p><a href="https://www.amazon.com/dp/B0CBW3D9T7?tag=eloabder-20&linkCode=osi&th=1&psc=1">View Product</a></div><div class="product"><a href="https://www.amazon.com/dp/B00VEJOUXE?tag=eloabder-20&linkCode=osi&th=1&psc=1"><img src="https://m.media-amazon.com/images/I/41HmZhMPH1L._SL500_.jpg" alt="Product Image"></a><p>Bob's Red Mill Baking Soda - 1 Pound (Pack of 4), Non GMO, Gluten Free, Vegan, Kosher, Paleo Friendly</p><p>$13.10 ($0.20 / Ounce)</p><a href="https://www.amazon.com/dp/B00VEJOUXE?tag=eloabder-20&linkCode=osi&th=1&psc=1">View Product</a></div><div class="product"><a href="https://www.amazon.com/dp/B0CG7C5X2F?tag=eloabder-20&linkCode=osi&th=1&psc=1"><img src="https://m.media-amazon.com/images/I/41cN3OdncVL._SL500_.jpg" alt="Product Image"></a><p>Micro Ingredients Baking Soda Powder, 6lbs | Pure Sodium Bicarbonate | Bulk Food Grade Supply | Great for Cleaning, Cooking, Laundry, or Personal Care | Non-GMO, Filler Free</p><p>$13.95 ($0.15 / Ounce)</p><a href="https://www.amazon.com/dp/B0CG7C5X2F?tag=eloabder-20&linkCode=osi&th=1&psc=1">View Product</a></div><div class="product"><a href="https://www.amazon.com/dp/B075456XMK?tag=eloabder-20&linkCode=osi&th=1&psc=1"><img src="https://m.media-amazon.com/images/I/31YCnL21+nL._SL500_.jpg" alt="Product Image"></a><p>Pure Original Ingredients Baking Soda (2 lb) Sodium Bicarbonate (NaHCO3), Always Pure, No Fillers Or Additives.</p><p>$11.99 ($0.37 / Ounce)</p><a href="https://www.amazon.com/dp/B075456XMK?tag=eloabder-20&linkCode=osi&th=1&psc=1">View Product</a></div><div class="product"><a href="https://www.amazon.com/dp/B08FYKMRGT?tag=eloabder-20&linkCode=osi&th=1&psc=1"><img src="https://m.media-amazon.com/images/I/41TdlxCI0EL._SL500_.jpg" alt="Product Image"></a><p>King Arthur, Baking Sugar Alternative, Made with Plant-Based Ingredients, Keto-Friendly, 1-to-1 Substitute for Granulated Sugar, 12 Ounces</p><p>$9.95 ($0.83 / Ounce)</p><a href="https://www.amazon.com/dp/B08FYKMRGT?tag=eloabder-20&linkCode=osi&th=1&psc=1">View Product</a></div><div class="product"><a href="https://www.amazon.com/dp/B07KKL5Q68?tag=eloabder-20&linkCode=osi&th=1&psc=1"><img src="https://m.media-amazon.com/images/I/41G0eZnHIxL._SL500_.jpg" alt="Product Image"></a><p>Pure Original Ingredients Baking Soda (1 Gallon) Aluminum Free, Cooking, Baking, Cleaning</p><p>$30.99 ($0.19 / Ounce)</p><a href="https://www.amazon.com/dp/B07KKL5Q68?tag=eloabder-20&linkCode=osi&th=1&psc=1">View Product</a></div>
<div class="product"><a href="https://www.amazon.com/dp/B0029K0U90?tag=eloabder-20&linkCode=osi&th=1&psc=1"><img src="https://m.media-amazon.com/images/I/412vWjuj9tL._SL500_.jpg" alt="Product Image"></a><p>Mrs. Wages Pasta Sauce Canning Mix 5 Ounce (Pack of 6)</p><p>$19.32 ($0.64 / Ounce)</p><a href="https://www.amazon.com/dp/B0029K0U90?tag=eloabder-20&linkCode=osi&th=1&psc=1">View Product</a></div><div class="product"><a href="https://www.amazon.com/dp/B0005ZWUDU?tag=eloabder-20&linkCode=osi&th=1&psc=1"><img src="https://m.media-amazon.com/images/I/411oE+5BGYL._SL500_.jpg" alt="Product Image"></a><p>Classico Roasted Garlic Tomato Spaghetti Pasta Sauce (24 oz Jar)</p><p>$2.98 ($0.12 / Ounce)</p><a href="https://www.amazon.com/dp/B0005ZWUDU?tag=eloabder-20&linkCode=osi&th=1&psc=1">View Product</a></div><div class="product"><a href="https://www.amazon.com/dp/B00H3TKG6O?tag=eloabder-20&linkCode=osi&th=1&psc=1"><img src="https://m.media-amazon.com/images/I/41dtGUjEl7L._SL500_.jpg" alt="Product Image"></a><p>Classico Family Favorites Traditional Pasta Sauce (24 oz Jar)</p><p>$2.16 ($0.09 / Ounce)</p><a href="https://www.amazon.com/dp/B00H3TKG6O?tag=eloabder-20&linkCode=osi&th=1&psc=1">View Product</a></div><div class="product"><a href="https://www.amazon.com/dp/B088N719GQ?tag=eloabder-20&linkCode=osi&th=1&psc=1"><img src="https://m.media-amazon.com/images/I/412O4vvfLcL._SL500_.jpg" alt="Product Image"></a><p>Prego Traditional Pasta Sauce, 45 Oz Jar</p><p>$4.23 ($0.09 / Ounce)</p><a href="https://www.amazon.com/dp/B088N719GQ?tag=eloabder-20&linkCode=osi&th=1&psc=1">View Product</a></div><div class="product"><a href="https://www.amazon.com/dp/B00IAE65L6?tag=eloabder-20&linkCode=osi&th=1&psc=1"><img src="https://m.media-amazon.com/images/I/41keFWtHEbL._SL500_.jpg" alt="Product Image"></a><p>Prego Traditional Pasta Sauce, 67 Oz Jar</p><p>$5.36 ($0.08 / Ounce)</p><a href="https://www.amazon.com/dp/B00IAE65L6?tag=eloabder-20&linkCode=osi&th=1&psc=1">View Product</a></div><div class="product"><a href="https://www.amazon.com/dp/B0CRXQZMWN?tag=eloabder-20&linkCode=osi&th=1&psc=1"><img src="https://m.media-amazon.com/images/I/41GWdkqzH0L._SL500_.jpg" alt="Product Image"></a><p>Prego Creamy Roasted Garlic Pesto Pasta Sauce, 14.5 oz Jar</p><p>$2.79 ($0.19 / Ounce)</p><a href="https://www.amazon.com/dp/B0CRXQZMWN?tag=eloabder-20&linkCode=osi&th=1&psc=1">View Product</a></div><div class="product"><a href="https://www.amazon.com/dp/B0033TSDKY?tag=eloabder-20&linkCode=osi&th=1&psc=1"><img src="https://m.media-amazon.com/images/I/416ipEt-ErS._SL500_.jpg" alt="Product Image"></a><p>Classico Four Cheese Alfredo Pasta Sauce (15 oz Jar)</p><p>$3.13 ($0.21 / Ounce)</p><a href="https://www.amazon.com/dp/B0033TSDKY?tag=eloabder-20&linkCode=osi&th=1&psc=1">View Product</a></div><div class="product"><a href="https://www.amazon.com/dp/B000Q3R6V2?tag=eloabder-20&linkCode=osi&th=1&psc=1"><img src="https://m.media-amazon.com/images/I/51DwtNnipoL._SL500_.jpg" alt="Product Image"></a><p>Hunt's Traditional Pasta Sauce, 24 oz</p><p>$1.34 ($0.06 / Ounce)</p><a href="https://www.amazon.com/dp/B000Q3R6V2?tag=eloabder-20&linkCode=osi&th=1&psc=1">View Product</a></div><div class="product"><a href="https://www.amazon.com/dp/B00XXGW39Y?tag=eloabder-20&linkCode=osi&th=1&psc=1"><img src="https://m.media-amazon.com/images/I/41FycYZ91BL._SL500_.jpg" alt="Product Image"></a><p>Classico Vodka Sauce Tomato Spaghetti Pasta Sauce (24 oz Jar)</p><p>$2.52 ($0.10 / Fl Oz)</p><a href="https://www.amazon.com/dp/B00XXGW39Y?tag=eloabder-20&linkCode=osi&th=1&psc=1">View Product</a></div><div class="product"><a href="https://www.amazon.com/dp/B07JVJR966?tag=eloabder-20&linkCode=osi&th=1&psc=1"><img src="https://m.media-amazon.com/images/I/412rjNSU1HL._SL500_.jpg" alt="Product Image"></a><p>Prego Traditional Pasta Sauce, 24 Oz Jar (Case of 12)</p><p>$29.76 ($0.10 / Fl Oz)</p><a href="https://www.amazon.com/dp/B07JVJR966?tag=eloabder-20&linkCode=osi&th=1&psc=1">View Product</a></div>
<div class="product"><a href="https://www.amazon.com/dp/B07GBS8GVH?tag=eloabder-20&linkCode=osi&th=1&psc=1"><img src="https://m.media-amazon.com/images/I/51Xpb2UbnAS._SL500_.jpg" alt="Product Image"></a><p>BEN'S ORIGINAL Ready Rice Whole Grain Brown Rice, Easy Dinner Side, 8.8 OZ Pouch (Pack of 6)</p><p>$13.08 ($0.25 / Ounce)</p><a href="https://www.amazon.com/dp/B07GBS8GVH?tag=eloabder-20&linkCode=osi&th=1&psc=1">View Product</a></div><div class="product"><a href="https://www.amazon.com/dp/B000YPKPV0?tag=eloabder-20&linkCode=osi&th=1&psc=1"><img src="https://m.media-amazon.com/images/I/51RKdJy7-TL._SL500_.jpg" alt="Product Image"></a><p>Rice-A-Roni Long grain & wild rice with herbs, 4.3 Ounce Pack of 12</p><p>$12.00 ($0.23 / Ounce)</p><a href="https://www.amazon.com/dp/B000YPKPV0?tag=eloabder-20&linkCode=osi&th=1&psc=1">View Product</a></div><div class="product"><a href="https://www.amazon.com/dp/B004NRLAVY?tag=eloabder-20&linkCode=osi&th=1&psc=1"><img src="https://m.media-amazon.com/images/I/51l35npdSyL._SL500_.jpg" alt="Product Image"></a><p>Nishiki Premium Rice, Medium Grain,15 Pound (Pack of 1)</p><p>$20.19 ($0.08 / Ounce)</p><a href="https://www.amazon.com/dp/B004NRLAVY?tag=eloabder-20&linkCode=osi&th=1&psc=1">View Product</a></div><div class="product"><a href="https://www.amazon.com/dp/B00MMTQAF6?tag=eloabder-20&linkCode=osi&th=1&psc=1"><img src="https://m.media-amazon.com/images/I/41uID5vVhuL._SL500_.jpg" alt="Product Image"></a><p>Mahatma Extra Long Grain White Rice, 10 Pound, Gluten-Free and Non-GMO, Rice Bulk Bag (Pack of 1)</p><p>$9.98 ($0.06 / Ounce)</p><a href="https://www.amazon.com/dp/B00MMTQAF6?tag=eloabder-20&linkCode=osi&th=1&psc=1">View Product</a></div><div class="product"><a href="https://www.amazon.com/dp/B00I330QEQ?tag=eloabder-20&linkCode=osi&th=1&psc=1"><img src="https://m.media-amazon.com/images/I/41eu-3nevsL._SL500_.jpg" alt="Product Image"></a><p>Authentic Royal - Naturally Aged Long Grain Indian White Basmati Rice - 15 lbs</p><p>$15.03 ($0.06 / Ounce)</p><a href="https://www.amazon.com/dp/B00I330QEQ?tag=eloabder-20&linkCode=osi&th=1&psc=1">View Product</a></div><div class="product"><a href="https://www.amazon.com/dp/B00CLGUKKG?tag=eloabder-20&linkCode=osi&th=1&psc=1"><img src="https://m.media-amazon.com/images/I/41mEtyqtEVL._SL500_.jpg" alt="Product Image"></a><p>Mahatma Whole-Grain Brown Rice, 32-Ounce Bag of Rice, Stovetop or Microwave Rice</p><p>$2.68 ($0.08 / Ounce)</p><a href="https://www.amazon.com/dp/B00CLGUKKG?tag=eloabder-20&linkCode=osi&th=1&psc=1">View Product</a></div><div class="product"><a href="https://www.amazon.com/dp/B0087HFXJ6?tag=eloabder-20&linkCode=osi&th=1&psc=1"><img src="https://m.media-amazon.com/images/I/51eYTUAUKZL._SL500_.jpg" alt="Product Image"></a><p>RiceSelect Royal Blend, Blend Of Texmati White, Brown, Red, And Wild Rice, Premium Gluten Free Rice, Non-GMO, 21 Ounce Jar</p><p>$6.98 ($0.33 / Ounce)</p><a href="https://www.amazon.com/dp/B0087HFXJ6?tag=eloabder-20&linkCode=osi&th=1&psc=1">View Product</a></div><div class="product"><a href="https://www.amazon.com/dp/B07HKTD2BD?tag=eloabder-20&linkCode=osi&th=1&psc=1"><img src="https://m.media-amazon.com/images/I/519+60cp2dL._SL500_.jpg" alt="Product Image"></a><p>Nishiki Premium 7 Grains Mix, 2 Pound</p><p>$14.49 ($0.45 / Ounce)</p><a href="https://www.amazon.com/dp/B07HKTD2BD?tag=eloabder-20&linkCode=osi&th=1&psc=1">View Product</a></div><div class="product"><a href="https://www.amazon.com/dp/B00G9U46DW?tag=eloabder-20&linkCode=osi&th=1&psc=1"><img src="https://m.media-amazon.com/images/I/51Xpb2UbnAS._SL500_.jpg" alt="Product Image"></a><p>BEN'S ORIGINAL Ready Rice Whole Grain Brown Rice, Easy Dinner Side, 8.8 OZ Pouch (Pack of 12)</p><p>$26.16 ($0.25 / Ounce)</p><a href="https://www.amazon.com/dp/B00G9U46DW?tag=eloabder-20&linkCode=osi&th=1&psc=1">View Product</a></div>
<div class="product"><a href="https://www.amazon.com/dp/B0D4KLB4HP?tag=eloabder-20&linkCode=osi&th=1&psc=1"><img src="https://m.media-amazon.com/images/I/51r7s+M2jqL._SL500_.jpg" alt="Product Image"></a><p>Chronos Condiment 150 bundle pack - 50 Single Serve Pouches of Each: Ketchup, Mustard, and Mayo - 150 Pack, Great for Picnics, Boxed Lunch, BBQ, Travel, and Parties</p><p>$21.97</p><a href="https://www.amazon.com/dp/B0D4KLB4HP?tag=eloabder-20&linkCode=osi&th=1&psc=1">View Product</a></div><div class="product"><a href="https://www.amazon.com/dp/B003XLOOCS?tag=eloabder-20&linkCode=osi&th=1&psc=1"><img src="https://m.media-amazon.com/images/I/51x0jDzOLjL._SL500_.jpg" alt="Product Image"></a><p>Heinz Tomato Ketchup, Relish, and Mustard Picnic Pack, 3 Count</p><p>$5.98 ($0.11 / Ounce)</p><a href="https://www.amazon.com/dp/B003XLOOCS?tag=eloabder-20&linkCode=osi&th=1&psc=1">View Product</a></div><div class="product"><a href="https://www.amazon.com/dp/B0992VW16R?tag=eloabder-20&linkCode=osi&th=1&psc=1"><img src="https://m.media-amazon.com/images/I/51eFgOarc1L._SL500_.jpg" alt="Product Image"></a><p>Grab-n-Go Condiment Packs - 50 Single Serve Pouches of Each: Ketchup, Mustard, Relish, and Mayo - Great for Picnics, Boxed Lunch, BBQ, Travel, Picnic and Parties (200 Condiment Packets Total)</p><p>$29.99 ($0.15 / Count)</p><a href="https://www.amazon.com/dp/B0992VW16R?tag=eloabder-20&linkCode=osi&th=1&psc=1">View Product</a></div><div class="product"><a href="https://www.amazon.com/dp/B0D3J9HHS2?tag=eloabder-20&linkCode=osi&th=1&psc=1"><img src="https://m.media-amazon.com/images/I/51VkOjMAkXL._SL500_.jpg" alt="Product Image"></a><p>Heinz Condiment Packets Variety 100 Pack- 25 Heinz Ketchup Packets, 25 Mayonnaise Packets, 25 Mustard Packets, and 25 Relish Packets. Ketchup Heinz, Mayo Packets.</p><p>$19.99 ($0.20 / Count)</p><a href="https://www.amazon.com/dp/B0D3J9HHS2?tag=eloabder-20&linkCode=osi&th=1&psc=1">View Product</a></div><div class="product"><a href="https://www.amazon.com/dp/B091DCC2CH?tag=eloabder-20&linkCode=osi&th=1&psc=1"><img src="https://m.media-amazon.com/images/I/415Iq4kWRXL._SL500_.jpg" alt="Product Image"></a><p>Hellmann's Real Mayonnaise Squeeze Bottle 3 Count a Rich Creamy Condiment Gluten Free, Made With 100% Cage-Free Eggs 20 oz</p><p>$11.90 ($0.20 / Fl Oz)</p><a href="https://www.amazon.com/dp/B091DCC2CH?tag=eloabder-20&linkCode=osi&th=1&psc=1">View Product</a></div><div class="product"><a href="https://www.amazon.com/dp/B0CMR2DML7?tag=eloabder-20&linkCode=osi&th=1&psc=1"><img src="https://m.media-amazon.com/images/I/61dFhpega1L._SL500_.jpg" alt="Product Image"></a><p>Crait Individual Condiment Packets Variety Pack of 50 Hot Sauce Packets with Mayo Packets, Ketchup Packets and Yellow Mustard Packets Single Serve</p><p>$15.00 ($0.30 / Count)</p><a href="https://www.amazon.com/dp/B0CMR2DML7?tag=eloabder-20&linkCode=osi&th=1&psc=1">View Product</a></div><div class="product"><a href="https://www.amazon.com/dp/B0D3JCR2XS?tag=eloabder-20&linkCode=osi&th=1&psc=1"><img src="https://m.media-amazon.com/images/I/51RtTP7u7aL._SL500_.jpg" alt="Product Image"></a><p>Hot Sauce Variety Pack of 48 Condiment Packets. 4 Each of 12 Flavors. Texas Pete Hot Sauce Packets, Mini Condiments, Mini Hot Sauce, Condiment Packets Variety Pack, Single Serve</p><p>$17.99 ($0.37 / Count)</p><a href="https://www.amazon.com/dp/B0D3JCR2XS?tag=eloabder-20&linkCode=osi&th=1&psc=1">View Product</a></div><div class="product"><a href="https://www.amazon.com/dp/B00XK3IYUW?tag=eloabder-20&linkCode=osi&th=1&psc=1"><img src="https://m.media-amazon.com/images/I/51T9Vgtx+bL._SL500_.jpg" alt="Product Image"></a><p>Heinz Condiment Packets Ketchup and Mustard (100 Total; 50 Each Flavor)</p><p>$13.10 ($0.60 / Ounce)</p><a href="https://www.amazon.com/dp/B00XK3IYUW?tag=eloabder-20&linkCode=osi&th=1&psc=1">View Product</a></div>
<div class="product"><a href="https://www.amazon.com/dp/B09DYZSHJR?tag=eloabder-20&linkCode=osi&th=1&psc=1"><img src="https://m.media-amazon.com/images/I/31fEqU5FfOL._SL500_.jpg" alt="Product Image"></a><p>DaVinci Gourmet Honey Syrup, 25.4 Fluid Ounce (Pack of 1)</p><p>$9.99 ($0.39 / Fl Oz)</p><a href="https://www.amazon.com/dp/B09DYZSHJR?tag=eloabder-20&linkCode=osi&th=1&psc=1">View Product</a></div><div class="product"><a href="https://www.amazon.com/dp/B09GW7TXH3?tag=eloabder-20&linkCode=osi&th=1&psc=1"><img src="https://m.media-amazon.com/images/I/31hUGuR-NsL._SL500_.jpg" alt="Product Image"></a><p>Glorybee, Premium Honey Syrup, Real Honey, No Artifical colors or flavors, 25.4 fl oz</p><p>$10.73 ($0.42 / Fl Oz)</p><a href="https://www.amazon.com/dp/B09GW7TXH3?tag=eloabder-20&linkCode=osi&th=1&psc=1">View Product</a></div><div class="product"><a href="https://www.amazon.com/dp/B07C1138N5?tag=eloabder-20&linkCode=osi&th=1&psc=1"><img src="https://m.media-amazon.com/images/I/31bISVR+FkL._SL500_.jpg" alt="Product Image"></a><p>Monin - Honey Syrup, Smooth Sweet Honey Flavor, Great for Teas, Lemonades, Cocktails, & Coffee, Gluten-Free, Non-GMO (1 Liter)</p><p>$19.13 ($0.57 / Fl Oz)</p><a href="https://www.amazon.com/dp/B07C1138N5?tag=eloabder-20&linkCode=osi&th=1&psc=1">View Product</a></div><div class="product"><a href="https://www.amazon.com/dp/B0D43FMJ8V?tag=eloabder-20&linkCode=osi&th=1&psc=1"><img src="https://m.media-amazon.com/images/I/41P8d3eueDL._SL500_.jpg" alt="Product Image"></a><p>Torani Salted Honey Butter Syrup for Coffee 25.4 Ounces Coffee Syrups and Flavors with Jimoco Pump Syrup Dispenser</p><p>$17.95 ($0.71 / Fl Oz)</p><a href="https://www.amazon.com/dp/B0D43FMJ8V?tag=eloabder-20&linkCode=osi&th=1&psc=1">View Product</a></div><div class="product"><a href="https://www.amazon.com/dp/B00IRRJBRQ?tag=eloabder-20&linkCode=osi&th=1&psc=1"><img src="https://m.media-amazon.com/images/I/31a3OJgvluL._SL500_.jpg" alt="Product Image"></a><p>Torani Honey Sweetener, 25.4 Ounce (Pack of 4)</p><p>$25.47 ($0.25 / Fl Oz)</p><a href="https://www.amazon.com/dp/B00IRRJBRQ?tag=eloabder-20&linkCode=osi&th=1&psc=1">View Product</a></div><div class="product"><a href="https://www.amazon.com/dp/B0BSMPDPZ9?tag=eloabder-20&linkCode=osi&th=1&psc=1"><img src="https://m.media-amazon.com/images/I/41A+L9ilEXL._SL500_.jpg" alt="Product Image"></a><p>Monin - Hot Honey Syrup, Robust Sweet & Spicy Flavors, Great for Lemonades, Teas, Cocktails, Culinary Recipes, & More, No Artificial Sweeteners, Gluten-Free, Non-GMO, Clean Label (1 Liter)</p><p>$17.99 ($0.53 / Fl Oz)</p><a href="https://www.amazon.com/dp/B0BSMPDPZ9?tag=eloabder-20&linkCode=osi&th=1&psc=1">View Product</a></div><div class="product"><a href="https://www.amazon.com/dp/B078YFLF9K?tag=eloabder-20&linkCode=osi&th=1&psc=1"><img src="https://m.media-amazon.com/images/I/41Gx-mwendL._SL500_.jpg" alt="Product Image"></a><p>Tippleman's Ginger Honey Syrup - Craft Cocktail Mixer - All Natural Complex Syrup for Cocktails and Non-Alcoholic Beverages - Margarita, Whiskey Sour, or Sweet Iced Tea - Makes 17 Cocktails</p><p>$24.99 ($1.92 / Fl Oz)</p><a href="https://www.amazon.com/dp/B078YFLF9K?tag=eloabder-20&linkCode=osi&th=1&psc=1">View Product</a></div><div class="product"><a href="https://www.amazon.com/dp/B07CWFJV6C?tag=eloabder-20&linkCode=osi&th=1&psc=1"><img src="https://m.media-amazon.com/images/I/41cmu+ltDxL._SL500_.jpg" alt="Product Image"></a><p>Robitussin Maximum Strength Honey Cough + Chest Congestion DM, Cough Medicine for Cough and Chest Congestion Relief Made with Real Honey- 4 Fl Oz Bottle</p><p>$11.74 ($2.94 / Fl Oz)</p><a href="https://www.amazon.com/dp/B07CWFJV6C?tag=eloabder-20&linkCode=osi&th=1&psc=1">View Product</a></div><div class="product"><a href="https://www.amazon.com/dp/B005S1LP28?tag=eloabder-20&linkCode=osi&th=1&psc=1"><img src="https://m.media-amazon.com/images/I/41DkU4bxBrL._SL500_.jpg" alt="Product Image"></a><p>Monin - Organic Honey Sweetener, Low-Calorie Liquid Sweetener, Sugar Substitute, Coffee Syrup, Made with Organic Honey, Simple Syrup for Cocktails, Iced Tea, & More, Clean Label (1 Liter)</p><p>$26.99 ($0.80 / Fl Oz)</p><a href="https://www.amazon.com/dp/B005S1LP28?tag=eloabder-20&linkCode=osi&th=1&psc=1">View Product</a></div>
<div class="product"><a href="https://www.amazon.com/dp/B0D3FYHWP7?tag=eloabder-20&linkCode=osi&th=1&psc=1"><img src="https://m.media-amazon.com/images/I/41W51dqWhAL._SL500_.jpg" alt="Product Image"></a><p>Blueprint Bryan Johnson Nutty Butter - Macadamia Nuts and Walnuts - Just 3 Ingredients - No Palm Oil - Keto and Low Carb Snack - No Added Sugar, Vegan, Non GMO, Keto and Paleo Friendly (8.8 ounces)</p><p>$11.00 ($1.25 / Ounce)</p><a href="https://www.amazon.com/dp/B0D3FYHWP7?tag=eloabder-20&linkCode=osi&th=1&psc=1">View Product</a></div><div class="product"><a href="https://www.amazon.com/dp/B0B34J7HHD?tag=eloabder-20&linkCode=osi&th=1&psc=1"><img src="https://m.media-amazon.com/images/I/31UpKhqk2QL._SL500_.jpg" alt="Product Image"></a><p>Octonuts Dry Roasted Pure Cashew 16oz Nut Butter 16oz - Pure Creamy Nut Butter - Gluten Free, Vegan, Kosher, Paleo, Non-GMO Nut Butters Single Ingredient</p><p>$11.99 ($0.75 / Ounce)</p><a href="https://www.amazon.com/dp/B0B34J7HHD?tag=eloabder-20&linkCode=osi&th=1&psc=1">View Product</a></div><div class="product"><a href="https://www.amazon.com/dp/B09NP7D465?tag=eloabder-20&linkCode=osi&th=1&psc=1"><img src="https://m.media-amazon.com/images/I/51+XSeELM2L._SL500_.jpg" alt="Product Image"></a><p>Crazy Go Nuts Walnut Butter - Plain w/ Sea Salt - Healthy Snacks, Keto, Vegan, Low Carb, Gluten Free, Superfood - Natural, Non-GMO, ALA, Omega 3 Fatty Acids, Good Fats and Antioxidants - 9.25 oz (1-Pack)</p><p>$10.99 ($1.19 / Ounce)</p><a href="https://www.amazon.com/dp/B09NP7D465?tag=eloabder-20&linkCode=osi&th=1&psc=1">View Product</a></div><div class="product"><a href="https://www.amazon.com/dp/B00KHAG1BK?tag=eloabder-20&linkCode=osi&th=1&psc=1"><img src="https://m.media-amazon.com/images/I/41nZVovN5oL._SL500_.jpg" alt="Product Image"></a><p>JUSTIN'S Classic Gluten-Free Almond Butter Squeeze Packs, 1.15 Ounce (Pack of 10)</p><p>$13.40 ($1.17 / Ounce)</p><a href="https://www.amazon.com/dp/B00KHAG1BK?tag=eloabder-20&linkCode=osi&th=1&psc=1">View Product</a></div><div class="product"><a href="https://www.amazon.com/dp/B01M06S98E?tag=eloabder-20&linkCode=osi&th=1&psc=1"><img src="https://m.media-amazon.com/images/I/41fCsKiYMdL._SL500_.jpg" alt="Product Image"></a><p>Organic Power Fuel Crunchy Nut Butter by NuttZo | 7 Nuts & Seeds Blend, Paleo, Non-GMO, Gluten-Free, Vegan, Kosher | 1g Sugar, 6g Protein | 26oz Jar</p><p>$21.99 ($0.85 / Ounce)</p><a href="https://www.amazon.com/dp/B01M06S98E?tag=eloabder-20&linkCode=osi&th=1&psc=1">View Product</a></div><div class="product"><a href="https://www.amazon.com/dp/B07CGZ2RJQ?tag=eloabder-20&linkCode=osi&th=1&psc=1"><img src="https://m.media-amazon.com/images/I/41eZiTYDVgL._SL500_.jpg" alt="Product Image"></a><p>Vör Pure Macadamia Nut Butter Spread (11oz) | Only One Ingredient</p><p>$18.99 ($1.73 / Ounce)</p><a href="https://www.amazon.com/dp/B07CGZ2RJQ?tag=eloabder-20&linkCode=osi&th=1&psc=1">View Product</a></div><div class="product"><a href="https://www.amazon.com/dp/B00X7W96OO?tag=eloabder-20&linkCode=osi&th=1&psc=1"><img src="https://m.media-amazon.com/images/I/41jU7bL5rFL._SL500_.jpg" alt="Product Image"></a><p>MaraNatha Creamy Roasted Caramel Almond Butter, No Stir, 12 Ounce Jar</p><p>$6.94 ($0.58 / Ounce)</p><a href="https://www.amazon.com/dp/B00X7W96OO?tag=eloabder-20&linkCode=osi&th=1&psc=1">View Product</a></div>
<div class="product"><a href="https://www.amazon.com/dp/B01CUS63OG?tag=eloabder-20&linkCode=osi&th=1&psc=1"><img src="https://m.media-amazon.com/images/I/51o0FJwMj8L._SL500_.jpg" alt="Product Image"></a><p>Anna and Sarah Tropical Dried Fruit Mix 2 Lbs</p><p>$17.99 ($9.00 / lb)</p><a href="https://www.amazon.com/dp/B01CUS63OG?tag=eloabder-20&linkCode=osi&th=1&psc=1">View Product</a></div><div class="product"><a href="https://www.amazon.com/dp/B09LZ7YCF7?tag=eloabder-20&linkCode=osi&th=1&psc=1"><img src="https://m.media-amazon.com/images/I/41XMLNKxlML._SL500_.jpg" alt="Product Image"></a><p>Dried Pineapple Chunks, 1 Pound. Dehydrated Pineapple Chunk, Dehydrated Pineapple Bulk, Dried Pineapple Bits. All Natural, Non-GMO, Lightly Sweetened Dried Pineapples, 16 oz.</p><p>$9.99 ($0.62 / oz)</p><a href="https://www.amazon.com/dp/B09LZ7YCF7?tag=eloabder-20&linkCode=osi&th=1&psc=1">View Product</a></div><div class="product"><a href="https://www.amazon.com/dp/B000M69QRU?tag=eloabder-20&linkCode=osi&th=1&psc=1"><img src="https://m.media-amazon.com/images/I/51EyH2xvyyS._SL500_.jpg" alt="Product Image"></a><p>Ocean Spray Craisins Dried Cranberries, Original, 48 Ounce</p><p>$7.62 ($0.16 / Fl Oz)</p><a href="https://www.amazon.com/dp/B000M69QRU?tag=eloabder-20&linkCode=osi&th=1&psc=1">View Product</a></div><div class="product"><a href="https://www.amazon.com/dp/B09YTMZ1GP?tag=eloabder-20&linkCode=osi&th=1&psc=1"><img src="https://m.media-amazon.com/images/I/51+y56cVq0L._SL500_.jpg" alt="Product Image"></a><p>Oregon Farm Fresh Snacks Dried Fruit Mix – 24oz Healthy Snacks - Fresh and Natural Fruit Trail Mix – Mixed Fruit Snacks for Adults and Kids – Ideal for Breakfast, Cakes, Snacks</p><p>$17.99 ($0.75 / Ounce)</p><a href="https://www.amazon.com/dp/B09YTMZ1GP?tag=eloabder-20&linkCode=osi&th=1&psc=1">View Product</a></div><div class="product"><a href="https://www.amazon.com/dp/B08Z5QXBK1?tag=eloabder-20&linkCode=osi&th=1&psc=1"><img src="https://m.media-amazon.com/images/I/51a0Oclr3nS._SL500_.jpg" alt="Product Image"></a><p>Dried Cherries Tart Cherry, 1lb. Montmorency Tart Cherries, Dried Sour Cherries Fresh, Montmorency Dried Tart Cherries, Dried Cherries, All-Natural Whole Sour Cherry 16 oz.</p><p>$14.28 ($0.89 / oz)</p><a href="https://www.amazon.com/dp/B08Z5QXBK1?tag=eloabder-20&linkCode=osi&th=1&psc=1">View Product</a></div><div class="product"><a href="https://www.amazon.com/dp/B00F34772M?tag=eloabder-20&linkCode=osi&th=1&psc=1"><img src="https://m.media-amazon.com/images/I/51AsgKQIMiL._SL500_.jpg" alt="Product Image"></a><p>A Gift Inside Sweet Bloom Dried Fruit Deluxe Tray Basket Arrangement for Holiday Birthday Healthy Snack Business Kosher</p><p>$33.20</p><a href="https://www.amazon.com/dp/B00F34772M?tag=eloabder-20&linkCode=osi&th=1&psc=1">View Product</a></div><div class="product"><a href="https://www.amazon.com/dp/B01N057EEP?tag=eloabder-20&linkCode=osi&th=1&psc=1"><img src="https://m.media-amazon.com/images/I/51MrelYxkML._SL500_.jpg" alt="Product Image"></a><p>Mavuno Harvest Organic Dried Fruit Variety Pack | Dried Mango, Pineapple, and Jackfruit | Healthy, Vegan, No Sugar Added, Non GMO Snacks for Kids & Adults | 2 Ounce, Pack of 3</p><p>$13.99 ($2.33 / Ounce)</p><a href="https://www.amazon.com/dp/B01N057EEP?tag=eloabder-20&linkCode=osi&th=1&psc=1">View Product</a></div><div class="product"><a href="https://www.amazon.com/dp/B08JWR4M3F?tag=eloabder-20&linkCode=osi&th=1&psc=1"><img src="https://m.media-amazon.com/images/I/41rjnxAN2FL._SL500_.jpg" alt="Product Image"></a><p>Sunrise Fresh Dried Sweet Cherries, Unsweetened, No Sugar Added, Fresh Fruit Flavor, 1 lb Bag</p><p>$14.49 ($0.91 / oz)</p><a href="https://www.amazon.com/dp/B08JWR4M3F?tag=eloabder-20&linkCode=osi&th=1&psc=1">View Product</a></div><div class="product"><a href="https://www.amazon.com/dp/B08YP8NQP4?tag=eloabder-20&linkCode=osi&th=1&psc=1"><img src="https://m.media-amazon.com/images/I/51GM51afRIS._SL500_.jpg" alt="Product Image"></a><p>Whole Dried Blueberries, No Sugar Added, Bulk, Dehydrated, Dried Unsweetened Blueberries, All Natural, Non-GMO, 1 Pound. - 16 oz.</p><p>$17.44 ($1.09 / oz)</p><a href="https://www.amazon.com/dp/B08YP8NQP4?tag=eloabder-20&linkCode=osi&th=1&psc=1">View Product</a></div>
<div class="product"><a href="https://www.amazon.com/dp/B084T1VWP5?tag=eloabder-20&linkCode=osi&th=1&psc=1"><img src="https://m.media-amazon.com/images/I/51o0utHF41L._SL500_.jpg" alt="Product Image"></a><p>Planters Pop & Pour Dry Roasted Sunflower Seeds, (4 - 5.85 oz. Jars)</p><p>$7.96 ($0.34 / Ounce)</p><a href="https://www.amazon.com/dp/B084T1VWP5?tag=eloabder-20&linkCode=osi&th=1&psc=1">View Product</a></div><div class="product"><a href="https://www.amazon.com/dp/B07TZX3KQZ?tag=eloabder-20&linkCode=osi&th=1&psc=1"><img src="https://m.media-amazon.com/images/I/41OvCvu5E9L._SL500_.jpg" alt="Product Image"></a><p>Yupik Organic Super 6 Seeds Mix, 2.2 lb, Non-GMO, Vegan</p><p>$11.99 ($0.34 / Ounce)</p><a href="https://www.amazon.com/dp/B07TZX3KQZ?tag=eloabder-20&linkCode=osi&th=1&psc=1">View Product</a></div><div class="product"><a href="https://www.amazon.com/dp/B07W7ZZJQB?tag=eloabder-20&linkCode=osi&th=1&psc=1"><img src="https://m.media-amazon.com/images/I/51jbKA5l0CL._SL500_.jpg" alt="Product Image"></a><p>Southern Style Nuts Gourmet Hunter Mix, 23 Ounces, Sesame Sticks, Peanuts, Sunflower Kernels, Almonds, Cashews, and Pepitas</p><p>$7.92 ($0.34 / Ounce)</p><a href="https://www.amazon.com/dp/B07W7ZZJQB?tag=eloabder-20&linkCode=osi&th=1&psc=1">View Product</a></div><div class="product"><a href="https://www.amazon.com/dp/B089LJB5F5?tag=eloabder-20&linkCode=osi&th=1&psc=1"><img src="https://m.media-amazon.com/images/I/51kS4PKIyZL._SL500_.jpg" alt="Product Image"></a><p>Fisher Oven Roasted Never Fried Deluxe Mixed Nuts, 24 Ounces (Pack of 1), Almonds, Cashews, Pecans, Pistachios, Snacks for Adults, Made With Sea Salt, No Added Oil, Artificial Ingredients or Preservatives, Trail Mix, Gluten Free</p><p>$17.09 ($0.71 / Ounce)</p><a href="https://www.amazon.com/dp/B089LJB5F5?tag=eloabder-20&linkCode=osi&th=1&psc=1">View Product</a></div><div class="product"><a href="https://www.amazon.com/dp/B077HZW2FX?tag=eloabder-20&linkCode=osi&th=1&psc=1"><img src="https://m.media-amazon.com/images/I/51AQx+2kfEL._SL500_.jpg" alt="Product Image"></a><p>BetterBody Foods Superfood Organic Super Seeds - Blend of Organic Chia Seeds, Milled Flax Seed, Hemp Hearts, Add to Smoothies Shakes & More, 1lb, 16 oz</p><p>$10.66 ($0.67 / Ounce)</p><a href="https://www.amazon.com/dp/B077HZW2FX?tag=eloabder-20&linkCode=osi&th=1&psc=1">View Product</a></div><div class="product"><a href="https://www.amazon.com/dp/B00PPKSZO8?tag=eloabder-20&linkCode=osi&th=1&psc=1"><img src="https://m.media-amazon.com/images/I/41Q7alFU8RL._SL500_.jpg" alt="Product Image"></a><p>PLANTERS Unsalted Mixed Nuts, Cashews, Almonds, Hazelnuts, Pecans, Pistachios no Shell, Party Snacks, Plant-Based Protein, Quick Snack for Adults, After School Snack, Kosher, 2.16lb Container</p><p>$17.26 ($0.50 / Fl Oz)</p><a href="https://www.amazon.com/dp/B00PPKSZO8?tag=eloabder-20&linkCode=osi&th=1&psc=1">View Product</a></div><div class="product"><a href="https://www.amazon.com/dp/B0CHLKJ7JM?tag=eloabder-20&linkCode=osi&th=1&psc=1"><img src="https://m.media-amazon.com/images/I/51sXps1S2KL._SL500_.jpg" alt="Product Image"></a><p>KIND Seeds Fruit & Nuts Snack Bar, Orange Cranberry | 5g Protein, High Fiber, Gluten Free Bars, 1.4 OZ, 12 Count</p><p>$14.96 ($1.25 / Count)</p><a href="https://www.amazon.com/dp/B0CHLKJ7JM?tag=eloabder-20&linkCode=osi&th=1&psc=1">View Product</a></div><div class="product"><a href="https://www.amazon.com/dp/B0CHLD9ZKL?tag=eloabder-20&linkCode=osi&th=1&psc=1"><img src="https://m.media-amazon.com/images/I/51l78v8NL9L._SL500_.jpg" alt="Product Image"></a><p>KIND Seeds Fruit & Nuts Snack Bar, Strawberry Sunflower Seed | 5g Protein, High Fiber, Gluten Free Bars, 1.4 OZ, 12 Count</p><p>$13.58 ($1.13 / Count)</p><a href="https://www.amazon.com/dp/B0CHLD9ZKL?tag=eloabder-20&linkCode=osi&th=1&psc=1">View Product</a></div><div class="product"><a href="https://www.amazon.com/dp/B079WN7C3F?tag=eloabder-20&linkCode=osi&th=1&psc=1"><img src="https://m.media-amazon.com/images/I/41YqpED33FL._SL500_.jpg" alt="Product Image"></a><p>GERBS Raw Super 7 Seed Snack Trail Mix 1 LBS. | Top 14 Food Allergy Free | Resealable Bulk Bag | Made in USA | Raw Pumpkin | Sunflower | Brown & Golden Flax | Black & White Chia | Hemp | Gluten Free</p><p>$14.99 ($0.94 / Ounce)</p><a href="https://www.amazon.com/dp/B079WN7C3F?tag=eloabder-20&linkCode=osi&th=1&psc=1">View Product</a></div><div class="product"><a href="https://www.amazon.com/dp/B00CYK8DOE?tag=eloabder-20&linkCode=osi&th=1&psc=1"><img src="https://m.media-amazon.com/images/I/41hvbaCdz6L._SL500_.jpg" alt="Product Image"></a><p>Oh! Nuts Roasted Salted Pumpkin Seeds | Resealable 2LB Bulk Bag of Unshelled Pepitas | All-Natural Protein Power for Gluten-Free & Vegan Snacking | Fresh & Healthy Keto Snacks</p><p>$18.81 ($0.59 / Ounce)</p><a href="https://www.amazon.com/dp/B00CYK8DOE?tag=eloabder-20&linkCode=osi&th=1&psc=1">View Product</a></div>

<div class="product"><a href="https://www.amazon.com/dp/B08TTFGPS5?tag=eloabder-20&linkCode=osi&th=1&psc=1"><img src="https://m.media-amazon.com/images/I/51LP-kQBLAL._SL500_.jpg" alt="Product Image"></a><p>Pine River Cheese Spreads - Variety Pack 3 8oz. Sharp Cheddar-Garlic & Herb-Swiss (24oz)</p><p>$21.93 ($0.91 / Ounce)</p><a href="https://www.amazon.com/dp/B08TTFGPS5?tag=eloabder-20&linkCode=osi&th=1&psc=1">View Product</a></div><div class="product"><a href="https://www.amazon.com/dp/B09GW71DPQ?tag=eloabder-20&linkCode=osi&th=1&psc=1"><img src="https://m.media-amazon.com/images/I/41BpjCgQpKL._SL500_.jpg" alt="Product Image"></a><p>Port Wine Cheese Spread 8 Ounce (Pack of 4)</p><p>$26.10 ($0.82 / Ounce)</p><a href="https://www.amazon.com/dp/B09GW71DPQ?tag=eloabder-20&linkCode=osi&th=1&psc=1">View Product</a></div><div class="product"><a href="https://www.amazon.com/dp/B006G4NCT0?tag=eloabder-20&linkCode=osi&th=1&psc=1"><img src="https://m.media-amazon.com/images/I/41-Krj0PbcL._SL500_.jpg" alt="Product Image"></a><p>Sharp Cheddar Cheese Spread 8 Ounce (Pack of 4)</p><p>$25.90 ($1.08 / Ounce)</p><a href="https://www.amazon.com/dp/B006G4NCT0?tag=eloabder-20&linkCode=osi&th=1&psc=1">View Product</a></div><div class="product"><a href="https://www.amazon.com/dp/B09SM3L7LN?tag=eloabder-20&linkCode=osi&th=1&psc=1"><img src="https://m.media-amazon.com/images/I/417W7hKPcvL._SL500_.jpg" alt="Product Image"></a><p>Cheese Snack Spread Variety 4 Pack</p><p>$34.00 ($1.06 / Ounce)</p><a href="https://www.amazon.com/dp/B09SM3L7LN?tag=eloabder-20&linkCode=osi&th=1&psc=1">View Product</a></div>
<div class="product"><a href="https://www.amazon.com/dp/B08CNRQ2C6?tag=eloabder-20&linkCode=osi&th=1&psc=1"><img src="https://m.media-amazon.com/images/I/41ps--esahL._SL500_.jpg" alt="Product Image"></a><p>HOIST Premium Military Hydration Electrolyte Drink, Powerful IV-Level Hydration, Clinically Proven Performance Drink, Peach Mango, 16 Fl Oz (Pack of 12)</p><p>$29.99 ($0.16 / Fl Oz)</p><a href="https://www.amazon.com/dp/B08CNRQ2C6?tag=eloabder-20&linkCode=osi&th=1&psc=1">View Product</a></div><div class="product"><a href="https://www.amazon.com/dp/B082BG3XYZ?tag=eloabder-20&linkCode=osi&th=1&psc=1"><img src="https://m.media-amazon.com/images/I/51+XFCzX3zL._SL500_.jpg" alt="Product Image"></a><p>UPTIME – Blueberry Pomegranate - Zero Sugar (12 Pack), Premium Energy Drink, 12oz Bottles, Natural Caffeine, Sparkling, Natural Flavors, 5 Calories…</p><p>$28.99 ($0.20 / Fl Oz)</p><a href="https://www.amazon.com/dp/B082BG3XYZ?tag=eloabder-20&linkCode=osi&th=1&psc=1">View Product</a></div><div class="product"><a href="https://www.amazon.com/dp/B0BSP3R4JX?tag=eloabder-20&linkCode=osi&th=1&psc=1"><img src="https://m.media-amazon.com/images/I/41TvMVYbcjL._SL500_.jpg" alt="Product Image"></a><p>Barcode Premium Hydration Drink - No Added Sugars, Variety Pack (12 Pack) - Plant-Based Beverage - Adaptogen Drink with Electrolytes for Immunity & Performance</p><p>$29.88 ($0.15 / Fl Oz)</p><a href="https://www.amazon.com/dp/B0BSP3R4JX?tag=eloabder-20&linkCode=osi&th=1&psc=1">View Product</a></div><div class="product"><a href="https://www.amazon.com/dp/B0CYL4CCKM?tag=eloabder-20&linkCode=osi&th=1&psc=1"><img src="https://m.media-amazon.com/images/I/514q0PPV9+L._SL500_.jpg" alt="Product Image"></a><p>ProBaller Ultra Premium Energy Drink - Wild Berry ZERO</p><p>$35.99 ($0.20 / Fl Oz)</p><a href="https://www.amazon.com/dp/B0CYL4CCKM?tag=eloabder-20&linkCode=osi&th=1&psc=1">View Product</a></div><div class="product"><a href="https://www.amazon.com/dp/B0D2BKB2J3?tag=eloabder-20&linkCode=osi&th=1&psc=1"><img src="https://m.media-amazon.com/images/I/41MbnJUx3LL._SL500_.jpg" alt="Product Image"></a><p>ProBaller Ultra Premium Energy Drink - Sugar Free</p><p>$35.99 ($0.20 / Fl Oz)</p><a href="https://www.amazon.com/dp/B0D2BKB2J3?tag=eloabder-20&linkCode=osi&th=1&psc=1">View Product</a></div><div class="product"><a href="https://www.amazon.com/dp/B0CYJXMRKS?tag=eloabder-20&linkCode=osi&th=1&psc=1"><img src="https://m.media-amazon.com/images/I/41gt6X6dVdL._SL500_.jpg" alt="Product Image"></a><p>Joggy Clean Energy Drink - 4-Pack Tart Cherry & Hibiscus - 150mg Organic Guayusa Caffeine - Zero Added Sugar, Vegan, Plant-Based, Natural Healthy Boost, Premium Beverage</p><p>$13.99 ($0.44 / Fl Oz)</p><a href="https://www.amazon.com/dp/B0CYJXMRKS?tag=eloabder-20&linkCode=osi&th=1&psc=1">View Product</a></div><div class="product"><a href="https://www.amazon.com/dp/B081QCCN21?tag=eloabder-20&linkCode=osi&th=1&psc=1"><img src="https://m.media-amazon.com/images/I/61k-oHxeO2L._SL500_.jpg" alt="Product Image"></a><p>Hawaiian Sun Premium Tropical Juice Drink Party Bundle of 10 Assorted Flavors (24 Cans Total)</p><p>$44.95 ($0.16 / Fl Oz )</p><a href="https://www.amazon.com/dp/B081QCCN21?tag=eloabder-20&linkCode=osi&th=1&psc=1">View Product</a></div><div class="product"><a href="https://www.amazon.com/dp/B0CCHW3Q8Q?tag=eloabder-20&linkCode=osi&th=1&psc=1"><img src="https://m.media-amazon.com/images/I/414+SPv3c5L._SL500_.jpg" alt="Product Image"></a><p>Camp Craft Cocktail Mix - Flo'rita | Premium Drink Mixer Infusion Kit with Dehydrated Fruit, Herbs and Vegan Sugar | 16 oz Glass Jar Mixer for Cocktails, Margaritas, and Mocktails - Serves 8</p><p>$25.00 ($1.56 / Fl Oz)</p><a href="https://www.amazon.com/dp/B0CCHW3Q8Q?tag=eloabder-20&linkCode=osi&th=1&psc=1">View Product</a></div><div class="product"><a href="https://www.amazon.com/dp/B0CVQN2NBB?tag=eloabder-20&linkCode=osi&th=1&psc=1"><img src="https://m.media-amazon.com/images/I/51bpS7Tlj2L._SL500_.jpg" alt="Product Image"></a><p>Starbucks Cold Brew Coffee, Vanilla Sweet Cream, 11 fl oz Cans (12 Pack), Premium Coffee Drink, Iced Coffee</p><p>$39.39 ($0.30 / Fl Oz)</p><a href="https://www.amazon.com/dp/B0CVQN2NBB?tag=eloabder-20&linkCode=osi&th=1&psc=1">View Product</a></div>
<div class="product"><a href="https://www.amazon.com/dp/B08PW3LK4T?tag=eloabder-20&linkCode=osi&th=1&psc=1"><img src="https://m.media-amazon.com/images/I/41TLoWBkNWL._SL500_.jpg" alt="Product Image"></a><p>Classic Ginger Beer, Regatta Craft Mixers, All-Natural Ingredients, Non-GMO, 7.5oz, Case of 24 Sleek Cans</p><p>$29.98 ($0.17 / Fl Oz)</p><a href="https://www.amazon.com/dp/B08PW3LK4T?tag=eloabder-20&linkCode=osi&th=1&psc=1">View Product</a></div><div class="product"><a href="https://www.amazon.com/dp/B08KTP2999?tag=eloabder-20&linkCode=osi&th=1&psc=1"><img src="https://m.media-amazon.com/images/I/41tC0pFgGtL._SL500_.jpg" alt="Product Image"></a><p>ABC Crafted Series Beer Making Kit | Beer Making Ingredients for Home Brewing | Yields 6 Gallons of Beer | Brown Ale</p><p>$25.00</p><a href="https://www.amazon.com/dp/B08KTP2999?tag=eloabder-20&linkCode=osi&th=1&psc=1">View Product</a></div><div class="product"><a href="https://www.amazon.com/dp/B01KSD9JKU?tag=eloabder-20&linkCode=osi&th=1&psc=1"><img src="https://m.media-amazon.com/images/I/517aGsVY9qL._SL500_.jpg" alt="Product Image"></a><p>Beer-infused Hot Sauce Variety 3-pack (Includes Asian Sriracha, Garlic Serrano, & Roasty Chipotle) - Craft Beer Gift, Hot Sauce Gift Set, Beer Sauce, BBQ Sauce, Beer Lover, Grill + Man Cave</p><p>$27.99 ($1.87 / Fl Oz)</p><a href="https://www.amazon.com/dp/B01KSD9JKU?tag=eloabder-20&linkCode=osi&th=1&psc=1">View Product</a></div><div class="product"><a href="https://www.amazon.com/dp/B0C9KKG6C6?tag=eloabder-20&linkCode=osi&th=1&psc=1"><img src="https://m.media-amazon.com/images/I/41Rxjjlu5+L._SL500_.jpg" alt="Product Image"></a><p>Plochman, Craft Beer Mustard (Brickstone), 11 oz, Blended Mustard</p><p>$6.99 ($0.64 / Ounce)</p><a href="https://www.amazon.com/dp/B0C9KKG6C6?tag=eloabder-20&linkCode=osi&th=1&psc=1">View Product</a></div><div class="product"><a href="https://www.amazon.com/dp/B01692UXRW?tag=eloabder-20&linkCode=osi&th=1&psc=1"><img src="https://m.media-amazon.com/images/I/51qUU-Fjx5L._SL500_.jpg" alt="Product Image"></a><p>BREW CANDY | Hoppy IPA + Roasty Stout + Honey Ale | Great Craft Beer Gift for Beer Drinkers and Candy Lovers | Perfect for the Man Cave, Brewery, Office, or Home | MADE IN USA</p><p>$9.99 ($2.50 / Ounce)</p><a href="https://www.amazon.com/dp/B01692UXRW?tag=eloabder-20&linkCode=osi&th=1&psc=1">View Product</a></div><div class="product"><a href="https://www.amazon.com/dp/B07L1M2P57?tag=eloabder-20&linkCode=osi&th=1&psc=1"><img src="https://m.media-amazon.com/images/I/415wGhwZDvL._SL500_.jpg" alt="Product Image"></a><p>Unique Snacks Sourdough Craft Beer Pretzel Rings, Delicious Homestyle Baked Snack Bag, Vegan, OU Kosher, and Non-GMO Food, No Artificial Flavor, 11 Oz. Bag, Pack of 6</p><p>$24.99 ($0.38 / Ounce)</p><a href="https://www.amazon.com/dp/B07L1M2P57?tag=eloabder-20&linkCode=osi&th=1&psc=1">View Product</a></div>
<div class="product"><a href="https://www.amazon.com/dp/B0CD79R3QZ?tag=eloabder-20&linkCode=osi&th=1&psc=1"><img src="https://m.media-amazon.com/images/I/21X3VVYgpXL._SL500_.jpg" alt="Product Image"></a><p>French Bloom Le Blanc Alcohol-Free Sparkling Wine, 750ml - Certified Organic, Vegan, Halal, Low Calorie, Sulfite Free - Made with Fine Organic Wine, No Preservatives or Added Sugar</p><p>$41.00 ($1.61 / Fl Oz)</p><a href="https://www.amazon.com/dp/B0CD79R3QZ?tag=eloabder-20&linkCode=osi&th=1&psc=1">View Product</a></div><div class="product"><a href="https://www.amazon.com/dp/B0D6HWD369?tag=eloabder-20&linkCode=osi&th=1&psc=1"><img src="https://m.media-amazon.com/images/I/31U1YybAm5L._SL500_.jpg" alt="Product Image"></a><p>Saint Viviana Non-Alcoholic Sauvignon Blanc, Crisp Dry White Wine with Fresh Fruit Flavor & Floral Notes, Made in Washington State, 24.6 Fl Oz Bottle</p><p>$22.99 ($0.93 / Fl Oz)</p><a href="https://www.amazon.com/dp/B0D6HWD369?tag=eloabder-20&linkCode=osi&th=1&psc=1">View Product</a></div><div class="product"><a href="https://www.amazon.com/dp/B0D244C3VJ?tag=eloabder-20&linkCode=osi&th=1&psc=1"><img src="https://m.media-amazon.com/images/I/416UnLmeDPL._SL500_.jpg" alt="Product Image"></a><p>Monari Marsala Fine Wine PDO Glaze| 9 Ounce, Pack of 6</p><p>$37.99 ($6.33 / Count)</p><a href="https://www.amazon.com/dp/B0D244C3VJ?tag=eloabder-20&linkCode=osi&th=1&psc=1">View Product</a></div><div class="product"><a href="https://www.amazon.com/dp/B0054KSA5I?tag=eloabder-20&linkCode=osi&th=1&psc=1"><img src="https://m.media-amazon.com/images/I/41Dk7Gmm5xL._SL500_.jpg" alt="Product Image"></a><p>Regina Fine Red Wine Vinegar, 12 Fl Oz</p><p>$12.94 ($1.08 / Fl Oz)</p><a href="https://www.amazon.com/dp/B0054KSA5I?tag=eloabder-20&linkCode=osi&th=1&psc=1">View Product</a></div><div class="product"><a href="https://www.amazon.com/dp/B0CC6JY2CM?tag=eloabder-20&linkCode=osi&th=1&psc=1"><img src="https://m.media-amazon.com/images/I/31FVY0Kg2cL._SL500_.jpg" alt="Product Image"></a><p>ST. REGIS Cabernet Sauvignon 25.4 Fl Oz (1 Pack) - Low Calorie and Sugar - Fruity & Spicy Rich Flavor from North of Spain Vineyards</p><p>$17.95 ($0.71 / Fl Oz)</p><a href="https://www.amazon.com/dp/B0CC6JY2CM?tag=eloabder-20&linkCode=osi&th=1&psc=1">View Product</a></div><div class="product"><a href="https://www.amazon.com/dp/B0CLYLY93H?tag=eloabder-20&linkCode=osi&th=1&psc=1"><img src="https://m.media-amazon.com/images/I/31cSVgLe1sL._SL500_.jpg" alt="Product Image"></a><p>Chateau del ISH Sparkling Rosé | Award-Winning Non-Alcoholic Sparkling Wine | De-Alcoholized Blend of Merlot & Pinot Noir Grapes | Only 9 grams of Sugar | 45 Calories per Serving | 750 ml Bottle</p><p>$23.99 ($0.94 / Fl Oz)</p><a href="https://www.amazon.com/dp/B0CLYLY93H?tag=eloabder-20&linkCode=osi&th=1&psc=1">View Product</a></div><div class="product"><a href="https://www.amazon.com/dp/B00075WK10?tag=eloabder-20&linkCode=osi&th=1&psc=1"><img src="https://m.media-amazon.com/images/I/41wn5BC9e3L._SL500_.jpg" alt="Product Image"></a><p>Mantova Italian White Wine Vinegar 17 oz (Pack of 2). Made with traditional methods and aged in fine wood casks, it retains the flavor of the wine, accented by the crisp character of the vinegar.</p><p>$12.97 ($7.21 / Fl Oz)</p><a href="https://www.amazon.com/dp/B00075WK10?tag=eloabder-20&linkCode=osi&th=1&psc=1">View Product</a></div><div class="product"><a href="https://www.amazon.com/dp/B0B6Y4LGT8?tag=eloabder-20&linkCode=osi&th=1&psc=1"><img src="https://m.media-amazon.com/images/I/31DYvJX17cL._SL500_.jpg" alt="Product Image"></a><p>Wander + Found Non-Alcoholic Wine, Pinot Noir, Award Winning Red Wine from Germany, Non-GMO Dealcoholized Wine, 750 ml (1 Bottle)</p><p>$25.99 ($1.02 / Fl Oz)</p><a href="https://www.amazon.com/dp/B0B6Y4LGT8?tag=eloabder-20&linkCode=osi&th=1&psc=1">View Product</a></div><div class="product"><a href="https://www.amazon.com/dp/B08FBLJFL3?tag=eloabder-20&linkCode=osi&th=1&psc=1"><img src="https://m.media-amazon.com/images/I/31xcotQJiQL._SL500_.jpg" alt="Product Image"></a><p>Lussory Organic Merlot Dealcoholized 0.0% Non-Alcoholic Red From Spain, Low Calories, Organic, Vegan (750ml, 1 Bottle)</p><p>$27.99 ($1.10 / Fl Oz)</p><a href="https://www.amazon.com/dp/B08FBLJFL3?tag=eloabder-20&linkCode=osi&th=1&psc=1">View Product</a></div>
<div class="product"><a href="https://www.amazon.com/dp/B08RD41V4Y?tag=eloabder-20&linkCode=osi&th=1&psc=1"><img src="https://m.media-amazon.com/images/I/41Ctrzm6OdL._SL500_.jpg" alt="Product Image"></a><p>Pure Organic Layered Fruit Bars Variety Pack 28 count (Pack of 1).</p><p>$13.99 ($0.40 / Ounce)</p><a href="https://www.amazon.com/dp/B08RD41V4Y?tag=eloabder-20&linkCode=osi&th=1&psc=1">View Product</a></div><div class="product"><a href="https://www.amazon.com/dp/B06X6JR48M?tag=eloabder-20&linkCode=osi&th=1&psc=1"><img src="https://m.media-amazon.com/images/I/51QhYDgoJFL._SL500_.jpg" alt="Product Image"></a><p>Nature's Garden Organic Trail Mix Snack Packs, Multi Pack 1.2 oz - Pack of 24 (Total 28.8 oz)</p><p>$14.89 ($0.52 / Ounce)</p><a href="https://www.amazon.com/dp/B06X6JR48M?tag=eloabder-20&linkCode=osi&th=1&psc=1">View Product</a></div><div class="product"><a href="https://www.amazon.com/dp/B0BQTL31PR?tag=eloabder-20&linkCode=osi&th=1&psc=1"><img src="https://m.media-amazon.com/images/I/512GxWL1ejL._SL500_.jpg" alt="Product Image"></a><p>Annie's Organic Birthday Cake Bunny Grahams and Cheddar Bunnies Snack Pack 36 Count, 36 oz</p><p>$16.99 ($0.47 / Ounce)</p><a href="https://www.amazon.com/dp/B0BQTL31PR?tag=eloabder-20&linkCode=osi&th=1&psc=1">View Product</a></div><div class="product"><a href="https://www.amazon.com/dp/B0C17SW6V1?tag=eloabder-20&linkCode=osi&th=1&psc=1"><img src="https://m.media-amazon.com/images/I/51JwHhUMp-L._SL500_.jpg" alt="Product Image"></a><p>Annie's Organic Bunny Fruit Snacks, Variety Pack, Gluten Free, 22 ct, 15.4 oz</p><p>$9.98 ($0.45 / Count)</p><a href="https://www.amazon.com/dp/B0C17SW6V1?tag=eloabder-20&linkCode=osi&th=1&psc=1">View Product</a></div><div class="product"><a href="https://www.amazon.com/dp/B079LY41VY?tag=eloabder-20&linkCode=osi&th=1&psc=1"><img src="https://m.media-amazon.com/images/I/51hNBmR-vOL._SL500_.jpg" alt="Product Image"></a><p>MadeGood Healthy Snacks Variety Pack (40 Count) Organic Assortment of Granola Bars, Granola Mini and Crispy Squares; Individually Wrapped Snacks</p><p>$29.99</p><a href="https://www.amazon.com/dp/B079LY41VY?tag=eloabder-20&linkCode=osi&th=1&psc=1">View Product</a></div><div class="product"><a href="https://www.amazon.com/dp/B0B88WYZVC?tag=eloabder-20&linkCode=osi&th=1&psc=1"><img src="https://m.media-amazon.com/images/I/41jnzaqqPlL._SL500_.jpg" alt="Product Image"></a><p>YumEarth Organic Fruit Snacks Box, 0.7 Ounce (Pack of 10)</p><p>$6.49 ($0.93 / Ounce)</p><a href="https://www.amazon.com/dp/B0B88WYZVC?tag=eloabder-20&linkCode=osi&th=1&psc=1">View Product</a></div><div class="product"><a href="https://www.amazon.com/dp/B087HBLXSM?tag=eloabder-20&linkCode=osi&th=1&psc=1"><img src="https://m.media-amazon.com/images/I/4103I3BvCSL._SL500_.jpg" alt="Product Image"></a><p>Tropical Fields Organic Crispy Coconut Rolls, 11 Oz</p><p>$9.94 ($0.90 / Ounce)</p><a href="https://www.amazon.com/dp/B087HBLXSM?tag=eloabder-20&linkCode=osi&th=1&psc=1">View Product</a></div><div class="product"><a href="https://www.amazon.com/dp/B08L4XZBS1?tag=eloabder-20&linkCode=osi&th=1&psc=1"><img src="https://m.media-amazon.com/images/I/51IN3a2zpZL._SL500_.jpg" alt="Product Image"></a><p>Annie's Organic Fruit Peel-A-Parts Fruit Snacks, Strawberry and Fruit Punch, 12 packs, 6.7 oz.</p><p>$9.99 ($0.83 / Count)</p><a href="https://www.amazon.com/dp/B08L4XZBS1?tag=eloabder-20&linkCode=osi&th=1&psc=1">View Product</a></div><div class="product"><a href="https://www.amazon.com/dp/B088PRVMXL?tag=eloabder-20&linkCode=osi&th=1&psc=1"><img src="https://m.media-amazon.com/images/I/51Lye-KMCNL._SL500_.jpg" alt="Product Image"></a><p>Gimme Seaweed - Sea Salt & Avocado Oil - 20 Count - Organic Roasted Seaweed Sheets - Keto, Vegan, Gluten Free - Great Source of Iodine & Omega 3’s - Healthy On-The-Go Snack for Kids & Adults</p><p>$14.43 ($4.51 / Ounce)</p><a href="https://www.amazon.com/dp/B088PRVMXL?tag=eloabder-20&linkCode=osi&th=1&psc=1">View Product</a></div><div class="product"><a href="https://www.amazon.com/dp/B0792LF5DZ?tag=eloabder-20&linkCode=osi&th=1&psc=1"><img src="https://m.media-amazon.com/images/I/51Ogpal4rKL._SL500_.jpg" alt="Product Image"></a><p>Simply, Variety Pack Snacks, 0.875 Ounce (Pack of 36)</p><p>$22.43 ($0.71 / Ounce)</p><a href="https://www.amazon.com/dp/B0792LF5DZ?tag=eloabder-20&linkCode=osi&th=1&psc=1">View Product</a></div>
<div class="product"><a href="https://www.amazon.com/dp/B07D83162X?tag=eloabder-20&linkCode=osi&th=1&psc=1"><img src="https://m.media-amazon.com/images/I/515OpZM7eUL._SL500_.jpg" alt="Product Image"></a><p>CLIF BAR - Energy Bars - Variety Pack - Made with Organic Oats - 9-11g Protein - Non-GMO - Plant Based - 2.4 oz. (16 Count)</p><p>$25.98 ($0.68 / Ounce)</p><a href="https://www.amazon.com/dp/B07D83162X?tag=eloabder-20&linkCode=osi&th=1&psc=1">View Product</a></div><div class="product"><a href="https://www.amazon.com/dp/B0CXQ6QP2B?tag=eloabder-20&linkCode=osi&th=1&psc=1"><img src="https://m.media-amazon.com/images/I/41zGg7iGu+L._SL500_.jpg" alt="Product Image"></a><p>CLIF BAR - Crunchy Peanut Butter - Made with Organic Oats - 11g Protein - Non-GMO - Plant Based - Energy Bars - 2.4 oz. (15 Pack)</p><p>$17.24 ($0.48 / Ounce)</p><a href="https://www.amazon.com/dp/B0CXQ6QP2B?tag=eloabder-20&linkCode=osi&th=1&psc=1">View Product</a></div><div class="product"><a href="https://www.amazon.com/dp/B00GJ82VK4?tag=eloabder-20&linkCode=osi&th=1&psc=1"><img src="https://m.media-amazon.com/images/I/51j2KOV9-+L._SL500_.jpg" alt="Product Image"></a><p>Pure Protein Bars, High Protein, Nutritious Snacks to Support Energy, Low Sugar, Gluten Free, Chocolate Peanut Butter, 1.76oz, 12 Count (Packaging May Vary)</p><p>$15.55 ($0.73 / Ounce)</p><a href="https://www.amazon.com/dp/B00GJ82VK4?tag=eloabder-20&linkCode=osi&th=1&psc=1">View Product</a></div><div class="product"><a href="https://www.amazon.com/dp/B084R2FJVV?tag=eloabder-20&linkCode=osi&th=1&psc=1"><img src="https://m.media-amazon.com/images/I/51mGjMQ-PjL._SL500_.jpg" alt="Product Image"></a><p>KIND Energy Bars, Chocolate Chunk, Healthy Snacks, Gluten Free, 30 Count</p><p>$35.45 ($0.56 / Ounce)</p><a href="https://www.amazon.com/dp/B084R2FJVV?tag=eloabder-20&linkCode=osi&th=1&psc=1">View Product</a></div><div class="product"><a href="https://www.amazon.com/dp/B0BHMRSNWX?tag=eloabder-20&linkCode=osi&th=1&psc=1"><img src="https://m.media-amazon.com/images/I/51mha5Z8vAL._SL500_.jpg" alt="Product Image"></a><p>Verb Energy - Variety Pack Caffeinated Snack Bars - 110-Calorie Low Sugar Energy Bar - Nutrition Bars - Vegan Snacks - Gluten Free Breakfast Bars with Organic Green Tea, 26g (Pack of 16)</p><p>$28.95 ($1.97 / Ounce)</p><a href="https://www.amazon.com/dp/B0BHMRSNWX?tag=eloabder-20&linkCode=osi&th=1&psc=1">View Product</a></div><div class="product"><a href="https://www.amazon.com/dp/B08939X5HL?tag=eloabder-20&linkCode=osi&th=1&psc=1"><img src="https://m.media-amazon.com/images/I/51RKwNvJZiL._SL500_.jpg" alt="Product Image"></a><p>Nature Valley Chewy Fruit and Nut Granola Bars, Trail Mix, 1.2 oz, 15 ct</p><p>$6.24 ($0.35 / Ounce)</p><a href="https://www.amazon.com/dp/B08939X5HL?tag=eloabder-20&linkCode=osi&th=1&psc=1">View Product</a></div><div class="product"><a href="https://www.amazon.com/dp/B004XEDS5I?tag=eloabder-20&linkCode=osi&th=1&psc=1"><img src="https://m.media-amazon.com/images/I/51dc89OLXjL._SL500_.jpg" alt="Product Image"></a><p>CLIF BAR - Chocolate Chip - Made with Organic Oats - Non-GMO - Plant Based - Energy Bars - 2.4 oz. (12 Pack)</p><p>$15.17 ($0.53 / Ounce)</p><a href="https://www.amazon.com/dp/B004XEDS5I?tag=eloabder-20&linkCode=osi&th=1&psc=1">View Product</a></div><div class="product"><a href="https://www.amazon.com/dp/B07HHK51J9?tag=eloabder-20&linkCode=osi&th=1&psc=1"><img src="https://m.media-amazon.com/images/I/41h0pofx49L._SL500_.jpg" alt="Product Image"></a><p>Quantum Energy Square: Energy Bar with Caffeine & 10g Protein. Delicious Healthy Snack On The Go. (Vegan, Gluten-free, Soy-free, Dairy-free). Flavor: Variety 8Pk</p><p>$19.95 ($1.48 / Ounce)</p><a href="https://www.amazon.com/dp/B07HHK51J9?tag=eloabder-20&linkCode=osi&th=1&psc=1">View Product</a></div><div class="product"><a href="https://www.amazon.com/dp/B0BY3NL6N3?tag=eloabder-20&linkCode=osi&th=1&psc=1"><img src="https://m.media-amazon.com/images/I/61a84haNQXL._SL500_.jpg" alt="Product Image"></a><p>Atkins Soft Baked Energy Bars, Blueberry, 15g Protein,2g Sugar, Excellent Source of Fiber, Low Carb, 4 Packs (5 Bars Each)</p><p>$40.00 ($2.00 / Count)</p><a href="https://www.amazon.com/dp/B0BY3NL6N3?tag=eloabder-20&linkCode=osi&th=1&psc=1">View Product</a></div><div class="product"><a href="https://www.amazon.com/dp/B0767X1YGZ?tag=eloabder-20&linkCode=osi&th=1&psc=1"><img src="https://m.media-amazon.com/images/I/41wLM+HSd7L._SL500_.jpg" alt="Product Image"></a><p>SKRATCH LABS Energy Bar | Cherry + Pistachio (12 pack) | Plant Based Healthy Snack | Low Sugar - 5g Protein | non-gmo, gluten free, soy free, vegan, kosher</p><p>$29.95 ($1.41 / Ounce)</p><a href="https://www.amazon.com/dp/B0767X1YGZ?tag=eloabder-20&linkCode=osi&th=1&psc=1">View Product</a></div>
<div class="product"><a href="https://www.amazon.com/dp/B00819SSGK?tag=eloabder-20&linkCode=osi&th=1&psc=1"><img src="https://m.media-amazon.com/images/I/51OoPlQlUFL._SL500_.jpg" alt="Product Image"></a><p>Orville Redenbacher's Original Gourmet Popping Corn Kernels, 8 lb.</p><p>$13.28 ($0.10 / Ounce)</p><a href="https://www.amazon.com/dp/B00819SSGK?tag=eloabder-20&linkCode=osi&th=1&psc=1">View Product</a></div><div class="product"><a href="https://www.amazon.com/dp/B0C8QMKF7K?tag=eloabder-20&linkCode=osi&th=1&psc=1"><img src="https://m.media-amazon.com/images/I/41Q1zRw163L._SL500_.jpg" alt="Product Image"></a><p>Extra Buttery Caramel Gourmet Popcorn | 6 Cups Total | Made From Scratch, Made in USA, & GMO-Free | Great as a Snack, Gift, Thank You, & Movie Night - (10.8oz Total)</p><p>$8.99 ($0.83 / Ounce)</p><a href="https://www.amazon.com/dp/B0C8QMKF7K?tag=eloabder-20&linkCode=osi&th=1&psc=1">View Product</a></div><div class="product"><a href="https://www.amazon.com/dp/B0CKLW62T5?tag=eloabder-20&linkCode=osi&th=1&psc=1"><img src="https://m.media-amazon.com/images/I/51UzqTDjfaL._SL500_.jpg" alt="Product Image"></a><p>Garrett Popcorn Garrett Mix, 6.0oz, 4 Bags, Cheese and Caramel Gourmet Popcorn, Gluten Free, Sweet and Salty Snack, Popped Popcorn Bags</p><p>$24.95 ($1.04 / Ounce)</p><a href="https://www.amazon.com/dp/B0CKLW62T5?tag=eloabder-20&linkCode=osi&th=1&psc=1">View Product</a></div><div class="product"><a href="https://www.amazon.com/dp/B07JN5467R?tag=eloabder-20&linkCode=osi&th=1&psc=1"><img src="https://m.media-amazon.com/images/I/51vsJLZ79WL._SL500_.jpg" alt="Product Image"></a><p>Urban Accents MOVIE NIGHT Popcorn Kernels and Popcorn Seasoning Variety Pack (set of 8) - 3 Non-GMO Popcorn Kernel Packs and 5 Gourmet Popcorn Snack Seasoning</p><p>$22.00 ($1.01 / Ounce)</p><a href="https://www.amazon.com/dp/B07JN5467R?tag=eloabder-20&linkCode=osi&th=1&psc=1">View Product</a></div><div class="product"><a href="https://www.amazon.com/dp/B0C9592XTW?tag=eloabder-20&linkCode=osi&th=1&psc=1"><img src="https://m.media-amazon.com/images/I/41DvOymNLML._SL500_.jpg" alt="Product Image"></a><p>Funky Chunky Gourmet Popcorn, Chocolatey Popcorn, Pretzel, and Nutty Mixes, Peanut Butter Cup Popcorn, 19-Ounce Large Bag (Pack of 1)</p><p>$15.00 ($0.79 / Ounce)</p><a href="https://www.amazon.com/dp/B0C9592XTW?tag=eloabder-20&linkCode=osi&th=1&psc=1">View Product</a></div><div class="product"><a href="https://www.amazon.com/dp/B0D3FH1GW4?tag=eloabder-20&linkCode=osi&th=1&psc=1"><img src="https://m.media-amazon.com/images/I/51hBtOn2I4L._SL500_.jpg" alt="Product Image"></a><p>Garrett Popcorn Garrett Mix, 1.9oz, 12 Bags, Cheese and Caramel Gourmet Popcorn, Gluten Free, Sweet and Salty Snack Bags, Popped Popcorn Bags, Multipack</p><p>$29.95 ($1.31 / Ounce)</p><a href="https://www.amazon.com/dp/B0D3FH1GW4?tag=eloabder-20&linkCode=osi&th=1&psc=1">View Product</a></div><div class="product"><a href="https://www.amazon.com/dp/B00Q0PWE7Q?tag=eloabder-20&linkCode=osi&th=1&psc=1"><img src="https://m.media-amazon.com/images/I/51jM1d0eF8L._SL500_.jpg" alt="Product Image"></a><p>Popcornopolis Gourmet Caramel Corn Popcorn, Popped Popcorn Snack Bags 9.5 Oz</p><p>$8.99 ($0.95 / Ounce)</p><a href="https://www.amazon.com/dp/B00Q0PWE7Q?tag=eloabder-20&linkCode=osi&th=1&psc=1">View Product</a></div><div class="product"><a href="https://www.amazon.com/dp/B00D2H6LOW?tag=eloabder-20&linkCode=osi&th=1&psc=1"><img src="https://m.media-amazon.com/images/I/41iePRgsY5L._SL500_.jpg" alt="Product Image"></a><p>Thatcher's Gourmet Specialties Fruit Medley, 8 Oz (Pack of 1)</p><p>$6.25 ($0.78 / Ounce)</p><a href="https://www.amazon.com/dp/B00D2H6LOW?tag=eloabder-20&linkCode=osi&th=1&psc=1">View Product</a></div>
<div class="product"><a href="https://www.amazon.com/dp/B07ZXN7LPC?tag=eloabder-20&linkCode=osi&th=1&psc=1"><img src="https://m.media-amazon.com/images/I/51YkD3V1JyL._SL500_.jpg" alt="Product Image"></a><p>Mantova Organic Italian Specialty Pasta, Caserecce (2 packs of 1 lb. each) - Artisan Pasta, Non-GMO, Vegan, Kosher Certified, and Imported From Italy, Premium Quality</p><p>$12.99 ($0.41 / Ounce)</p><a href="https://www.amazon.com/dp/B07ZXN7LPC?tag=eloabder-20&linkCode=osi&th=1&psc=1">View Product</a></div><div class="product"><a href="https://www.amazon.com/dp/B01F2Z8ZOU?tag=eloabder-20&linkCode=osi&th=1&psc=1"><img src="https://m.media-amazon.com/images/I/51MK8iWLCgL._SL500_.jpg" alt="Product Image"></a><p>Mantova Organic Italian Specialty Pasta, Lumaconi, 1 lb (Pack of 2)</p><p>$13.99 ($0.87 / Ounce)</p><a href="https://www.amazon.com/dp/B01F2Z8ZOU?tag=eloabder-20&linkCode=osi&th=1&psc=1">View Product</a></div><div class="product"><a href="https://www.amazon.com/dp/B004N5HA6A?tag=eloabder-20&linkCode=osi&th=1&psc=1"><img src="https://m.media-amazon.com/images/I/517oR0RhHgL._SL500_.jpg" alt="Product Image"></a><p>Morelli Gourmet Pasta Italian Gift Basket From Italy - Tricolor Pasta Linguine Set - Red Chili, Garlic & Basil, and Lemon Pasta - Tricolored Organic Pasta from Italy, Made in Italy (3x 8.8 Ounce)</p><p>$31.99 ($1.21 / Ounce)</p><a href="https://www.amazon.com/dp/B004N5HA6A?tag=eloabder-20&linkCode=osi&th=1&psc=1">View Product</a></div><div class="product"><a href="https://www.amazon.com/dp/B00I8R5HSW?tag=eloabder-20&linkCode=osi&th=1&psc=1"><img src="https://m.media-amazon.com/images/I/41miThBoNtL._SL500_.jpg" alt="Product Image"></a><p>Mafaldine Italian Pasta di Gragnano | I.G.P. Protected | USDA Certified Organic | 17.6 Ounce | 500 Gram</p><p>$12.95 ($0.73 / Ounce)</p><a href="https://www.amazon.com/dp/B00I8R5HSW?tag=eloabder-20&linkCode=osi&th=1&psc=1">View Product</a></div><div class="product"><a href="https://www.amazon.com/dp/B0B1469JM5?tag=eloabder-20&linkCode=osi&th=1&psc=1"><img src="https://m.media-amazon.com/images/I/51spzGwiJ9L._SL500_.jpg" alt="Product Image"></a><p>Morelli Busiate, Pici, and Bucatini Organic Pasta Variety Pack - Imported Italian Pasta Sampler - Specialty Assortment Includes Three-17.6 oz Packages of Gourmet Pasta from Italy</p><p>$39.99 ($0.76 / Ounce)</p><a href="https://www.amazon.com/dp/B0B1469JM5?tag=eloabder-20&linkCode=osi&th=1&psc=1">View Product</a></div><div class="product"><a href="https://www.amazon.com/dp/B083X2P94L?tag=eloabder-20&linkCode=osi&th=1&psc=1"><img src="https://m.media-amazon.com/images/I/51APpkv+ImL._SL500_.jpg" alt="Product Image"></a><p>Pasta Deliziosa! Handcrafted Pasta Variety Pack, All Flavors, 12 Ounce (Pack of 6)</p><p>$38.99 ($3.25 / Ounce)</p><a href="https://www.amazon.com/dp/B083X2P94L?tag=eloabder-20&linkCode=osi&th=1&psc=1">View Product</a></div><div class="product"><a href="https://www.amazon.com/dp/B0793LPXRN?tag=eloabder-20&linkCode=osi&th=1&psc=1"><img src="https://m.media-amazon.com/images/I/41zIY0jxDdL._SL500_.jpg" alt="Product Image"></a><p>La Molisana Pasta Anellini Siciliani, 16 oz</p><p>$6.95 ($0.43 / Ounce)</p><a href="https://www.amazon.com/dp/B0793LPXRN?tag=eloabder-20&linkCode=osi&th=1&psc=1">View Product</a></div><div class="product"><a href="https://www.amazon.com/dp/B006ODJEBS?tag=eloabder-20&linkCode=osi&th=1&psc=1"><img src="https://m.media-amazon.com/images/I/51x4T3SOw1L._SL500_.jpg" alt="Product Image"></a><p>La Molisana Pasta Fusilli Bucati Cort, 1 Pound (Pack of 1)</p><p>$7.99 ($0.05 / Ounce)</p><a href="https://www.amazon.com/dp/B006ODJEBS?tag=eloabder-20&linkCode=osi&th=1&psc=1">View Product</a></div><div class="product"><a href="https://www.amazon.com/dp/B0095F92HS?tag=eloabder-20&linkCode=osi&th=1&psc=1"><img src="https://m.media-amazon.com/images/I/51IXE-gW1gL._SL500_.jpg" alt="Product Image"></a><p>De Cecco Pasta, Egg Pappardelle, 8.8 Ounce</p><p>$2.50 ($0.28 / Ounce)</p><a href="https://www.amazon.com/dp/B0095F92HS?tag=eloabder-20&linkCode=osi&th=1&psc=1">View Product</a></div><div class="product"><a href="https://www.amazon.com/dp/B000LRH8AM?tag=eloabder-20&linkCode=osi&th=1&psc=1"><img src="https://m.media-amazon.com/images/I/517Gsx3xbQL._SL500_.jpg" alt="Product Image"></a><p>RiceSelect Tri-Color Orzo Rice-Shaped Pasta, Premium Spinach- and Tomato-Flavored Non-GMO Orzo Pasta, 32-Ounce Jar</p><p>$7.29 ($0.28 / Ounce)</p><a href="https://www.amazon.com/dp/B000LRH8AM?tag=eloabder-20&linkCode=osi&th=1&psc=1">View Product</a></div>
<div class="product"><a href="https://www.amazon.com/dp/B00LUK2TGC?tag=eloabder-20&linkCode=osi&th=1&psc=1"><img src="https://m.media-amazon.com/images/I/51-6ifc3VmL._SL500_.jpg" alt="Product Image"></a><p>The Gourmet Choice Gift Basket by Wine Country Gift Baskets</p><p>$83.35</p><a href="https://www.amazon.com/dp/B00LUK2TGC?tag=eloabder-20&linkCode=osi&th=1&psc=1">View Product</a></div><div class="product"><a href="https://www.amazon.com/dp/B009LHPJ1S?tag=eloabder-20&linkCode=osi&th=1&psc=1"><img src="https://m.media-amazon.com/images/I/51cf0AEkjgL._SL500_.jpg" alt="Product Image"></a><p>Wine Country Gift Baskets Gourmet Feast Perfect For Family, Friends, Co-Workers, Loved Ones and Clients</p><p>$59.95</p><a href="https://www.amazon.com/dp/B009LHPJ1S?tag=eloabder-20&linkCode=osi&th=1&psc=1">View Product</a></div><div class="product"><a href="https://www.amazon.com/dp/B004D9XYWU?tag=eloabder-20&linkCode=osi&th=1&psc=1"><img src="https://m.media-amazon.com/images/I/515H6eRSagL._SL500_.jpg" alt="Product Image"></a><p>A Gift Inside Chocolate, Caramel and Crunch Grand Gift Basket</p><p>$42.95</p><a href="https://www.amazon.com/dp/B004D9XYWU?tag=eloabder-20&linkCode=osi&th=1&psc=1">View Product</a></div><div class="product"><a href="https://www.amazon.com/dp/B00BY78O7Y?tag=eloabder-20&linkCode=osi&th=1&psc=1"><img src="https://m.media-amazon.com/images/I/51sFeewMqVL._SL500_.jpg" alt="Product Image"></a><p>The Bon Appetit Gourmet Gift Basket by Wine Country Gift Baskets Gift for Families College Students Appreciation Thank You Congratulations Get Well Soon Care Package</p><p>$49.95</p><a href="https://www.amazon.com/dp/B00BY78O7Y?tag=eloabder-20&linkCode=osi&th=1&psc=1">View Product</a></div><div class="product"><a href="https://www.amazon.com/dp/B07CHSN691?tag=eloabder-20&linkCode=osi&th=1&psc=1"><img src="https://m.media-amazon.com/images/I/51-Qvkf4yFL._SL500_.jpg" alt="Product Image"></a><p>Dried Fruit Gift Basket– Healthy Gourmet Snack Box - Holiday Food Tray - Variety Snacks - Birthday, Sympathy, Mom, Dad, Corporate Tray - Bonnie & Pop</p><p>$37.99</p><a href="https://www.amazon.com/dp/B07CHSN691?tag=eloabder-20&linkCode=osi&th=1&psc=1">View Product</a></div><div class="product"><a href="https://www.amazon.com/dp/B00FBGKCHE?tag=eloabder-20&linkCode=osi&th=1&psc=1"><img src="https://m.media-amazon.com/images/I/51anmoX7EkL._SL500_.jpg" alt="Product Image"></a><p>Broadway Basketeers Chocolate Gift Basket Snack Gifts for Women, Men, Families, College, Appreciation, Thank You, Birthday, Corporate, Get Well Soon, Sympathy Care Package</p><p>$48.70 ($48.70 / Count)</p><a href="https://www.amazon.com/dp/B00FBGKCHE?tag=eloabder-20&linkCode=osi&th=1&psc=1">View Product</a></div><div class="product"><a href="https://www.amazon.com/dp/B00BY78O60?tag=eloabder-20&linkCode=osi&th=1&psc=1"><img src="https://m.media-amazon.com/images/I/51vKfvc7JTL._SL500_.jpg" alt="Product Image"></a><p>Wine Country Gift Baskets The Connoisseur Gourmet Gift Basket Food Gift Basket for Families College Students Appreciation Thank You Congratulations Get Well Soon Care Package</p><p>$56.36</p><a href="https://www.amazon.com/dp/B00BY78O60?tag=eloabder-20&linkCode=osi&th=1&psc=1">View Product</a></div><div class="product"><a href="https://www.amazon.com/dp/B07FT598PM?tag=eloabder-20&linkCode=osi&th=1&psc=1"><img src="https://m.media-amazon.com/images/I/51OJVHYoRsL._SL500_.jpg" alt="Product Image"></a><p>Wine Country Gift Baskets Gourmet Deluxe Gift Basket</p><p>$99.95</p><a href="https://www.amazon.com/dp/B07FT598PM?tag=eloabder-20&linkCode=osi&th=1&psc=1">View Product</a></div>
<div class="product"><a href="https://www.amazon.com/dp/B0B5ZTZL6G?tag=eloabder-20&linkCode=osi&th=1&psc=1"><img src="https://m.media-amazon.com/images/I/51rZYLnRlVL._SL500_.jpg" alt="Product Image"></a><p>Reinmoson Tea Strainers for Loose Tea, Extra Fine Mesh Tea Infuser, 304 Stainless Steel & Updated Slim Threaded Lid, Loose Leaf Tea Steeper for Black Tea, Rooibos, etc</p><p>$9.99</p><a href="https://www.amazon.com/dp/B0B5ZTZL6G?tag=eloabder-20&linkCode=osi&th=1&psc=1">View Product</a></div><div class="product"><a href="https://www.amazon.com/dp/B00SBTK5KW?tag=eloabder-20&linkCode=osi&th=1&psc=1"><img src="https://m.media-amazon.com/images/I/414cqIbd9eL._SL500_.jpg" alt="Product Image"></a><p>Tea Forte Single Steeps Loose Leaf Lotus Tea Sampler, Assorted Variety Tea Box, Serve Pouches,15 Count (Pack of 1)</p><p>$18.00 ($9.33 / Ounce)</p><a href="https://www.amazon.com/dp/B00SBTK5KW?tag=eloabder-20&linkCode=osi&th=1&psc=1">View Product</a></div><div class="product"><a href="https://www.amazon.com/dp/B08VMR4MXN?tag=eloabder-20&linkCode=osi&th=1&psc=1"><img src="https://m.media-amazon.com/images/I/51qQv4-VV3L._SL500_.jpg" alt="Product Image"></a><p>Twinings Tea Sampler Set 12 Flavors Assortment 48 Assorted Tea Bags with 20 Honey Sticks for Tea, Straws and Naturally Caffeine Free Herbal Tea Set…</p><p>$22.96 ($22.96 / Count)</p><a href="https://www.amazon.com/dp/B08VMR4MXN?tag=eloabder-20&linkCode=osi&th=1&psc=1">View Product</a></div><div class="product"><a href="https://www.amazon.com/dp/B074T2FWJY?tag=eloabder-20&linkCode=osi&th=1&psc=1"><img src="https://m.media-amazon.com/images/I/41n1uoomGAL._SL500_.jpg" alt="Product Image"></a><p>10Pcs Heart Tea Infuser for Loose Leaf Tea Steeper - Tea Diffusers for Loose Tea Leaf Steeper Tea Strainers for Loose Tea Infuser Spoon - Tea Steeper for Loose Tea Strainer Heart Shaped Tea Infuser</p><p>$9.98 ($1.00 / Count)</p><a href="https://www.amazon.com/dp/B074T2FWJY?tag=eloabder-20&linkCode=osi&th=1&psc=1">View Product</a></div><div class="product"><a href="https://www.amazon.com/dp/B074L4MZRY?tag=eloabder-20&linkCode=osi&th=1&psc=1"><img src="https://m.media-amazon.com/images/I/418v4F8ZhkL._SL500_.jpg" alt="Product Image"></a><p>VAHDAM Perfect Measure Loose Leaf Tea Spoon | Premium Quality Stainless Steel Tea Scoop | Perfect Measuring Teaspoons To Brew 1 Cup Of Loose Leaf Tea & Matcha</p><p>$7.99</p><a href="https://www.amazon.com/dp/B074L4MZRY?tag=eloabder-20&linkCode=osi&th=1&psc=1">View Product</a></div><div class="product"><a href="https://www.amazon.com/dp/B09FF6P7BL?tag=eloabder-20&linkCode=osi&th=1&psc=1"><img src="https://m.media-amazon.com/images/I/41oGPC0w7ML._SL500_.jpg" alt="Product Image"></a><p>Cute Tea Infuser by OTOTO - Loose Leaf Tea Steeper, Tea Accessories, Tea Diffusers, Tea Infuser for Loose Leaf Tea, Tea Strainers, Cute Gifts, Tea Gift Set, Kitchen Gifts, Cooking Gadgets</p><p>$14.95</p><a href="https://www.amazon.com/dp/B09FF6P7BL?tag=eloabder-20&linkCode=osi&th=1&psc=1">View Product</a></div><div class="product"><a href="https://www.amazon.com/dp/B072XP4FQK?tag=eloabder-20&linkCode=osi&th=1&psc=1"><img src="https://m.media-amazon.com/images/I/31Lfv+7oU6L._SL500_.jpg" alt="Product Image"></a><p>Tea Infuser (Set of 2 Pyramid & Square) with Tea Scoop | Ultra Fine Tea Strainer for Loose Leaf Tea | Stainless Steel Tea Steeper for a Superior Brewing Experience</p><p>$9.99</p><a href="https://www.amazon.com/dp/B072XP4FQK?tag=eloabder-20&linkCode=osi&th=1&psc=1">View Product</a></div><div class="product"><a href="https://www.amazon.com/dp/B0D2SCT4C4?tag=eloabder-20&linkCode=osi&th=1&psc=1"><img src="https://m.media-amazon.com/images/I/51vJnfc4-JL._SL500_.jpg" alt="Product Image"></a><p>Organic Tea Gift Set with Portable Kettle - 36 Piece Tea Gifts for Tea Lovers - Includes Insulated Mug, Assorted Organic Teas, Honey Sticks & Tea Accessories - Ultimate Brewing Experience</p><p>$56.90</p><a href="https://www.amazon.com/dp/B0D2SCT4C4?tag=eloabder-20&linkCode=osi&th=1&psc=1">View Product</a></div>
<div class="product"><a href="https://www.amazon.com/dp/B01NAV05XS?tag=eloabder-20&linkCode=osi&th=1&psc=1"><img src="https://m.media-amazon.com/images/I/51xpd-egLaL._SL500_.jpg" alt="Product Image"></a><p>Torani Variety Pack Caramel, French Vanilla, Vanilla & Hazelnut, 25.4 Ounces (Pack of 4)</p><p>$35.99 ($0.35 / Fl Oz)</p><a href="https://www.amazon.com/dp/B01NAV05XS?tag=eloabder-20&linkCode=osi&th=1&psc=1">View Product</a></div><div class="product"><a href="https://www.amazon.com/dp/B084NVN1J6?tag=eloabder-20&linkCode=osi&th=1&psc=1"><img src="https://m.media-amazon.com/images/I/51Vz7p8hhyL._SL500_.jpg" alt="Product Image"></a><p>Bones Coffee Company Cookies 'N Dreams Coffee Beans, Cookies & Cream Flavor, Low Acid Flavored Coffee, Made with Arabica Coffee Beans, Medium Roast Gourmet Coffee (12 oz)</p><p>$17.99 ($1.50 / Ounce)</p><a href="https://www.amazon.com/dp/B084NVN1J6?tag=eloabder-20&linkCode=osi&th=1&psc=1">View Product</a></div><div class="product"><a href="https://www.amazon.com/dp/B0C2DHCBD6?tag=eloabder-20&linkCode=osi&th=1&psc=1"><img src="https://m.media-amazon.com/images/I/51wa33jmF7L._SL500_.jpg" alt="Product Image"></a><p>Torani Puremade Sauce Variety Pack, 4 Flavors, 16.5 Ounces Bottle (Set of 4)</p><p>$25.99 ($0.39 / Ounce)</p><a href="https://www.amazon.com/dp/B0C2DHCBD6?tag=eloabder-20&linkCode=osi&th=1&psc=1">View Product</a></div><div class="product"><a href="https://www.amazon.com/dp/B000S75D66?tag=eloabder-20&linkCode=osi&th=1&psc=1"><img src="https://m.media-amazon.com/images/I/41AZMaoxbWL._SL500_.jpg" alt="Product Image"></a><p>illy Ground Coffee Moka - 100% Arabica Flavored Coffee Ground - Rich Aromatic Coffee Grounds Profile – Classico Medium Roast - Notes of Caramel, Orange Blossom & Jasmine - No Preservatives – 8.8 Ounce</p><p>$13.85 ($1.57 / Ounce)</p><a href="https://www.amazon.com/dp/B000S75D66?tag=eloabder-20&linkCode=osi&th=1&psc=1">View Product</a></div><div class="product"><a href="https://www.amazon.com/dp/B0BBY6V5T3?tag=eloabder-20&linkCode=osi&th=1&psc=1"><img src="https://m.media-amazon.com/images/I/515wvEFTD7L._SL500_.jpg" alt="Product Image"></a><p>Bones Coffee Company NEW World Tour Sample Pack | Ground Coffee Beans Sampler Gift Box Set | 4 oz Pack of 5 Assorted Single-Origin Gourmet Coffee Gifts | Medium Roast Coffee Beverages (Ground)</p><p>$34.99 ($1.75 / Ounce)</p><a href="https://www.amazon.com/dp/B0BBY6V5T3?tag=eloabder-20&linkCode=osi&th=1&psc=1">View Product</a></div>

<div class="product"><a href="https://www.amazon.com/dp/B01E4C982U?tag=eloabder-20&linkCode=osi&th=1&psc=1"><img src="https://m.media-amazon.com/images/I/51nAunBrSiL._SL500_.jpg" alt="Product Image"></a><p>Green Tea leaves Sencha, JAS Certified Organic, Japanese Tea, Uji-Kyoto, 80g Bag 【YAMASAN】</p><p>$14.70 ($5.25 / Ounce)</p><a href="https://www.amazon.com/dp/B01E4C982U?tag=eloabder-20&linkCode=osi&th=1&psc=1">View Product</a></div><div class="product"><a href="https://www.amazon.com/dp/B000SARJF6?tag=eloabder-20&linkCode=osi&th=1&psc=1"><img src="https://m.media-amazon.com/images/I/51hE2hmSzuL._SL500_.jpg" alt="Product Image"></a><p>Davidson's Tea Bulk, English Breakfast, 16 Ounce</p><p>$15.99 ($1.00 / Ounce)</p><a href="https://www.amazon.com/dp/B000SARJF6?tag=eloabder-20&linkCode=osi&th=1&psc=1">View Product</a></div><div class="product"><a href="https://www.amazon.com/dp/B008FOLQRE?tag=eloabder-20&linkCode=osi&th=1&psc=1"><img src="https://m.media-amazon.com/images/I/51F0rcvhhvL._SL500_.jpg" alt="Product Image"></a><p>Traditional Medicinals Organic Raspberry Leaf Herbal Tea, Eases Menstrual Cramps & Supports Healthy Pregnancy, (Pack of 1) - 16 Tea Bags</p><p>$4.92 ($5.79 / Ounce)</p><a href="https://www.amazon.com/dp/B008FOLQRE?tag=eloabder-20&linkCode=osi&th=1&psc=1">View Product</a></div><div class="product"><a href="https://www.amazon.com/dp/B00136MKEO?tag=eloabder-20&linkCode=osi&th=1&psc=1"><img src="https://m.media-amazon.com/images/I/41Ll68Q3iLL._SL500_.jpg" alt="Product Image"></a><p>Ahmad Tea Earl Grey Aromatic Loose Tea, Ceylon Caddy, 17.6 Oz</p><p>$14.87 ($0.84 / Ounce)</p><a href="https://www.amazon.com/dp/B00136MKEO?tag=eloabder-20&linkCode=osi&th=1&psc=1">View Product</a></div><div class="product"><a href="https://www.amazon.com/dp/B087G3NQGN?tag=eloabder-20&linkCode=osi&th=1&psc=1"><img src="https://m.media-amazon.com/images/I/51wev+SayvL._SL500_.jpg" alt="Product Image"></a><p>TIAN HU SHAN Premium Green Tea Loose Leaf 16 Ounce (454g)</p><p>$14.98 ($0.94 / Ounce)</p><a href="https://www.amazon.com/dp/B087G3NQGN?tag=eloabder-20&linkCode=osi&th=1&psc=1">View Product</a></div><div class="product"><a href="https://www.amazon.com/dp/B007Y94GN2?tag=eloabder-20&linkCode=osi&th=1&psc=1"><img src="https://m.media-amazon.com/images/I/51hqdPaNJYL._SL500_.jpg" alt="Product Image"></a><p>The Tao of Tea, Hibiscus Ginger Tea, Loose Leaf, 3.0 Ounce Tin to make 50 cups</p><p>$10.90 ($3.63 / Ounce)</p><a href="https://www.amazon.com/dp/B007Y94GN2?tag=eloabder-20&linkCode=osi&th=1&psc=1">View Product</a></div><div class="product"><a href="https://www.amazon.com/dp/B0D3WN5RG3?tag=eloabder-20&linkCode=osi&th=1&psc=1"><img src="https://m.media-amazon.com/images/I/5109jIe8NoL._SL500_.jpg" alt="Product Image"></a><p>Mevlana Ceylon Tea, Loose Leaf, 1 Lbs - Best Ceylon Black Tea Leaves from Sri Lanka - Loose Leaf Black Tea</p><p>$14.99 ($0.94 / Ounce)</p><a href="https://www.amazon.com/dp/B0D3WN5RG3?tag=eloabder-20&linkCode=osi&th=1&psc=1">View Product</a></div><div class="product"><a href="https://www.amazon.com/dp/B087G345SM?tag=eloabder-20&linkCode=osi&th=1&psc=1"><img src="https://m.media-amazon.com/images/I/51gQfgKqklL._SL500_.jpg" alt="Product Image"></a><p>TIAN HU SHAN Premium Oolong Tea Loose Leaf 14 Ounce (400g)</p><p>$14.99 ($1.07 / Ounce)</p><a href="https://www.amazon.com/dp/B087G345SM?tag=eloabder-20&linkCode=osi&th=1&psc=1">View Product</a></div>
<div class="product"><a href="https://www.amazon.com/dp/B08XWVFTKS?tag=eloabder-20&linkCode=osi&th=1&psc=1"><img src="https://m.media-amazon.com/images/I/41hJk3cTdnL._SL500_.jpg" alt="Product Image"></a><p>Lindt Gourmet Chocolate Truffles Gift Box, Assorted Chocolate Truffles, Great for gift giving, 14.7 Ounces</p><p>$24.99 ($1.70 / Ounce)</p><a href="https://www.amazon.com/dp/B08XWVFTKS?tag=eloabder-20&linkCode=osi&th=1&psc=1">View Product</a></div>

Aucun résultat trouvé.
<div class="product"><a href="https://www.amazon.com/dp/B07BQXJ123?tag=eloabder-20&linkCode=osi&th=1&psc=1"><img src="https://m.media-amazon.com/images/I/41h4IsgjbZL._SL500_.jpg" alt="Product Image"></a><p>Squirrel Brand Sweet Brown Butter Cashews, 3.5 Ounces Resealable Bag, Gluten Free, Vegetarian</p><p>$2.74 ($0.78 / Fl Oz)</p><a href="https://www.amazon.com/dp/B07BQXJ123?tag=eloabder-20&linkCode=osi&th=1&psc=1">View Product</a></div><div class="product"><a href="https://www.amazon.com/dp/B003P02EGU?tag=eloabder-20&linkCode=osi&th=1&psc=1"><img src="https://m.media-amazon.com/images/I/51aUMBXF71L._SL500_.jpg" alt="Product Image"></a><p>Sparkling Ice, Black Raspberry Sparkling Water, Zero Sugar Flavored Water, with Vitamins and Antioxidants, Low Calorie Beverage, 17 fl oz Bottles (Pack of 12)</p><p>$9.98 ($0.05 / Fl Oz)</p><a href="https://www.amazon.com/dp/B003P02EGU?tag=eloabder-20&linkCode=osi&th=1&psc=1">View Product</a></div><div class="product"><a href="https://www.amazon.com/dp/B0C6RG22VN?tag=eloabder-20&linkCode=osi&th=1&psc=1"><img src="https://m.media-amazon.com/images/I/31fjAuuWWNL._SL500_.jpg" alt="Product Image"></a><p>Bauducco Vanilla Wafers - Crispy Wafer Cookies With 3 Delicious, Indulgent, Decadent Layers of Vanilla Flavored Cream - Delicious Sweet Snack or Desert - 5.0 oz (Pack of 1)</p><p>$1.59 ($0.32 / Ounce)</p><a href="https://www.amazon.com/dp/B0C6RG22VN?tag=eloabder-20&linkCode=osi&th=1&psc=1">View Product</a></div><div class="product"><a href="https://www.amazon.com/dp/B09W5ZVDD2?tag=eloabder-20&linkCode=osi&th=1&psc=1"><img src="https://m.media-amazon.com/images/I/41SSfHVmdrL._SL500_.jpg" alt="Product Image"></a><p>Cinnamon Toast Crunch Creamy Cinnamon Spread, 10 Ounce</p><p>$2.48 ($0.25 / Ounce)</p><a href="https://www.amazon.com/dp/B09W5ZVDD2?tag=eloabder-20&linkCode=osi&th=1&psc=1">View Product</a></div><div class="product"><a href="https://www.amazon.com/dp/B00L2MWLMK?tag=eloabder-20&linkCode=osi&th=1&psc=1"><img src="https://m.media-amazon.com/images/I/51dBawJ2u9L._SL500_.jpg" alt="Product Image"></a><p>Duncan Hines Dark Chocolate Fudge Brownie Mix, 18.2 OZ</p><p>$1.54 ($0.08 / Ounce)</p><a href="https://www.amazon.com/dp/B00L2MWLMK?tag=eloabder-20&linkCode=osi&th=1&psc=1">View Product</a></div><div class="product"><a href="https://www.amazon.com/dp/B004M15U12?tag=eloabder-20&linkCode=osi&th=1&psc=1"><img src="https://m.media-amazon.com/images/I/51WF3t7pADL._SL500_.jpg" alt="Product Image"></a><p>PLANTERS Deluxe Salted Whole Cashews, Party Snacks, Plant-Based Protein, Quick Snack for Adults, After School Snack, Roasted Cashew Flavored with Sea Salt, Bulk Nuts, Kosher, 1 lb 2.25oz Canister</p><p>$9.98 ($0.55 / Ounce)</p><a href="https://www.amazon.com/dp/B004M15U12?tag=eloabder-20&linkCode=osi&th=1&psc=1">View Product</a></div><div class="product"><a href="https://www.amazon.com/dp/B078J62RYJ?tag=eloabder-20&linkCode=osi&th=1&psc=1"><img src="https://m.media-amazon.com/images/I/51AXLNUF66L._SL500_.jpg" alt="Product Image"></a><p>PLANTERS Deluxe Mixed Nuts, Cashews, Almonds, Pecans, Pistachios, Hazelnuts, Roasted with Sea Salt, Party Snacks, Plant-Based Protein, Quick Snack for Adults, After School Snack, 27oz Container</p><p>$17.51 ($0.65 / Ounce)</p><a href="https://www.amazon.com/dp/B078J62RYJ?tag=eloabder-20&linkCode=osi&th=1&psc=1">View Product</a></div><div class="product"><a href="https://www.amazon.com/dp/B0BSB1D65T?tag=eloabder-20&linkCode=osi&th=1&psc=1"><img src="https://m.media-amazon.com/images/I/51u9sSRdlIL._SL500_.jpg" alt="Product Image"></a><p>PLANTERS Cashews Cinnamon & Brown Sugar, Party Snacks, 5 Oz Bag</p><p>$3.50 ($0.70 / Ounce)</p><a href="https://www.amazon.com/dp/B0BSB1D65T?tag=eloabder-20&linkCode=osi&th=1&psc=1">View Product</a></div><div class="product"><a href="https://www.amazon.com/dp/B0BN4LZ5P3?tag=eloabder-20&linkCode=osi&th=1&psc=1"><img src="https://m.media-amazon.com/images/I/51OLBHQEeSL._SL500_.jpg" alt="Product Image"></a><p>Planters Dry Roasted Bold & Savory Peanuts, Party Snacks, Plant-Based Protein, 16 Oz Jar</p><p>$2.98 ($0.19 / Ounce)</p><a href="https://www.amazon.com/dp/B0BN4LZ5P3?tag=eloabder-20&linkCode=osi&th=1&psc=1">View Product</a></div>

<div class="product"><a href="https://www.amazon.com/dp/B0CJQJYYVQ?tag=eloabder-20&linkCode=osi&th=1&psc=1"><img src="https://m.media-amazon.com/images/I/51mbf3FOrUL._SL500_.jpg" alt="Product Image"></a><p>Dried Fruit and Nuts Gift Baskets, 9 Healthy Varieties of Nuts & Dried Fruit Gifts, Gourmet Prime Candy Basket Delivery, Family Edible Food Ideas for All, Anniversary, Birthday, Care Package, Corporate Gifts</p><p>$24.99 ($24.99 / Count)</p><a href="https://www.amazon.com/dp/B0CJQJYYVQ?tag=eloabder-20&linkCode=osi&th=1&psc=1">View Product</a></div><div class="product"><a href="https://www.amazon.com/dp/B0BRYN42RF?tag=eloabder-20&linkCode=osi&th=1&psc=1"><img src="https://m.media-amazon.com/images/I/61sztsxabsL._SL500_.jpg" alt="Product Image"></a><p>Dried Fruit & Nuts Gift Basket Arrangement Platter, Gourmet Food Snack Box, For Fathers Day, Birthday Care Package, Healthy Kosher - Her Him - 12 Snackberry Assortment (Single)</p><p>$24.99 ($1.03 / Ounce)</p><a href="https://www.amazon.com/dp/B0BRYN42RF?tag=eloabder-20&linkCode=osi&th=1&psc=1">View Product</a></div><div class="product"><a href="https://www.amazon.com/dp/B0CZ4H5N2S?tag=eloabder-20&linkCode=osi&th=1&psc=1"><img src="https://m.media-amazon.com/images/I/51NLO50v2cL._SL500_.jpg" alt="Product Image"></a><p>Variety Dried Fuit Gift Basket, Fathers Day Gift Basket, Gift Box for Birthday. Anniversary, Get Well Gift, Gift for Him, Her and Family, Snackberry (1 Pack)</p><p>$9.99 ($0.62 / Ounce)</p><a href="https://www.amazon.com/dp/B0CZ4H5N2S?tag=eloabder-20&linkCode=osi&th=1&psc=1">View Product</a></div><div class="product"><a href="https://www.amazon.com/dp/B09HW1C373?tag=eloabder-20&linkCode=osi&th=1&psc=1"><img src="https://m.media-amazon.com/images/I/418cDyDC0eL._SL500_.jpg" alt="Product Image"></a><p>Farm Fresh Assorted Nuts Gift Basket - Artfully Arranged Gourmet Nuts and Dried Fruit Collection - Prime Arrangement Platter - Makes a Delicious, Healthy Gift Basket For Holidays, Parties, Corporate Gifts, and More</p><p>$12.99 ($12.99 / Count)</p><a href="https://www.amazon.com/dp/B09HW1C373?tag=eloabder-20&linkCode=osi&th=1&psc=1">View Product</a></div><div class="product"><a href="https://www.amazon.com/dp/B0CRD2MWB9?tag=eloabder-20&linkCode=osi&th=1&psc=1"><img src="https://m.media-amazon.com/images/I/51tT9Jj4hKL._SL500_.jpg" alt="Product Image"></a><p>Happy Birthday Dried Fruit & Nuts Gift Basket Arrangement Platter, Gourmet Food Snack Box, Birthday Care Package, Healthy Kosher, Her Him (9 Assortments)</p><p>$19.99 ($19.99 / Count)</p><a href="https://www.amazon.com/dp/B0CRD2MWB9?tag=eloabder-20&linkCode=osi&th=1&psc=1">View Product</a></div><div class="product"><a href="https://www.amazon.com/dp/B0CHCJK5GN?tag=eloabder-20&linkCode=osi&th=1&psc=1"><img src="https://m.media-amazon.com/images/I/61dpK7BoYbL._SL500_.jpg" alt="Product Image"></a><p>Broadway Basketeers Deluxe Thank You Dried Fruit And Nuts Gift Basket - A Premium Healthy Appreciation Gift - Corporate, Family & Friends</p><p>$32.06</p><a href="https://www.amazon.com/dp/B0CHCJK5GN?tag=eloabder-20&linkCode=osi&th=1&psc=1">View Product</a></div>
<div class="product"><a href="https://www.amazon.com/dp/B078SZHZ82?tag=eloabder-20&linkCode=osi&th=1&psc=1"><img src="https://m.media-amazon.com/images/I/51S82IO04jL._SL500_.jpg" alt="Product Image"></a><p>DEL MONTE FRESH CUT BLUE LAKE Cut Green Beans Canned Vegetables,14.5 Ounce (Pack of 12)</p><p>$12.99 ($0.07 / Ounce)</p><a href="https://www.amazon.com/dp/B078SZHZ82?tag=eloabder-20&linkCode=osi&th=1&psc=1">View Product</a></div>
<div class="product"><a href="https://www.amazon.com/dp/B0C94YG17L?tag=eloabder-20&linkCode=osi&th=1&psc=1"><img src="https://m.media-amazon.com/images/I/51VfC5jp4OL._SL500_.jpg" alt="Product Image"></a><p>Hickory Farms Farmhouse Sausage & Cheese Medium Gift Box | Gourmet Food Basket | Charcuterie | Father's Day Gift | Perfect For Family, Birthday, Sympathy, Congratulations, Retirement, Thinking of You, Father's Day Gift</p><p>$34.99 ($34.99 / Count)</p><a href="https://www.amazon.com/dp/B0C94YG17L?tag=eloabder-20&linkCode=osi&th=1&psc=1">View Product</a></div><div class="product"><a href="https://www.amazon.com/dp/B00K35V3F8?tag=eloabder-20&linkCode=osi&th=1&psc=1"><img src="https://m.media-amazon.com/images/I/41bd0TKnKfL._SL500_.jpg" alt="Product Image"></a><p>Farmers' Market Charcuterie Gift for Summer, Wisconsin Cheese, Hickory Smoked Meat, Shelf Stable, Gourmet Meat and Cheese Platter, Large Original</p><p>$39.99</p><a href="https://www.amazon.com/dp/B00K35V3F8?tag=eloabder-20&linkCode=osi&th=1&psc=1">View Product</a></div><div class="product"><a href="https://www.amazon.com/dp/B0994V3KXV?tag=eloabder-20&linkCode=osi&th=1&psc=1"><img src="https://m.media-amazon.com/images/I/61Zr7E45qvL._SL500_.jpg" alt="Product Image"></a><p>Wisconsin Cheese Company - Specialty 100% Wisconsin Cheese Block Assortment 4 oz. (Pack of 7 Blocks) Cheddar, Pepper Jack, Swiss, Gouda, Cheddar Salami, Smoked Cheddar & Tomato Basil Cheese - Cheese Sampler Gift Set</p><p>$39.99 ($1.43 / Ounce)</p><a href="https://www.amazon.com/dp/B0994V3KXV?tag=eloabder-20&linkCode=osi&th=1&psc=1">View Product</a></div><div class="product"><a href="https://www.amazon.com/dp/B009Y7I2F0?tag=eloabder-20&linkCode=osi&th=1&psc=1"><img src="https://m.media-amazon.com/images/I/41VgrnxieeL._SL500_.jpg" alt="Product Image"></a><p>Wisconsin Cheese Company - 100% Wisconsin Cheddar & Pepper Jack Cheese and Cracker Gift Basket. Large Gourmet Gift Box Assortment. Great for Charcuterie Boards & Gifts.</p><p>$29.99 ($2.11 / Ounce)</p><a href="https://www.amazon.com/dp/B009Y7I2F0?tag=eloabder-20&linkCode=osi&th=1&psc=1">View Product</a></div><div class="product"><a href="https://www.amazon.com/dp/B00FY43IJ2?tag=eloabder-20&linkCode=osi&th=1&psc=1"><img src="https://m.media-amazon.com/images/I/41QN9RXV4RL._SL500_.jpg" alt="Product Image"></a><p>California Delicious Gourmet Cheeseboard Gift, 8 piece set</p><p>$47.98 ($6.00 / Count)</p><a href="https://www.amazon.com/dp/B00FY43IJ2?tag=eloabder-20&linkCode=osi&th=1&psc=1">View Product</a></div><div class="product"><a href="https://www.amazon.com/dp/B0CRM55TF8?tag=eloabder-20&linkCode=osi&th=1&psc=1"><img src="https://m.media-amazon.com/images/I/51Vz3kt14-L._SL500_.jpg" alt="Product Image"></a><p>Farmers' Market Cheese Block Assortment 7oz 6-Pack, Shelf Stable, Pasteurized, Locally Sourced Wisconsin Cheese (Assortment, 6 Count)</p><p>$29.99 ($0.71 / Ounce)</p><a href="https://www.amazon.com/dp/B0CRM55TF8?tag=eloabder-20&linkCode=osi&th=1&psc=1">View Product</a></div>
<div class="product"><a href="https://www.amazon.com/dp/B006GXQHKW?tag=eloabder-20&linkCode=osi&th=1&psc=1"><img src="https://m.media-amazon.com/images/I/41gffgWPG4L._SL500_.jpg" alt="Product Image"></a><p>Old Wisconsin Premium Summer Sausage, 100% Natural Meat, Charcuterie, Ready to Eat, High Protein, Low Carb, Keto, Gluten Free, Original Flavor, 8 Ounce</p><p>$6.09 ($0.76 / Count)</p><a href="https://www.amazon.com/dp/B006GXQHKW?tag=eloabder-20&linkCode=osi&th=1&psc=1">View Product</a></div><div class="product"><a href="https://www.amazon.com/dp/B07PNM9SNJ?tag=eloabder-20&linkCode=osi&th=1&psc=1"><img src="https://m.media-amazon.com/images/I/51XUGii8qrL._SL500_.jpg" alt="Product Image"></a><p>Meat Shredz - Premium Dried Pulled Pork (Variety, 6 Pack) | Gluten Free | High Protein & Low Sugar | Bacon Bits | Dehydrated Backpacking & Camping Food | Shredded, Dried Jerky Chew Snack</p><p>$42.95 ($52.06 / lb)</p><a href="https://www.amazon.com/dp/B07PNM9SNJ?tag=eloabder-20&linkCode=osi&th=1&psc=1">View Product</a></div><div class="product"><a href="https://www.amazon.com/dp/B0CVQWPGC5?tag=eloabder-20&linkCode=osi&th=1&psc=1"><img src="https://m.media-amazon.com/images/I/41M9k0m4dOL._SL500_.jpg" alt="Product Image"></a><p>Olympic Delights Premium Meats and Cheese Gift Box by Dan the Sausageman featuring Summer Sausage, Stuffed Olives, Crackers and Mustard</p><p>$68.95</p><a href="https://www.amazon.com/dp/B0CVQWPGC5?tag=eloabder-20&linkCode=osi&th=1&psc=1">View Product</a></div><div class="product"><a href="https://www.amazon.com/dp/B000FIUQAQ?tag=eloabder-20&linkCode=osi&th=1&psc=1"><img src="https://m.media-amazon.com/images/I/51-jFNA-ZgL._SL500_.jpg" alt="Product Image"></a><p>Hormel Premium No Salt Added Canned Chunk Chicken Breast in Water, 5 Ounce (Pack of 12)</p><p>$25.44 ($0.42 / Ounce)</p><a href="https://www.amazon.com/dp/B000FIUQAQ?tag=eloabder-20&linkCode=osi&th=1&psc=1">View Product</a></div><div class="product"><a href="https://www.amazon.com/dp/B07Y936YWY?tag=eloabder-20&linkCode=osi&th=1&psc=1"><img src="https://m.media-amazon.com/images/I/51cpUvuRIzL._SL500_.jpg" alt="Product Image"></a><p>Jack Link's Beef Jerky, Sweet & Hot, ½ Pounder Bag - Flavorful Meat Snack, 9g of Protein and 80 Calories, Made with Premium Beef - 96 Percent Fat Free, No Added MSG or Nitrates/Nitrites</p><p>$9.99 ($1.25 / Ounce)</p><a href="https://www.amazon.com/dp/B07Y936YWY?tag=eloabder-20&linkCode=osi&th=1&psc=1">View Product</a></div><div class="product"><a href="https://www.amazon.com/dp/B000FK7G20?tag=eloabder-20&linkCode=osi&th=1&psc=1"><img src="https://m.media-amazon.com/images/I/414A4Q9AvAL._SL500_.jpg" alt="Product Image"></a><p>Swanson White and Dark Premium Chunk Canned Chicken Breast in Water, Fully Cooked Chicken, 9.75 OZ Can (Case of 12)</p><p>$35.76 ($0.31 / Ounce)</p><a href="https://www.amazon.com/dp/B000FK7G20?tag=eloabder-20&linkCode=osi&th=1&psc=1">View Product</a></div>
<div class="product"><a href="https://www.amazon.com/dp/B072126PMY?tag=eloabder-20&linkCode=osi&th=1&psc=1"><img src="https://m.media-amazon.com/images/I/51nw4J9x8YL._SL500_.jpg" alt="Product Image"></a><p>Simple Mills Almond Flour Baking Mix, Artisan Bread Mix - Gluten Free, Plant Based, Paleo Friendly, 10.4 Ounce (Pack of 3)</p><p>$23.97 ($0.77 / Ounce)</p><a href="https://www.amazon.com/dp/B072126PMY?tag=eloabder-20&linkCode=osi&th=1&psc=1">View Product</a></div><div class="product"><a href="https://www.amazon.com/dp/B081VPXGJS?tag=eloabder-20&linkCode=osi&th=1&psc=1"><img src="https://m.media-amazon.com/images/I/51j0-+rAaZL._SL500_.jpg" alt="Product Image"></a><p>Essential Baking Company Organic Artisan Sourdough Bread, 18.2 Ounce (Pack of 3)</p><p>$28.65 ($0.52 / Ounce)</p><a href="https://www.amazon.com/dp/B081VPXGJS?tag=eloabder-20&linkCode=osi&th=1&psc=1">View Product</a></div><div class="product"><a href="https://www.amazon.com/dp/B08HSPX7LM?tag=eloabder-20&linkCode=osi&th=1&psc=1"><img src="https://m.media-amazon.com/images/I/41RUhxZCnNL._SL500_.jpg" alt="Product Image"></a><p>Giusto's Vita-Grain All-Natural Artisan Malted Unbleached Bread Flour, 5lb Bag</p><p>$10.95 ($0.14 / Ounce)</p><a href="https://www.amazon.com/dp/B08HSPX7LM?tag=eloabder-20&linkCode=osi&th=1&psc=1">View Product</a></div>
<div class="product"><a href="https://www.amazon.com/dp/B001DDD4DS?tag=eloabder-20&linkCode=osi&th=1&psc=1"><img src="https://m.media-amazon.com/images/I/51osI10x5HL._SL500_.jpg" alt="Product Image"></a><p>Mantova Flavored Extra Virgin Olive Oil Variety Pack: Garlic, Basil, Chili, Lemon Organic Extra Virgin Olive Oil, 8.5-Ounce Per Bottle (Pack of 4) Great Gift Item</p><p>$36.99 ($1.09 / Fl Oz)</p><a href="https://www.amazon.com/dp/B001DDD4DS?tag=eloabder-20&linkCode=osi&th=1&psc=1">View Product</a></div><div class="product"><a href="https://www.amazon.com/dp/B001DDD4E2?tag=eloabder-20&linkCode=osi&th=1&psc=1"><img src="https://m.media-amazon.com/images/I/51cFWLj1kiL._SL500_.jpg" alt="Product Image"></a><p>Mantova Grand’Aroma Flavored Extra Virgin Olive Oils, Variety Gift Set, made in Italy, cold-pressed, 100% natural, heart-healthy, for grilling, barbequing, smoking, and cooking, 8.5 oz (Pack of 4)</p><p>$39.99 ($1.18 / Fl Oz)</p><a href="https://www.amazon.com/dp/B001DDD4E2?tag=eloabder-20&linkCode=osi&th=1&psc=1">View Product</a></div><div class="product"><a href="https://www.amazon.com/dp/B087S41Y1W?tag=eloabder-20&linkCode=osi&th=1&psc=1"><img src="https://m.media-amazon.com/images/I/518tVUgnUkL._SL500_.jpg" alt="Product Image"></a><p>Benissimo Herb Infused Cooking Oil Chef Pack, All Natural Italiano, Roasted Garlic, Mediterranean Garlic, Balsamic Garlic</p><p>$26.99 ($0.79 / Fl Oz)</p><a href="https://www.amazon.com/dp/B087S41Y1W?tag=eloabder-20&linkCode=osi&th=1&psc=1">View Product</a></div><div class="product"><a href="https://www.amazon.com/dp/B08CY8R7TF?tag=eloabder-20&linkCode=osi&th=1&psc=1"><img src="https://m.media-amazon.com/images/I/61pbDfsr-8L._SL500_.jpg" alt="Product Image"></a><p>Infused Extra Virgin Olive Oil Gift Box Set, First Cold Pressed, Variety Pack, 4 bottles x 8.5 fl.oz (250ml), Naturally Infused for Dipping & Tasting, (Gift Box Included), Chili, Garlic, Basil, Rosemary, BASSO1904</p><p>$35.99 ($1.06 / Fl Oz)</p><a href="https://www.amazon.com/dp/B08CY8R7TF?tag=eloabder-20&linkCode=osi&th=1&psc=1">View Product</a></div><div class="product"><a href="https://www.amazon.com/dp/B009HRQ47U?tag=eloabder-20&linkCode=osi&th=1&psc=1"><img src="https://m.media-amazon.com/images/I/41PaTko-dvL._SL500_.jpg" alt="Product Image"></a><p>TruffleHunter - English, Black & White Truffle Oil Set - 3.38 Oz x 3</p><p>$29.70 ($0.10 / Fl Oz)</p><a href="https://www.amazon.com/dp/B009HRQ47U?tag=eloabder-20&linkCode=osi&th=1&psc=1">View Product</a></div><div class="product"><a href="https://www.amazon.com/dp/B07ZZLZBF8?tag=eloabder-20&linkCode=osi&th=1&psc=1"><img src="https://m.media-amazon.com/images/I/51fpIYH949L._SL500_.jpg" alt="Product Image"></a><p>Viva Oliva Six 60ml (2oz) Variety Gift Set - Premium Flavored Extra Virgin Olive Oils (Tuscan Herb, Basil, Mushroom & Sage) and All Natural Balsamic Vinegars (18 Year Traditional, Grapefruit, Black Mission Fig)</p><p>$43.95 ($3.61 / Fl Oz)</p><a href="https://www.amazon.com/dp/B07ZZLZBF8?tag=eloabder-20&linkCode=osi&th=1&psc=1">View Product</a></div><div class="product"><a href="https://www.amazon.com/dp/B0B2LS1J8F?tag=eloabder-20&linkCode=osi&th=1&psc=1"><img src="https://m.media-amazon.com/images/I/41q4RRhEqPL._SL500_.jpg" alt="Product Image"></a><p>Infused Olive Oil Gift Sets - Organic Puglia Olive Oil Sampler Gift Set. Ideal for Italian Gifts and Edible Gift Baskets. Gourmet Olive Oil Gift Box of 5 x 3.45 Fl.Oz.</p><p>$53.80 ($3.16 / Fl Oz)</p><a href="https://www.amazon.com/dp/B0B2LS1J8F?tag=eloabder-20&linkCode=osi&th=1&psc=1">View Product</a></div><div class="product"><a href="https://www.amazon.com/dp/B08P967SSX?tag=eloabder-20&linkCode=osi&th=1&psc=1"><img src="https://m.media-amazon.com/images/I/51HyprLyr5L._SL500_.jpg" alt="Product Image"></a><p>Viva Oliva Four 60ml (2oz) Variety Gift Set - Premium Flavored Extra Virgin Olive Oils (Tuscan Herb & Basil) and All Natural Balsamic Vinegars (18 Year Traditional & Black Mission Fig)</p><p>$33.95 ($4.18 / Fl Oz)</p><a href="https://www.amazon.com/dp/B08P967SSX?tag=eloabder-20&linkCode=osi&th=1&psc=1">View Product</a></div><div class="product"><a href="https://www.amazon.com/dp/B0078DPMQY?tag=eloabder-20&linkCode=osi&th=1&psc=1"><img src="https://m.media-amazon.com/images/I/31qLwvo1tML._SL500_.jpg" alt="Product Image"></a><p>Benissimo Oil Roasted Garlic, 8.1 Ounces</p><p>$11.99 ($1.48 / Ounce)</p><a href="https://www.amazon.com/dp/B0078DPMQY?tag=eloabder-20&linkCode=osi&th=1&psc=1">View Product</a></div>
<div class="product"><a href="https://www.amazon.com/dp/B07MGKCV5Y?tag=eloabder-20&linkCode=osi&th=1&psc=1"><img src="https://m.media-amazon.com/images/I/31tE+o2DanL._SL500_.jpg" alt="Product Image"></a><p>Iberia All Natural Distilled White Vinegar, 1 Gallon - 5% Acidity</p><p>$12.99 ($0.10 / Fl Oz)</p><a href="https://www.amazon.com/dp/B07MGKCV5Y?tag=eloabder-20&linkCode=osi&th=1&psc=1">View Product</a></div><div class="product"><a href="https://www.amazon.com/dp/B07985NMQD?tag=eloabder-20&linkCode=osi&th=1&psc=1"><img src="https://m.media-amazon.com/images/I/41ElEDybjlL._SL500_.jpg" alt="Product Image"></a><p>Lucy's Family Owned - Natural Distilled White Vinegar, 1 Gallon (128 oz) - 5% Acidity (White Vinegar, 1 Gallon (128 fl oz.))</p><p>$17.99 ($0.14 / Fl Oz)</p><a href="https://www.amazon.com/dp/B07985NMQD?tag=eloabder-20&linkCode=osi&th=1&psc=1">View Product</a></div><div class="product"><a href="https://www.amazon.com/dp/B07F7MXPWD?tag=eloabder-20&linkCode=osi&th=1&psc=1"><img src="https://m.media-amazon.com/images/I/51GKn4NVqTL._SL500_.jpg" alt="Product Image"></a><p>Soeos Chinkiang Vinegar 16.9 fl oz (500ml), 3 Years Aged, Naturally Fermented, Mature Aged Black Vinegar, Chinese Black Vinegar, Zhenjiang Vinegar, Black Rice Vinegar, Black Vinegar Chinese.</p><p>$13.99 ($0.83 / Fl Oz)</p><a href="https://www.amazon.com/dp/B07F7MXPWD?tag=eloabder-20&linkCode=osi&th=1&psc=1">View Product</a></div><div class="product"><a href="https://www.amazon.com/dp/B001I7MVG0?tag=eloabder-20&linkCode=osi&th=1&psc=1"><img src="https://m.media-amazon.com/images/I/41HHUOECW2L._SL500_.jpg" alt="Product Image"></a><p>Bragg Organic Raw Apple Cider Vinegar, 32 Ounce - 1 Pack</p><p>$5.99 ($0.19 / Fl Oz)</p><a href="https://www.amazon.com/dp/B001I7MVG0?tag=eloabder-20&linkCode=osi&th=1&psc=1">View Product</a></div><div class="product"><a href="https://www.amazon.com/dp/B07W9HX3MV?tag=eloabder-20&linkCode=osi&th=1&psc=1"><img src="https://m.media-amazon.com/images/I/413FdgpxYrL._SL500_.jpg" alt="Product Image"></a><p>Calyptus 45% Pure Super Concentrated Vinegar | Dilutes to 9 Gallons | 9x Power Concentrate Vinegar | 1 Gallon</p><p>$26.99 ($0.21 / Fl Oz)</p><a href="https://www.amazon.com/dp/B07W9HX3MV?tag=eloabder-20&linkCode=osi&th=1&psc=1">View Product</a></div><div class="product"><a href="https://www.amazon.com/dp/B0052BFNLS?tag=eloabder-20&linkCode=osi&th=1&psc=1"><img src="https://m.media-amazon.com/images/I/31Tfk-0-ybL._SL500_.jpg" alt="Product Image"></a><p>Pompeian Gourmet Red Wine Vinegar, Perfect for Salad Dressings, Marinades & Sauces, Naturally Gluten Free, 30 Ounce</p><p>$4.91 ($0.16 / Fl Oz)</p><a href="https://www.amazon.com/dp/B0052BFNLS?tag=eloabder-20&linkCode=osi&th=1&psc=1">View Product</a></div><div class="product"><a href="https://www.amazon.com/dp/B00AAL6W2Y?tag=eloabder-20&linkCode=osi&th=1&psc=1"><img src="https://m.media-amazon.com/images/I/51dfgVE7orL._SL500_.jpg" alt="Product Image"></a><p>Mantova Organic Flavored Balsamic Vinegar of Modena 4-Variety Pack: Fig, Pear, Pomegranate, & Raspberry; Perfect for Gift Basket, Add to Pasta, Salad, Ice Cream and Cocktails, 8.5 oz per bottle</p><p>$27.99 ($0.82 / Fl Oz)</p><a href="https://www.amazon.com/dp/B00AAL6W2Y?tag=eloabder-20&linkCode=osi&th=1&psc=1">View Product</a></div><div class="product"><a href="https://www.amazon.com/dp/B0BGYTGT7X?tag=eloabder-20&linkCode=osi&th=1&psc=1"><img src="https://m.media-amazon.com/images/I/41huHEExA1L._SL500_.jpg" alt="Product Image"></a><p>Bragg Organic Apple Cider Vinegar With the Mother– Raw, Unfiltered All Natural Ingredients (64 Fl Oz (Pack of 1))</p><p>$13.68 ($0.21 / Fl Oz)</p><a href="https://www.amazon.com/dp/B0BGYTGT7X?tag=eloabder-20&linkCode=osi&th=1&psc=1">View Product</a></div><div class="product"><a href="https://www.amazon.com/dp/B08TZY2TZ8?tag=eloabder-20&linkCode=osi&th=1&psc=1"><img src="https://m.media-amazon.com/images/I/41YwKPQA9rL._SL500_.jpg" alt="Product Image"></a><p>Due Vittorie Oro Gold Balsamic Vinegar of Modena. Highest score from The Consortium of Modena With Cork Pourer - 8.45fl oz / 250ml</p><p>$17.00 ($2.01 / Fl Oz)</p><a href="https://www.amazon.com/dp/B08TZY2TZ8?tag=eloabder-20&linkCode=osi&th=1&psc=1">View Product</a></div>
<div class="product"><a href="https://www.amazon.com/dp/B07HMJWCNL?tag=eloabder-20&linkCode=osi&th=1&psc=1"><img src="https://m.media-amazon.com/images/I/51ayBrtgPUL._SL500_.jpg" alt="Product Image"></a><p>TRUFF Original Black Truffle Hot Sauce, Gourmet Hot Sauce with Ripe Chili Peppers, Black Truffle Oil, Agave Nectar, Unique Flavor Experience in a Bottle, 6 oz.</p><p>$14.99</p><a href="https://www.amazon.com/dp/B07HMJWCNL?tag=eloabder-20&linkCode=osi&th=1&psc=1">View Product</a></div><div class="product"><a href="https://www.amazon.com/dp/B083QT1TPX?tag=eloabder-20&linkCode=osi&th=1&psc=1"><img src="https://m.media-amazon.com/images/I/41mYuAlAFNL._SL500_.jpg" alt="Product Image"></a><p>TRUFF Hot Sauce Variety Pack, Gourmet Hot Sauce Set of Original, Hotter and Limited White Edition, Unique Flavor Experiences with Truffle, 3-Bottle Bundle, 3ct 6oz bottles</p><p>$67.99 ($3.78 / Ounce)</p><a href="https://www.amazon.com/dp/B083QT1TPX?tag=eloabder-20&linkCode=osi&th=1&psc=1">View Product</a></div><div class="product"><a href="https://www.amazon.com/dp/B0BV19S7TR?tag=eloabder-20&linkCode=osi&th=1&psc=1"><img src="https://m.media-amazon.com/images/I/51iGXyqK-pL._SL500_.jpg" alt="Product Image"></a><p>Le Sauce & Co., White Wine Lemon Garlic Gourmet Finishing Sauce (2-pack), Steakhouse Quality Gourmet Sauce, Lemon Sauce, Garlic Sauce, White Wine Sauce, Steak Sauce, Chicken sauce, Lemon Sauce, Cream Sauce,</p><p>$13.94 ($1.55 / Ounce)</p><a href="https://www.amazon.com/dp/B0BV19S7TR?tag=eloabder-20&linkCode=osi&th=1&psc=1">View Product</a></div><div class="product"><a href="https://www.amazon.com/dp/B078JBZBW5?tag=eloabder-20&linkCode=osi&th=1&psc=1"><img src="https://m.media-amazon.com/images/I/51J1qgzr8uL._SL500_.jpg" alt="Product Image"></a><p>Melinda’s Hot Sauce Variety Pack - Extra Spicy Gourmet Hot Sauce Gift Set with Variety of Heat Levels - Includes XXXXtra Reserve, Garlic Habanero, Extra Hot, Mango, Ghost Pepper- 5 oz, 5 Pack</p><p>$21.99 ($0.88 / Fl Oz)</p><a href="https://www.amazon.com/dp/B078JBZBW5?tag=eloabder-20&linkCode=osi&th=1&psc=1">View Product</a></div><div class="product"><a href="https://www.amazon.com/dp/B0BL864XMH?tag=eloabder-20&linkCode=osi&th=1&psc=1"><img src="https://m.media-amazon.com/images/I/51+63Ag8ApL._SL500_.jpg" alt="Product Image"></a><p>Dave's Gourmet Creamy Hot Sauce Variety 4-Pack - Moderate Heat for Flavoring Your Favorite Food</p><p>$30.99 ($0.97 / Ounce)</p><a href="https://www.amazon.com/dp/B0BL864XMH?tag=eloabder-20&linkCode=osi&th=1&psc=1">View Product</a></div>
<div class="product"><a href="https://www.amazon.com/dp/B07WT6GP2F?tag=eloabder-20&linkCode=osi&th=1&psc=1"><img src="https://m.media-amazon.com/images/I/41mEgBeglEL._SL500_.jpg" alt="Product Image"></a><p>Lindt Mini Pralines, Assorted Chocolate Pralines with Premium Filling, Great for gift giving, 6.2 oz Box</p><p>$16.49 ($2.66 / Ounce)</p><a href="https://www.amazon.com/dp/B07WT6GP2F?tag=eloabder-20&linkCode=osi&th=1&psc=1">View Product</a></div><div class="product"><a href="https://www.amazon.com/dp/B01BDI89SW?tag=eloabder-20&linkCode=osi&th=1&psc=1"><img src="https://m.media-amazon.com/images/I/61w5wYyxzKL._SL500_.jpg" alt="Product Image"></a><p>Ferrero Collection, 24 Count, Premium Gourmet Assorted Hazelnut Milk Chocolate, Dark Chocolate and Coconut, 9.1 oz</p><p>$11.97 ($1.32 / Ounce)</p><a href="https://www.amazon.com/dp/B01BDI89SW?tag=eloabder-20&linkCode=osi&th=1&psc=1">View Product</a></div><div class="product"><a href="https://www.amazon.com/dp/B0BHTWFQ5X?tag=eloabder-20&linkCode=osi&th=1&psc=1"><img src="https://m.media-amazon.com/images/I/41K-mIm1WNL._SL500_.jpg" alt="Product Image"></a><p>Lindt LINDOR Assorted Chocolate Truffles 90 Count Gift Box, Chocolate Candy with Smooth, Melting Truffle Center, 38.4 oz. Box</p><p>$33.95 ($0.88 / Ounce)</p><a href="https://www.amazon.com/dp/B0BHTWFQ5X?tag=eloabder-20&linkCode=osi&th=1&psc=1">View Product</a></div><div class="product"><a href="https://www.amazon.com/dp/B00UXI3PLU?tag=eloabder-20&linkCode=osi&th=1&psc=1"><img src="https://m.media-amazon.com/images/I/41Jw-Ek4+CL._SL500_.jpg" alt="Product Image"></a><p>Lindt LINDOR Milk Chocolate Candy Truffles, Milk Chocolate with Melting Truffle Center, 15.2 oz. Bag</p><p>$12.18 ($0.80 / Ounce)</p><a href="https://www.amazon.com/dp/B00UXI3PLU?tag=eloabder-20&linkCode=osi&th=1&psc=1">View Product</a></div>
<div class="product"><a href="https://www.amazon.com/dp/B000SDKDM4?tag=eloabder-20&linkCode=osi&th=1&psc=1"><img src="https://m.media-amazon.com/images/I/41L+oJp7MmL._SL500_.jpg" alt="Product Image"></a><p>Lavazza Super Crema Whole Bean Coffee Blend, light-Medium Espresso Roast, 2.2 Pound (Pack of 1) ,Premium Quality, Aromatic, Mild and creamy</p><p>$18.49 ($0.53 / Ounce)</p><a href="https://www.amazon.com/dp/B000SDKDM4?tag=eloabder-20&linkCode=osi&th=1&psc=1">View Product</a></div><div class="product"><a href="https://www.amazon.com/dp/B0721BGRS9?tag=eloabder-20&linkCode=osi&th=1&psc=1"><img src="https://m.media-amazon.com/images/I/41tHHVMfguL._SL500_.jpg" alt="Product Image"></a><p>Amazon Fresh, Dark Roast, Whole Bean Coffee, 32 Oz</p><p>$19.18 ($0.60 / Ounce)</p><a href="https://www.amazon.com/dp/B0721BGRS9?tag=eloabder-20&linkCode=osi&th=1&psc=1">View Product</a></div><div class="product"><a href="https://www.amazon.com/dp/B003GV7JFE?tag=eloabder-20&linkCode=osi&th=1&psc=1"><img src="https://m.media-amazon.com/images/I/41IKY6hLa9L._SL500_.jpg" alt="Product Image"></a><p>Eight O'Clock Coffee Whole Bean, The Original, 42 Ounce</p><p>$13.98</p><a href="https://www.amazon.com/dp/B003GV7JFE?tag=eloabder-20&linkCode=osi&th=1&psc=1">View Product</a></div><div class="product"><a href="https://www.amazon.com/dp/B07171HMF5?tag=eloabder-20&linkCode=osi&th=1&psc=1"><img src="https://m.media-amazon.com/images/I/41EBDHFVYVL._SL500_.jpg" alt="Product Image"></a><p>Mt. Comfort Coffee Organic Peru Medium Roast, 2.5 Pounds - Flavor Notes of Nutty, Chocolate, & Citrus - Sourced From Small, Peruvian Coffee Farms - Roasted Whole Beans</p><p>$23.19 ($0.58 / Ounce)</p><a href="https://www.amazon.com/dp/B07171HMF5?tag=eloabder-20&linkCode=osi&th=1&psc=1">View Product</a></div><div class="product"><a href="https://www.amazon.com/dp/B006Y7WAHE?tag=eloabder-20&linkCode=osi&th=1&psc=1"><img src="https://m.media-amazon.com/images/I/31VxnI1AuQL._SL500_.jpg" alt="Product Image"></a><p>Cameron's Coffee Roasted Whole Bean Coffee, Breakfast Blend, 32 Ounce, (Pack of 1)</p><p>$10.98 ($0.34 / Ounce)</p><a href="https://www.amazon.com/dp/B006Y7WAHE?tag=eloabder-20&linkCode=osi&th=1&psc=1">View Product</a></div><div class="product"><a href="https://www.amazon.com/dp/B0002E2GQU?tag=eloabder-20&linkCode=osi&th=1&psc=1"><img src="https://m.media-amazon.com/images/I/41f+StbrprL._SL500_.jpg" alt="Product Image"></a><p>Lavazza Crema E Aroma Whole Bean Coffee Blend, 2.2-Pound Bag , Balanced medium roast with an intense, earthy flavor and long lasting crema, Non-GMO</p><p>$17.99 ($0.51 / Ounce)</p><a href="https://www.amazon.com/dp/B0002E2GQU?tag=eloabder-20&linkCode=osi&th=1&psc=1">View Product</a></div><div class="product"><a href="https://www.amazon.com/dp/B005OJ4X32?tag=eloabder-20&linkCode=osi&th=1&psc=1"><img src="https://m.media-amazon.com/images/I/31GzxEGJ-1L._SL500_.jpg" alt="Product Image"></a><p>Lavazza Espresso Barista Gran Crema Whole Bean Coffee Blend, Medium Espresso Roast, Oz Bag (Packaging May Vary) - 2.2 LB, 35.2 Ounce</p><p>$17.99 ($0.51 / Ounce)</p><a href="https://www.amazon.com/dp/B005OJ4X32?tag=eloabder-20&linkCode=osi&th=1&psc=1">View Product</a></div><div class="product"><a href="https://www.amazon.com/dp/B003YVRX5W?tag=eloabder-20&linkCode=osi&th=1&psc=1"><img src="https://m.media-amazon.com/images/I/41Ioxmr1WhL._SL500_.jpg" alt="Product Image"></a><p>Tim Hortons Whole Bean Original, Medium Roast Coffee, Made with 100% Arabica Beans, 32 Ounce Bag</p><p>$15.68 ($0.49 / Ounce)</p><a href="https://www.amazon.com/dp/B003YVRX5W?tag=eloabder-20&linkCode=osi&th=1&psc=1">View Product</a></div><div class="product"><a href="https://www.amazon.com/dp/B016RY0LWO?tag=eloabder-20&linkCode=osi&th=1&psc=1"><img src="https://m.media-amazon.com/images/I/41I6lHKpWrL._SL500_.jpg" alt="Product Image"></a><p>Lavazza Espresso Italiano Whole Bean Coffee Blend, Medium Roast,Premium Quality Arabic, 2.2 Pound (Pack of 1) (Packaging may vary)</p><p>$14.98 ($0.43 / Ounce)</p><a href="https://www.amazon.com/dp/B016RY0LWO?tag=eloabder-20&linkCode=osi&th=1&psc=1">View Product</a></div>
<div class="product"><a href="https://www.amazon.com/dp/B09ZMVM3XJ?tag=eloabder-20&linkCode=osi&th=1&psc=1"><img src="https://m.media-amazon.com/images/I/51IRO3xhEKL._SL500_.jpg" alt="Product Image"></a><p>Gardenika Organic Loose Leaf Tea Sampler – 8 Pack, 1 LB – Herbal and Naturally Caffeine-Free Set - Ayurvedic Assortment Blend</p><p>$29.95 ($29.95 / Count)</p><a href="https://www.amazon.com/dp/B09ZMVM3XJ?tag=eloabder-20&linkCode=osi&th=1&psc=1">View Product</a></div><div class="product"><a href="https://www.amazon.com/dp/B0CVTGJHK9?tag=eloabder-20&linkCode=osi&th=1&psc=1"><img src="https://m.media-amazon.com/images/I/51J-jqFqytL._SL500_.jpg" alt="Product Image"></a><p>Lyon DIY Tea Blending Set-16 Tin Variety Pack-Premium Herbal Tea & Exotic Floral/Fruit Flavor Infusers - Create 75+ Cups w/Assorted Teas, Oolong, Chamomile, Rose, Peach & More</p><p>$44.95 ($6.25 / Ounce)</p><a href="https://www.amazon.com/dp/B0CVTGJHK9?tag=eloabder-20&linkCode=osi&th=1&psc=1">View Product</a></div><div class="product"><a href="https://www.amazon.com/dp/B01AJBV0US?tag=eloabder-20&linkCode=osi&th=1&psc=1"><img src="https://m.media-amazon.com/images/I/516u5DAm7GL._SL500_.jpg" alt="Product Image"></a><p>Tiesta Tea - Lavender Chamomile | Soft Chamomile Herbal Tea | Premium Loose Leaf Tea Blend | Non Caffeinated Herbal Tea | Make Hot or Iced Tea & Brews Up to 25 Cups - 0.9 Ounce Resealable Pouch</p><p>$4.99 ($5.54 / Ounce)</p><a href="https://www.amazon.com/dp/B01AJBV0US?tag=eloabder-20&linkCode=osi&th=1&psc=1">View Product</a></div><div class="product"><a href="https://www.amazon.com/dp/B08VF85JJF?tag=eloabder-20&linkCode=osi&th=1&psc=1"><img src="https://m.media-amazon.com/images/I/517Ac4bB6FL._SL500_.jpg" alt="Product Image"></a><p>Tiesta Tea Top 8 Favorites Sampler Set, Up to 80 Cups, High to No Caffeine, Hot & Iced Tea, Loose Leaf Tea Variety Pack with Green, Herbal, Black & Chai Tea, 8 Sample Pouches</p><p>$22.95 ($3.59 / Ounce)</p><a href="https://www.amazon.com/dp/B08VF85JJF?tag=eloabder-20&linkCode=osi&th=1&psc=1">View Product</a></div><div class="product"><a href="https://www.amazon.com/dp/B08MWDTNTZ?tag=eloabder-20&linkCode=osi&th=1&psc=1"><img src="https://m.media-amazon.com/images/I/51M1TNYBU7L._SL500_.jpg" alt="Product Image"></a><p>Tetley British Blend Premium Black Tea, 320 Tea Bags, Rainforest Alliance Certified, 320 Count (Pack of 1)</p><p>$15.92 ($0.05 / Count)</p><a href="https://www.amazon.com/dp/B08MWDTNTZ?tag=eloabder-20&linkCode=osi&th=1&psc=1">View Product</a></div><div class="product"><a href="https://www.amazon.com/dp/B086R8PDZV?tag=eloabder-20&linkCode=osi&th=1&psc=1"><img src="https://m.media-amazon.com/images/I/41nHau5YdVL._SL500_.jpg" alt="Product Image"></a><p>Buddha Teas - Organic Mushroom Wellness Blend - Herbal Tea - For Health & Wellbeing - With Antioxidants & Minerals - Clean Ingredients - Caffeine Free - OU Kosher & Non-GMO - 18 Tea Bags (Pack of 1).</p><p>$8.25 ($0.46 / Count)</p><a href="https://www.amazon.com/dp/B086R8PDZV?tag=eloabder-20&linkCode=osi&th=1&psc=1">View Product</a></div><div class="product"><a href="https://www.amazon.com/dp/B07CGW59KH?tag=eloabder-20&linkCode=osi&th=1&psc=1"><img src="https://m.media-amazon.com/images/I/611h06lvlUL._SL500_.jpg" alt="Product Image"></a><p>Loose Leaf Tea Sampler Create Your Own Tea Blend Starter Kit w/Sencha, Rooibos, China Black, & Ginger, Lavender, Rose, Lemongrass, Hibiscus Spices</p><p>$29.99</p><a href="https://www.amazon.com/dp/B07CGW59KH?tag=eloabder-20&linkCode=osi&th=1&psc=1">View Product</a></div><div class="product"><a href="https://www.amazon.com/dp/B0CT8JGNB8?tag=eloabder-20&linkCode=osi&th=1&psc=1"><img src="https://m.media-amazon.com/images/I/411PWQNU6BL._SL500_.jpg" alt="Product Image"></a><p>120 Premium Turmeric, Ginger, Cinnamon Blend Tea Bags, 100% Natural & No Additives & Caffeine Free.</p><p>$14.95 ($0.12 / Count)</p><a href="https://www.amazon.com/dp/B0CT8JGNB8?tag=eloabder-20&linkCode=osi&th=1&psc=1">View Product</a></div><div class="product"><a href="https://www.amazon.com/dp/B00OS96DVY?tag=eloabder-20&linkCode=osi&th=1&psc=1"><img src="https://m.media-amazon.com/images/I/51-sK6ajnML._SL500_.jpg" alt="Product Image"></a><p>Harney & Sons Tower of London Black Tea with Vanilla, Black Currant, Caramel, and Honey | 30 sachets, Historic Royal Palaces Collection</p><p>$10.33 ($3.90 / Ounce)</p><a href="https://www.amazon.com/dp/B00OS96DVY?tag=eloabder-20&linkCode=osi&th=1&psc=1">View Product</a></div><div class="product"><a href="https://www.amazon.com/dp/B0BHYBHVJ6?tag=eloabder-20&linkCode=osi&th=1&psc=1"><img src="https://m.media-amazon.com/images/I/51F9trJcmdL._SL500_.jpg" alt="Product Image"></a><p>Organic Sleep Blend Herbal Tea - 50 Packets - Natural Chamomile, Peppermint, Fennel And Tulsi Teabags - USDA Certified 100% Non-GMO - Decaffeinated Designer Gift Tin</p><p>$8.69 ($0.17 / Count)</p><a href="https://www.amazon.com/dp/B0BHYBHVJ6?tag=eloabder-20&linkCode=osi&th=1&psc=1">View Product</a></div>
<div class="product"><a href="https://www.amazon.com/dp/B0BVXD8CX3?tag=eloabder-20&linkCode=osi&th=1&psc=1"><img src="https://m.media-amazon.com/images/I/51hkEiL7c8L._SL500_.jpg" alt="Product Image"></a><p>Simply Organic Herbs, Spices and Seasonings Assorted Variety Sampler Gift Set - By Veher (24-Pack)</p><p>$142.95 ($5.96 / Ounce)</p><a href="https://www.amazon.com/dp/B0BVXD8CX3?tag=eloabder-20&linkCode=osi&th=1&psc=1">View Product</a></div><div class="product"><a href="https://www.amazon.com/dp/B094WXH3KP?tag=eloabder-20&linkCode=osi&th=1&psc=1"><img src="https://m.media-amazon.com/images/I/51mqUk3dM1L._SL500_.jpg" alt="Product Image"></a><p>eonou Encore Seasonings and Spices 10 pk - Premium Cooking Spices and Herbs (Oregano, Rosemary, Basil, Parsley, Italian Seasoning, Cumin, Steak Spice, Chopped Onion, Onion Powder, Thyme)</p><p>$19.99 ($2.00 / Count)</p><a href="https://www.amazon.com/dp/B094WXH3KP?tag=eloabder-20&linkCode=osi&th=1&psc=1">View Product</a></div><div class="product"><a href="https://www.amazon.com/dp/B072N9BLHS?tag=eloabder-20&linkCode=osi&th=1&psc=1"><img src="https://m.media-amazon.com/images/I/519zkN7EgWL._SL500_.jpg" alt="Product Image"></a><p>The Spice Way Herbes De Provence - | 4oz | fresh herbs and spice seasoning</p><p>$6.99 ($1.75 / Ounce)</p><a href="https://www.amazon.com/dp/B072N9BLHS?tag=eloabder-20&linkCode=osi&th=1&psc=1">View Product</a></div><div class="product"><a href="https://www.amazon.com/dp/B0761Z81ZK?tag=eloabder-20&linkCode=osi&th=1&psc=1"><img src="https://m.media-amazon.com/images/I/51tYgb8ntBL._SL500_.jpg" alt="Product Image"></a><p>McCormick Grill Mates Roasted Garlic & Herb Seasoning, 9.25 oz</p><p>$7.43 ($0.80 / Ounce)</p><a href="https://www.amazon.com/dp/B0761Z81ZK?tag=eloabder-20&linkCode=osi&th=1&psc=1">View Product</a></div><div class="product"><a href="https://www.amazon.com/dp/B00CQ7K9J2?tag=eloabder-20&linkCode=osi&th=1&psc=1"><img src="https://m.media-amazon.com/images/I/317BBm1p-TL._SL500_.jpg" alt="Product Image"></a><p>Bragg Sprinkle Herbs and Spices - Salt Free Seasoning, 1.5oz, Single</p><p>$6.99 ($4.66 / Ounce)</p><a href="https://www.amazon.com/dp/B00CQ7K9J2?tag=eloabder-20&linkCode=osi&th=1&psc=1">View Product</a></div><div class="product"><a href="https://www.amazon.com/dp/B003H2S2KI?tag=eloabder-20&linkCode=osi&th=1&psc=1"><img src="https://m.media-amazon.com/images/I/41mr0wk+3mL._SL500_.jpg" alt="Product Image"></a><p>Badia Herbs De Provence, 8 Ounces</p><p>$6.26 ($0.78 / Ounce)</p><a href="https://www.amazon.com/dp/B003H2S2KI?tag=eloabder-20&linkCode=osi&th=1&psc=1">View Product</a></div><div class="product"><a href="https://www.amazon.com/dp/B0BQ4VRJBL?tag=eloabder-20&linkCode=osi&th=1&psc=1"><img src="https://m.media-amazon.com/images/I/41ZxLNNd8mL._SL500_.jpg" alt="Product Image"></a><p>Weber Roasted Garlic & Herb Seasoning, 5.5 Ounce Shaker</p><p>$2.82 ($0.51 / Ounce)</p><a href="https://www.amazon.com/dp/B0BQ4VRJBL?tag=eloabder-20&linkCode=osi&th=1&psc=1">View Product</a></div><div class="product"><a href="https://www.amazon.com/dp/B08KRC7V7J?tag=eloabder-20&linkCode=osi&th=1&psc=1"><img src="https://m.media-amazon.com/images/I/4170CYnZ9WL._SL500_.jpg" alt="Product Image"></a><p>McCormick Salt Free Garlic and Herb Seasoning, 4.37 oz</p><p>$4.68 ($1.07 / Ounce)</p><a href="https://www.amazon.com/dp/B08KRC7V7J?tag=eloabder-20&linkCode=osi&th=1&psc=1">View Product</a></div><div class="product"><a href="https://www.amazon.com/dp/B00IX4WUTY?tag=eloabder-20&linkCode=osi&th=1&psc=1"><img src="https://m.media-amazon.com/images/I/51TAH1ijkqS._SL500_.jpg" alt="Product Image"></a><p>Bragg Sprinkle Herbs and Spices Seasoning, 1.5oz, 3 Pack</p><p>$20.27 ($13.51 / Ounce)</p><a href="https://www.amazon.com/dp/B00IX4WUTY?tag=eloabder-20&linkCode=osi&th=1&psc=1">View Product</a></div>
<div class="product"><a href="https://www.amazon.com/dp/B0BWSKYV63?tag=eloabder-20&linkCode=osi&th=1&psc=1"><img src="https://m.media-amazon.com/images/I/51Q5Je2yRhL._SL500_.jpg" alt="Product Image"></a><p>Welch's Fruit Snacks, Mixed Fruit, Perfect Easter Basket Stuffers, Gluten Free, Bulk Pack, Individual Single Serve Bags, 0.8 oz (Pack of 40)</p><p>$7.99 ($0.25 / Ounce)</p><a href="https://www.amazon.com/dp/B0BWSKYV63?tag=eloabder-20&linkCode=osi&th=1&psc=1">View Product</a></div><div class="product"><a href="https://www.amazon.com/dp/B08826B2XL?tag=eloabder-20&linkCode=osi&th=1&psc=1"><img src="https://m.media-amazon.com/images/I/61DT5pSYXFL._SL500_.jpg" alt="Product Image"></a><p>Frito Lay Ultimate Classic Snacks Package, Variety Assortment of Chips, Cookies, Crackers, & Nuts, (Pack of 40) (Packaging May Vary)</p><p>$26.91</p><a href="https://www.amazon.com/dp/B08826B2XL?tag=eloabder-20&linkCode=osi&th=1&psc=1">View Product</a></div><div class="product"><a href="https://www.amazon.com/dp/B013OY25GA?tag=eloabder-20&linkCode=osi&th=1&psc=1"><img src="https://m.media-amazon.com/images/I/51FlSjX95aL._SL500_.jpg" alt="Product Image"></a><p>Snack Pack Chocolate and Vanilla Flavored Pudding Cups Family Pack, 12 Count Pudding Cups (6 Pack)</p><p>$3.27 ($0.01 / Ounce)</p><a href="https://www.amazon.com/dp/B013OY25GA?tag=eloabder-20&linkCode=osi&th=1&psc=1">View Product</a></div><div class="product"><a href="https://www.amazon.com/dp/B0BWSLB73Z?tag=eloabder-20&linkCode=osi&th=1&psc=1"><img src="https://m.media-amazon.com/images/I/51RWXG4OG6L._SL500_.jpg" alt="Product Image"></a><p>Welch's Fruit Snacks, Fruit Punch & Island Fruits Variety Pack, Perfect for School Lunches, Gluten Free, Bulk Pack, 0.8 oz Individual Single Serve Bags (Pack of 40)</p><p>$8.49 ($0.21 / Count)</p><a href="https://www.amazon.com/dp/B0BWSLB73Z?tag=eloabder-20&linkCode=osi&th=1&psc=1">View Product</a></div><div class="product"><a href="https://www.amazon.com/dp/B09FFXR2VV?tag=eloabder-20&linkCode=osi&th=1&psc=1"><img src="https://m.media-amazon.com/images/I/51SZiftXwcL._SL500_.jpg" alt="Product Image"></a><p>The Only Bean Crunchy Dry Roasted Edamame Snacks (Sea Salt), Keto Snack Food, High Protein (11g) Healthy Snacks, Low Carb Gluten Free Office Vegan Food 100 Calorie Snack Pack, 0.9oz 10 Pack</p><p>$12.72 ($1.41 / Ounce)</p><a href="https://www.amazon.com/dp/B09FFXR2VV?tag=eloabder-20&linkCode=osi&th=1&psc=1">View Product</a></div><div class="product"><a href="https://www.amazon.com/dp/B072151Q32?tag=eloabder-20&linkCode=osi&th=1&psc=1"><img src="https://m.media-amazon.com/images/I/41Rlgfdz90L._SL500_.jpg" alt="Product Image"></a><p>Dole Fruit Bowls No Sugar Added Variety Pack Snacks, Peaches, Mandarin Oranges & Cherry Mixed Fruit, 4oz 12 Cups, Gluten & Dairy Free, Bulk Lunch Snacks for Kids & Adults</p><p>$6.74 ($0.56 / Count)</p><a href="https://www.amazon.com/dp/B072151Q32?tag=eloabder-20&linkCode=osi&th=1&psc=1">View Product</a></div><div class="product"><a href="https://www.amazon.com/dp/B084RDDFGR?tag=eloabder-20&linkCode=osi&th=1&psc=1"><img src="https://m.media-amazon.com/images/I/41eLMpoHGkL._SL500_.jpg" alt="Product Image"></a><p>Kellogg's Rice Krispies Treats, Crispy Marshmallow Squares, Original, School Lunch Snack, 41.9oz Case (54 Count)</p><p>$13.49 ($0.32 / Ounce)</p><a href="https://www.amazon.com/dp/B084RDDFGR?tag=eloabder-20&linkCode=osi&th=1&psc=1">View Product</a></div><div class="product"><a href="https://www.amazon.com/dp/B00G2XNSWQ?tag=eloabder-20&linkCode=osi&th=1&psc=1"><img src="https://m.media-amazon.com/images/I/411XH1pQP8L._SL500_.jpg" alt="Product Image"></a><p>Nutella & GO! Bulk 12 Pack, Hazelnut and Cocoa Spread with Breadsticks, Snack Cups for Kids, 1.8 oz Each</p><p>$11.99 ($0.56 / Ounce)</p><a href="https://www.amazon.com/dp/B00G2XNSWQ?tag=eloabder-20&linkCode=osi&th=1&psc=1">View Product</a></div><div class="product"><a href="https://www.amazon.com/dp/B00KR7PKTC?tag=eloabder-20&linkCode=osi&th=1&psc=1"><img src="https://m.media-amazon.com/images/I/414UW7g-s5L._SL500_.jpg" alt="Product Image"></a><p>Cheez-It Cheese Crackers, Baked Snack Crackers, Lunch Snacks, Variety Pack, 12.1oz Box (12 Packs)</p><p>$5.82 ($0.48 / Ounce)</p><a href="https://www.amazon.com/dp/B00KR7PKTC?tag=eloabder-20&linkCode=osi&th=1&psc=1">View Product</a></div><div class="product"><a href="https://www.amazon.com/dp/B078D7MGY5?tag=eloabder-20&linkCode=osi&th=1&psc=1"><img src="https://m.media-amazon.com/images/I/41ttxloA1AL._SL500_.jpg" alt="Product Image"></a><p>Pringles Potato Crisps Chips, Lunch Snacks, On-the-Go Snacks, Snack Stacks, Variety Pack, 19.3oz Box (27 Cups)</p><p>$12.99 ($0.67 / Ounce)</p><a href="https://www.amazon.com/dp/B078D7MGY5?tag=eloabder-20&linkCode=osi&th=1&psc=1">View Product</a></div>
<div class="product"><a href="https://www.amazon.com/dp/B0C5YLP6PC?tag=eloabder-20&linkCode=osi&th=1&psc=1"><img src="https://m.media-amazon.com/images/I/41Ru-8CxkhL._SL500_.jpg" alt="Product Image"></a><p>3 Pack, Gluten Free Potato Gnocchi, Cooks in 2-3 minutes, (3 x 1 lb), Italian Gnocchi, Product of Italy, NON GMO, Eggs Free, Vegan, by L'Oro Del Sud</p><p>$17.99 ($1.12 / Ounce)</p><a href="https://www.amazon.com/dp/B0C5YLP6PC?tag=eloabder-20&linkCode=osi&th=1&psc=1">View Product</a></div><div class="product"><a href="https://www.amazon.com/dp/B09Q98H64R?tag=eloabder-20&linkCode=osi&th=1&psc=1"><img src="https://m.media-amazon.com/images/I/5101NV4WQOL._SL500_.jpg" alt="Product Image"></a><p>Kraft Gluten Free Original Mac & Cheese Macaroni and Cheese Dinner, 4 ct Pack, 1.9 oz Cups</p><p>$6.49 ($0.85 / Ounce)</p><a href="https://www.amazon.com/dp/B09Q98H64R?tag=eloabder-20&linkCode=osi&th=1&psc=1">View Product</a></div><div class="product"><a href="https://www.amazon.com/dp/B0BRBWXDTK?tag=eloabder-20&linkCode=osi&th=1&psc=1"><img src="https://m.media-amazon.com/images/I/41Di2iNnMJL._SL500_.jpg" alt="Product Image"></a><p>Katz Gluten Free Oatmeal Crème Pies| Dairy Free, Nut Free, Soy Free, Gluten Free | Kosher (1 Pack 6.3 Ounce)</p><p>$12.99 ($2.16 / Ounce)</p><a href="https://www.amazon.com/dp/B0BRBWXDTK?tag=eloabder-20&linkCode=osi&th=1&psc=1">View Product</a></div><div class="product"><a href="https://www.amazon.com/dp/B01JJ9H1Q8?tag=eloabder-20&linkCode=osi&th=1&psc=1"><img src="https://m.media-amazon.com/images/I/41EC1yykptL._SL500_.jpg" alt="Product Image"></a><p>King Arthur, Measure for Measure Flour, Certified Gluten-Free, Non-GMO Project Verified, Certified Kosher, 3 Pounds, Packaging May Vary</p><p>$8.62 ($0.18 / Ounce)</p><a href="https://www.amazon.com/dp/B01JJ9H1Q8?tag=eloabder-20&linkCode=osi&th=1&psc=1">View Product</a></div><div class="product"><a href="https://www.amazon.com/dp/B07CL1SRNB?tag=eloabder-20&linkCode=osi&th=1&psc=1"><img src="https://m.media-amazon.com/images/I/51jpv3MCzgL._SL500_.jpg" alt="Product Image"></a><p>Snyder's of Hanover, Gluten Free Pretzels, 8 Oz</p><p>$4.89 ($0.61 / Ounce)</p><a href="https://www.amazon.com/dp/B07CL1SRNB?tag=eloabder-20&linkCode=osi&th=1&psc=1">View Product</a></div><div class="product"><a href="https://www.amazon.com/dp/B004TSXNIA?tag=eloabder-20&linkCode=osi&th=1&psc=1"><img src="https://m.media-amazon.com/images/I/5137tUox+SL._SL500_.jpg" alt="Product Image"></a><p>Annie's Gluten Free Cocoa and Vanilla Bunny Cookies, 6.75 oz</p><p>$4.22 ($0.62 / Ounce)</p><a href="https://www.amazon.com/dp/B004TSXNIA?tag=eloabder-20&linkCode=osi&th=1&psc=1">View Product</a></div><div class="product"><a href="https://www.amazon.com/dp/B00GI9B84O?tag=eloabder-20&linkCode=osi&th=1&psc=1"><img src="https://m.media-amazon.com/images/I/41e7kO-b3WS._SL500_.jpg" alt="Product Image"></a><p>Mom's Place Gluten Free Beef Stroganoff Mix</p><p>$5.99 ($5.99 / Count)</p><a href="https://www.amazon.com/dp/B00GI9B84O?tag=eloabder-20&linkCode=osi&th=1&psc=1">View Product</a></div><div class="product"><a href="https://www.amazon.com/dp/B0BXQWVL1Q?tag=eloabder-20&linkCode=osi&th=1&psc=1"><img src="https://m.media-amazon.com/images/I/413idrGl7fL._SL500_.jpg" alt="Product Image"></a><p>Simple Mills Almond Flour Snack Bars (Chocolate Brownie) with Organic Coconut Oil, Chia Seeds, Sunflower Seeds, and Flax Seeds, 6oz, 1 Count</p><p>$4.50 ($0.75 / Ounce)</p><a href="https://www.amazon.com/dp/B0BXQWVL1Q?tag=eloabder-20&linkCode=osi&th=1&psc=1">View Product</a></div><div class="product"><a href="https://www.amazon.com/dp/B09Z9QV2CT?tag=eloabder-20&linkCode=osi&th=1&psc=1"><img src="https://m.media-amazon.com/images/I/41pnXqKjS7L._SL500_.jpg" alt="Product Image"></a><p>Mom's Place Gluten Free Biscuits & Gravy Mix</p><p>$8.99 ($0.67 / Ounce)</p><a href="https://www.amazon.com/dp/B09Z9QV2CT?tag=eloabder-20&linkCode=osi&th=1&psc=1">View Product</a></div>
<div class="product"><a href="https://www.amazon.com/dp/B0BNZF5CCM?tag=eloabder-20&linkCode=osi&th=1&psc=1"><img src="https://m.media-amazon.com/images/I/61ZB1KesX-L._SL500_.jpg" alt="Product Image"></a><p>Midi International Snack Box | Premium Exotic Foreign Snacks | Unique Snack Food Gifts Included | Purple Theme Box | Candies from Around the World | 12 Full-Size + 1 Bonus Snacks</p><p>$14.95 ($14.95 / Count)</p><a href="https://www.amazon.com/dp/B0BNZF5CCM?tag=eloabder-20&linkCode=osi&th=1&psc=1">View Product</a></div><div class="product"><a href="https://www.amazon.com/dp/B08W72N8SM?tag=eloabder-20&linkCode=osi&th=1&psc=1"><img src="https://m.media-amazon.com/images/I/61UC7bprqkL._SL500_.jpg" alt="Product Image"></a><p>Midi International Snack Box | Premium Exotic Foreign Snacks | Unique Snack Food Gifts Included | Fantastic Space Theme | Candies from Around the World | 12 Full-Size + 1 Bonus Snacks</p><p>$14.99 ($1.25 / Count)</p><a href="https://www.amazon.com/dp/B08W72N8SM?tag=eloabder-20&linkCode=osi&th=1&psc=1">View Product</a></div><div class="product"><a href="https://www.amazon.com/dp/B0C6PRVVJY?tag=eloabder-20&linkCode=osi&th=1&psc=1"><img src="https://m.media-amazon.com/images/I/61o8Z3EzSnL._SL500_.jpg" alt="Product Image"></a><p>International Exotic Snack Box Variety Pack, 22 Count Premium Foreign Rare Snack Food Gifts with Suprise Item for Fun, Mystery Box of Snacks, European Snacks for Adults and Kids</p><p>$29.95</p><a href="https://www.amazon.com/dp/B0C6PRVVJY?tag=eloabder-20&linkCode=osi&th=1&psc=1">View Product</a></div><div class="product"><a href="https://www.amazon.com/dp/B09T7B3QFJ?tag=eloabder-20&linkCode=osi&th=1&psc=1"><img src="https://m.media-amazon.com/images/I/61Xx7pPJCkL._SL500_.jpg" alt="Product Image"></a><p>Universal Yums International Snack Box | Variety Pack Of Chips, Candy, Chocolates, And Snacks From Around The World | Foreign Snacks For Office, Family, Gifts, And Parties | (50 Exotic Snacks)</p><p>$49.50</p><a href="https://www.amazon.com/dp/B09T7B3QFJ?tag=eloabder-20&linkCode=osi&th=1&psc=1">View Product</a></div><div class="product"><a href="https://www.amazon.com/dp/B08W71KXLS?tag=eloabder-20&linkCode=osi&th=1&psc=1"><img src="https://m.media-amazon.com/images/I/61dcTJQFmBL._SL500_.jpg" alt="Product Image"></a><p>Midi International Snack Box | Premium Exotic Foreign Snacks | Unique Snack Food Gifts Included | Picnic Box Theme | Candies from Around the World | 12 Full-Size + 1 Bonus Snacks</p><p>$14.99 ($14.99 / Count)</p><a href="https://www.amazon.com/dp/B08W71KXLS?tag=eloabder-20&linkCode=osi&th=1&psc=1">View Product</a></div><div class="product"><a href="https://www.amazon.com/dp/B09TG6WCBC?tag=eloabder-20&linkCode=osi&th=1&psc=1"><img src="https://m.media-amazon.com/images/I/61lmk368l0L._SL500_.jpg" alt="Product Image"></a><p>Midi International Snack Box (Fairy Tale Themed) | Snacks Variety Pack of International Treats | Foreign Snack Box Offering Unique Experience | Mix Care Pack of Turkish Candies | 12 Full-Size Snacks</p><p>$14.99 ($1.00 / Ounce)</p><a href="https://www.amazon.com/dp/B09TG6WCBC?tag=eloabder-20&linkCode=osi&th=1&psc=1">View Product</a></div><div class="product"><a href="https://www.amazon.com/dp/B0BNZCVDYQ?tag=eloabder-20&linkCode=osi&th=1&psc=1"><img src="https://m.media-amazon.com/images/I/61aTXvWjbSL._SL500_.jpg" alt="Product Image"></a><p>Midi International Snack Box | Premium Exotic Foreign Snacks | Unique Snack Food Gifts Included | Orange Nebula Space Theme | Candies from Around the World | 12 Full-Size + 1 Bonus Snacks</p><p>$14.99 ($14.99 / Count)</p><a href="https://www.amazon.com/dp/B0BNZCVDYQ?tag=eloabder-20&linkCode=osi&th=1&psc=1">View Product</a></div><div class="product"><a href="https://www.amazon.com/dp/B0CK8DWXS2?tag=eloabder-20&linkCode=osi&th=1&psc=1"><img src="https://m.media-amazon.com/images/I/511Z-FX62TL._SL500_.jpg" alt="Product Image"></a><p>Mega International Snack Box | Premium Exotic Foreign Snacks | Unique Snack Food Gifts Included | Try Extraordinary Turkish Snacks | Candies from Around the World | 32+1 Full-Size Snacks</p><p>$39.95 ($1.00 / Ounce)</p><a href="https://www.amazon.com/dp/B0CK8DWXS2?tag=eloabder-20&linkCode=osi&th=1&psc=1">View Product</a></div><div class="product"><a href="https://www.amazon.com/dp/B0CGRMR7VN?tag=eloabder-20&linkCode=osi&th=1&psc=1"><img src="https://m.media-amazon.com/images/I/51PgWRUNnkL._SL500_.jpg" alt="Product Image"></a><p>Turkish Foreign Snack Box, Gourmet Turkish Food Gift Box, Variety of Unique Sweets and Savory Snacks from Turkey - International Snacks Box - Full Sized Snacks - 24ct</p><p>$23.99 ($1.00 / Count)</p><a href="https://www.amazon.com/dp/B0CGRMR7VN?tag=eloabder-20&linkCode=osi&th=1&psc=1">View Product</a></div>
<div class="product"><a href="https://www.amazon.com/dp/B001EQ5NHE?tag=eloabder-20&linkCode=osi&th=1&psc=1"><img src="https://m.media-amazon.com/images/I/51Kg06c5YuL._SL500_.jpg" alt="Product Image"></a><p>Spam Classic, 12 Ounce Can (Pack of 12)</p><p>$28.32 ($0.20 / Ounce)</p><a href="https://www.amazon.com/dp/B001EQ5NHE?tag=eloabder-20&linkCode=osi&th=1&psc=1">View Product</a></div><div class="product"><a href="https://www.amazon.com/dp/B08DQ6422D?tag=eloabder-20&linkCode=osi&th=1&psc=1"><img src="https://m.media-amazon.com/images/I/51-xOj2EbVL._SL500_.jpg" alt="Product Image"></a><p>Del Monte Cut Blue Lake Green Beans With No Added Salt 14.5 Oz,(Pack of 4)</p><p>$5.28 ($0.09 / Ounce)</p><a href="https://www.amazon.com/dp/B08DQ6422D?tag=eloabder-20&linkCode=osi&th=1&psc=1">View Product</a></div><div class="product"><a href="https://www.amazon.com/dp/B089PMW6C3?tag=eloabder-20&linkCode=osi&th=1&psc=1"><img src="https://m.media-amazon.com/images/I/41fKtFm2RAL._SL500_.jpg" alt="Product Image"></a><p>SpaghettiOs Canned Pasta with Meatballs, 15.6 oz Can (Pack of 12)</p><p>$11.44 ($0.06 / Ounce)</p><a href="https://www.amazon.com/dp/B089PMW6C3?tag=eloabder-20&linkCode=osi&th=1&psc=1">View Product</a></div><div class="product"><a href="https://www.amazon.com/dp/B006VS7C60?tag=eloabder-20&linkCode=osi&th=1&psc=1"><img src="https://m.media-amazon.com/images/I/51adZb-RUeL._SL500_.jpg" alt="Product Image"></a><p>Campbell’s Pork and Beans, 11 Oz Can (Case of 24)</p><p>$20.64 ($0.08 / Ounce)</p><a href="https://www.amazon.com/dp/B006VS7C60?tag=eloabder-20&linkCode=osi&th=1&psc=1">View Product</a></div><div class="product"><a href="https://www.amazon.com/dp/B00CPDWTBI?tag=eloabder-20&linkCode=osi&th=1&psc=1"><img src="https://m.media-amazon.com/images/I/61M2-LCC5uL._SL500_.jpg" alt="Product Image"></a><p>DEL MONTE FRESH CUT Whole New Canned Potatoes, Canned Vegetables, 12 Pack, 14.5 oz Can</p><p>$17.76 ($0.10 / Ounce)</p><a href="https://www.amazon.com/dp/B00CPDWTBI?tag=eloabder-20&linkCode=osi&th=1&psc=1">View Product</a></div><div class="product"><a href="https://www.amazon.com/dp/B00TFPKEZM?tag=eloabder-20&linkCode=osi&th=1&psc=1"><img src="https://m.media-amazon.com/images/I/51VTHItyaXL._SL500_.jpg" alt="Product Image"></a><p>Del Monte Canned Fresh Cut French Style Green Beans, 8 Ounce (Pack of 12)</p><p>$16.68 ($0.17 / Ounce)</p><a href="https://www.amazon.com/dp/B00TFPKEZM?tag=eloabder-20&linkCode=osi&th=1&psc=1">View Product</a></div><div class="product"><a href="https://www.amazon.com/dp/B08WR5J62L?tag=eloabder-20&linkCode=osi&th=1&psc=1"><img src="https://m.media-amazon.com/images/I/51QjonsN18L._SL500_.jpg" alt="Product Image"></a><p>Chicken of the Sea Chunk Light Tuna in Water, Wild Caught Tuna, 5-Ounce Cans (Pack of 10)</p><p>$8.90 ($2.85 / lb)</p><a href="https://www.amazon.com/dp/B08WR5J62L?tag=eloabder-20&linkCode=osi&th=1&psc=1">View Product</a></div><div class="product"><a href="https://www.amazon.com/dp/B01MQ6BDM0?tag=eloabder-20&linkCode=osi&th=1&psc=1"><img src="https://m.media-amazon.com/images/I/51chxbCoRfL._SL500_.jpg" alt="Product Image"></a><p>Libby's Vienna Sausage in Chicken Broth, Canned Sausage, 4.6 OZ (Pack of 24)</p><p>$23.52 ($0.98 / Count)</p><a href="https://www.amazon.com/dp/B01MQ6BDM0?tag=eloabder-20&linkCode=osi&th=1&psc=1">View Product</a></div><div class="product"><a href="https://www.amazon.com/dp/B01NBFQ8TF?tag=eloabder-20&linkCode=osi&th=1&psc=1"><img src="https://m.media-amazon.com/images/I/41ijyPglLPL._SL500_.jpg" alt="Product Image"></a><p>Bush's Best Baked Beans, Country Style with Bacon and Brown Sugar, 8.3 OZ (Pack of 12)</p><p>$20.28 ($1.69 / Count)</p><a href="https://www.amazon.com/dp/B01NBFQ8TF?tag=eloabder-20&linkCode=osi&th=1&psc=1">View Product</a></div><div class="product"><a href="https://www.amazon.com/dp/B019YHSNGC?tag=eloabder-20&linkCode=osi&th=1&psc=1"><img src="https://m.media-amazon.com/images/I/51oHYkvLL0L._SL500_.jpg" alt="Product Image"></a><p>Bumble Bee Chunk Light Tuna In Water, 5 oz Cans (Pack of 24) - Wild Caught Skipjack Tuna - 23g Protein Per Serving - MSC Certified Sustainable Seafood, Non-GMO, Gluten Free, Kosher</p><p>$23.36 ($0.19 / Ounce)</p><a href="https://www.amazon.com/dp/B019YHSNGC?tag=eloabder-20&linkCode=osi&th=1&psc=1">View Product</a></div>
<div class="product"><a href="https://www.amazon.com/dp/B07KQNNW9K?tag=eloabder-20&linkCode=osi&th=1&psc=1"><img src="https://m.media-amazon.com/images/I/51EVSxp535L._SL500_.jpg" alt="Product Image"></a><p>HORMEL COMPLEATS Protein Variety Pack Microwave Trays (Pack of 5)</p><p>$14.99 ($0.33 / Ounce)</p><a href="https://www.amazon.com/dp/B07KQNNW9K?tag=eloabder-20&linkCode=osi&th=1&psc=1">View Product</a></div><div class="product"><a href="https://www.amazon.com/dp/B000V1JVAI?tag=eloabder-20&linkCode=osi&th=1&psc=1"><img src="https://m.media-amazon.com/images/I/51moeAwg0qL._SL500_.jpg" alt="Product Image"></a><p>HORMEL COMPLEATS Meatloaf & Gravy With Mashed Potatoes Microwave Tray, 9 oz. (6 Pack)</p><p>$13.68 ($0.25 / Ounce)</p><a href="https://www.amazon.com/dp/B000V1JVAI?tag=eloabder-20&linkCode=osi&th=1&psc=1">View Product</a></div><div class="product"><a href="https://www.amazon.com/dp/B001E55YXS?tag=eloabder-20&linkCode=osi&th=1&psc=1"><img src="https://m.media-amazon.com/images/I/51f7Q-awP2L._SL500_.jpg" alt="Product Image"></a><p>HORMEL COMPLEATS Beef Pot Roast Microwave Tray, 9 Ounce (Pack of 6)</p><p>$13.68 ($0.25 / Ounce)</p><a href="https://www.amazon.com/dp/B001E55YXS?tag=eloabder-20&linkCode=osi&th=1&psc=1">View Product</a></div><div class="product"><a href="https://www.amazon.com/dp/B001E52XGO?tag=eloabder-20&linkCode=osi&th=1&psc=1"><img src="https://m.media-amazon.com/images/I/513-IE78MvL._SL500_.jpg" alt="Product Image"></a><p>HORMEL COMPLEATS Turkey & Dressing Microwave Tray, 10 oz. (6 Pack)</p><p>$13.68 ($0.23 / Ounce)</p><a href="https://www.amazon.com/dp/B001E52XGO?tag=eloabder-20&linkCode=osi&th=1&psc=1">View Product</a></div><div class="product"><a href="https://www.amazon.com/dp/B01JLWGOCA?tag=eloabder-20&linkCode=osi&th=1&psc=1"><img src="https://m.media-amazon.com/images/I/41JtN2c2Y3L._SL500_.jpg" alt="Product Image"></a><p>Idahoan Four Cheese Mashed Potatoes, Made with Gluten-Free 100-Percent Real Idaho Potatoes, 1.5 oz Cup (Pack of 10)</p><p>$11.23 ($0.75 / Ounce)</p><a href="https://www.amazon.com/dp/B01JLWGOCA?tag=eloabder-20&linkCode=osi&th=1&psc=1">View Product</a></div><div class="product"><a href="https://www.amazon.com/dp/B08P3SVWFR?tag=eloabder-20&linkCode=osi&th=1&psc=1"><img src="https://m.media-amazon.com/images/I/51Q7KX85dtL._SL500_.jpg" alt="Product Image"></a><p>StarKist Premium White Chicken - 2.6 oz Pouch (Pack of 12)</p><p>$15.06 ($0.48 / Ounce)</p><a href="https://www.amazon.com/dp/B08P3SVWFR?tag=eloabder-20&linkCode=osi&th=1&psc=1">View Product</a></div><div class="product"><a href="https://www.amazon.com/dp/B001E52WAG?tag=eloabder-20&linkCode=osi&th=1&psc=1"><img src="https://m.media-amazon.com/images/I/51dV9dBtkEL._SL500_.jpg" alt="Product Image"></a><p>Dinty Moore Beef Stew, 9-Ounce Packages (Pack of 6)</p><p>$17.34 ($0.32 / Ounce)</p><a href="https://www.amazon.com/dp/B001E52WAG?tag=eloabder-20&linkCode=osi&th=1&psc=1">View Product</a></div><div class="product"><a href="https://www.amazon.com/dp/B0BTQWY5LL?tag=eloabder-20&linkCode=osi&th=1&psc=1"><img src="https://m.media-amazon.com/images/I/61dN-t0ureL._SL500_.jpg" alt="Product Image"></a><p>MISS OLIVE'S Variety Pack Microwavable Low Sodium Ready Meals (Bundle of 6)-1 of each flavor</p><p>$26.49 ($0.63 / Ounce)</p><a href="https://www.amazon.com/dp/B0BTQWY5LL?tag=eloabder-20&linkCode=osi&th=1&psc=1">View Product</a></div><div class="product"><a href="https://www.amazon.com/dp/B0111Y7PO2?tag=eloabder-20&linkCode=osi&th=1&psc=1"><img src="https://m.media-amazon.com/images/I/51ReJtj0zJL._SL500_.jpg" alt="Product Image"></a><p>HORMEL COMPLEATS Rice & Chicken Microwave Tray, 7.5 Ounces (Pack of 7)</p><p>$15.96 ($0.30 / Ounce)</p><a href="https://www.amazon.com/dp/B0111Y7PO2?tag=eloabder-20&linkCode=osi&th=1&psc=1">View Product</a></div><div class="product"><a href="https://www.amazon.com/dp/B09GL33XZG?tag=eloabder-20&linkCode=osi&th=1&psc=1"><img src="https://m.media-amazon.com/images/I/41tbj+XvZLL._SL500_.jpg" alt="Product Image"></a><p>HMR Ultimate Entrée Pack | Pre-packaged Lunch or Dinner to Support Weight Loss | Pack of 17 Ready to Eat Meals | 10-20 grams of Protein per Entrée | Low Calorie Food | 7-8oz Servings per Meal</p><p>$89.99</p><a href="https://www.amazon.com/dp/B09GL33XZG?tag=eloabder-20&linkCode=osi&th=1&psc=1">View Product</a></div>
<div class="product"><a href="https://www.amazon.com/dp/B00I9VBMLI?tag=eloabder-20&linkCode=osi&th=1&psc=1"><img src="https://m.media-amazon.com/images/I/51kyWWI+vRL._SL500_.jpg" alt="Product Image"></a><p>Chef Boyardee Beef Ravioli, 15 oz, 4 Pack</p><p>$4.48 ($0.07 / Count)</p><a href="https://www.amazon.com/dp/B00I9VBMLI?tag=eloabder-20&linkCode=osi&th=1&psc=1">View Product</a></div>
<div class="product"><a href="https://www.amazon.com/dp/B0CJCXLDSP?tag=eloabder-20&linkCode=osi&th=1&psc=1"><img src="https://m.media-amazon.com/images/I/41uUHvJRp2L._SL500_.jpg" alt="Product Image"></a><p>ARM & HAMMER Baking Soda Made in USA, Ideal for Baking, Pure & Natural, 2.7lb Bag</p><p>$7.99 ($0.18 / Ounce)</p><a href="https://www.amazon.com/dp/B0CJCXLDSP?tag=eloabder-20&linkCode=osi&th=1&psc=1">View Product</a></div><div class="product"><a href="https://www.amazon.com/dp/B07JFLXZQV?tag=eloabder-20&linkCode=osi&th=1&psc=1"><img src="https://m.media-amazon.com/images/I/41mGwlHTcmL._SL500_.jpg" alt="Product Image"></a><p>Vanilla Bean Paste for Baking and Cooking - Gourmet Madagascar Bourbon Blend made with Real Vanilla Seeds - 4 Ounces</p><p>$14.99 ($3.75 / Ounce)</p><a href="https://www.amazon.com/dp/B07JFLXZQV?tag=eloabder-20&linkCode=osi&th=1&psc=1">View Product</a></div><div class="product"><a href="https://www.amazon.com/dp/B0046EJ570?tag=eloabder-20&linkCode=osi&th=1&psc=1"><img src="https://m.media-amazon.com/images/I/31TFd1IdsRL._SL500_.jpg" alt="Product Image"></a><p>Watkins All Natural Original Gourmet Baking Vanilla, with Pure Vanilla Extract, 11 Fl Oz (Pack of 1) - Packaging May Vary</p><p>$12.35 ($1.12 / Fl Oz)</p><a href="https://www.amazon.com/dp/B0046EJ570?tag=eloabder-20&linkCode=osi&th=1&psc=1">View Product</a></div><div class="product"><a href="https://www.amazon.com/dp/B00PMUNEK6?tag=eloabder-20&linkCode=osi&th=1&psc=1"><img src="https://m.media-amazon.com/images/I/41LZqR+JNZL._SL500_.jpg" alt="Product Image"></a><p>10 Organic Madagascar Vanilla Beans Whole Grade A Vanilla Pods for Vanilla Extract and Baking</p><p>$11.04 ($1.10 / Count)</p><a href="https://www.amazon.com/dp/B00PMUNEK6?tag=eloabder-20&linkCode=osi&th=1&psc=1">View Product</a></div><div class="product"><a href="https://www.amazon.com/dp/B0CBW3D9T7?tag=eloabder-20&linkCode=osi&th=1&psc=1"><img src="https://m.media-amazon.com/images/I/414XubDDPPL._SL500_.jpg" alt="Product Image"></a><p>Scratch Diastatic Malt Powder for Baking - (10oz) Dried Barley Malt for Baking Bread - Bread Improver - Premium Baking Ingredients for Breads, Pizzas, Pretzels, Desserts, Shakes and More</p><p>$8.95 ($0.90 / Ounce)</p><a href="https://www.amazon.com/dp/B0CBW3D9T7?tag=eloabder-20&linkCode=osi&th=1&psc=1">View Product</a></div><div class="product"><a href="https://www.amazon.com/dp/B00VEJOUXE?tag=eloabder-20&linkCode=osi&th=1&psc=1"><img src="https://m.media-amazon.com/images/I/41HmZhMPH1L._SL500_.jpg" alt="Product Image"></a><p>Bob's Red Mill Baking Soda - 1 Pound (Pack of 4), Non GMO, Gluten Free, Vegan, Kosher, Paleo Friendly</p><p>$13.10 ($0.20 / Ounce)</p><a href="https://www.amazon.com/dp/B00VEJOUXE?tag=eloabder-20&linkCode=osi&th=1&psc=1">View Product</a></div><div class="product"><a href="https://www.amazon.com/dp/B0CG7C5X2F?tag=eloabder-20&linkCode=osi&th=1&psc=1"><img src="https://m.media-amazon.com/images/I/41cN3OdncVL._SL500_.jpg" alt="Product Image"></a><p>Micro Ingredients Baking Soda Powder, 6lbs | Pure Sodium Bicarbonate | Bulk Food Grade Supply | Great for Cleaning, Cooking, Laundry, or Personal Care | Non-GMO, Filler Free</p><p>$13.95 ($0.15 / Ounce)</p><a href="https://www.amazon.com/dp/B0CG7C5X2F?tag=eloabder-20&linkCode=osi&th=1&psc=1">View Product</a></div><div class="product"><a href="https://www.amazon.com/dp/B075456XMK?tag=eloabder-20&linkCode=osi&th=1&psc=1"><img src="https://m.media-amazon.com/images/I/31YCnL21+nL._SL500_.jpg" alt="Product Image"></a><p>Pure Original Ingredients Baking Soda (2 lb) Sodium Bicarbonate (NaHCO3), Always Pure, No Fillers Or Additives.</p><p>$11.99 ($0.37 / Ounce)</p><a href="https://www.amazon.com/dp/B075456XMK?tag=eloabder-20&linkCode=osi&th=1&psc=1">View Product</a></div><div class="product"><a href="https://www.amazon.com/dp/B08FYKMRGT?tag=eloabder-20&linkCode=osi&th=1&psc=1"><img src="https://m.media-amazon.com/images/I/41TdlxCI0EL._SL500_.jpg" alt="Product Image"></a><p>King Arthur, Baking Sugar Alternative, Made with Plant-Based Ingredients, Keto-Friendly, 1-to-1 Substitute for Granulated Sugar, 12 Ounces</p><p>$9.95 ($0.83 / Ounce)</p><a href="https://www.amazon.com/dp/B08FYKMRGT?tag=eloabder-20&linkCode=osi&th=1&psc=1">View Product</a></div><div class="product"><a href="https://www.amazon.com/dp/B07KKL5Q68?tag=eloabder-20&linkCode=osi&th=1&psc=1"><img src="https://m.media-amazon.com/images/I/41G0eZnHIxL._SL500_.jpg" alt="Product Image"></a><p>Pure Original Ingredients Baking Soda (1 Gallon) Aluminum Free, Cooking, Baking, Cleaning</p><p>$30.99 ($0.19 / Ounce)</p><a href="https://www.amazon.com/dp/B07KKL5Q68?tag=eloabder-20&linkCode=osi&th=1&psc=1">View Product</a></div>
<div class="product"><a href="https://www.amazon.com/dp/B0029K0U90?tag=eloabder-20&linkCode=osi&th=1&psc=1"><img src="https://m.media-amazon.com/images/I/412vWjuj9tL._SL500_.jpg" alt="Product Image"></a><p>Mrs. Wages Pasta Sauce Canning Mix 5 Ounce (Pack of 6)</p><p>$19.32 ($0.64 / Ounce)</p><a href="https://www.amazon.com/dp/B0029K0U90?tag=eloabder-20&linkCode=osi&th=1&psc=1">View Product</a></div><div class="product"><a href="https://www.amazon.com/dp/B0005ZWUDU?tag=eloabder-20&linkCode=osi&th=1&psc=1"><img src="https://m.media-amazon.com/images/I/411oE+5BGYL._SL500_.jpg" alt="Product Image"></a><p>Classico Roasted Garlic Tomato Spaghetti Pasta Sauce (24 oz Jar)</p><p>$2.98 ($0.12 / Ounce)</p><a href="https://www.amazon.com/dp/B0005ZWUDU?tag=eloabder-20&linkCode=osi&th=1&psc=1">View Product</a></div><div class="product"><a href="https://www.amazon.com/dp/B00H3TKG6O?tag=eloabder-20&linkCode=osi&th=1&psc=1"><img src="https://m.media-amazon.com/images/I/41dtGUjEl7L._SL500_.jpg" alt="Product Image"></a><p>Classico Family Favorites Traditional Pasta Sauce (24 oz Jar)</p><p>$2.16 ($0.09 / Ounce)</p><a href="https://www.amazon.com/dp/B00H3TKG6O?tag=eloabder-20&linkCode=osi&th=1&psc=1">View Product</a></div><div class="product"><a href="https://www.amazon.com/dp/B088N719GQ?tag=eloabder-20&linkCode=osi&th=1&psc=1"><img src="https://m.media-amazon.com/images/I/412O4vvfLcL._SL500_.jpg" alt="Product Image"></a><p>Prego Traditional Pasta Sauce, 45 Oz Jar</p><p>$4.23 ($0.09 / Ounce)</p><a href="https://www.amazon.com/dp/B088N719GQ?tag=eloabder-20&linkCode=osi&th=1&psc=1">View Product</a></div><div class="product"><a href="https://www.amazon.com/dp/B00IAE65L6?tag=eloabder-20&linkCode=osi&th=1&psc=1"><img src="https://m.media-amazon.com/images/I/41keFWtHEbL._SL500_.jpg" alt="Product Image"></a><p>Prego Traditional Pasta Sauce, 67 Oz Jar</p><p>$5.36 ($0.08 / Ounce)</p><a href="https://www.amazon.com/dp/B00IAE65L6?tag=eloabder-20&linkCode=osi&th=1&psc=1">View Product</a></div><div class="product"><a href="https://www.amazon.com/dp/B0CRXQZMWN?tag=eloabder-20&linkCode=osi&th=1&psc=1"><img src="https://m.media-amazon.com/images/I/41GWdkqzH0L._SL500_.jpg" alt="Product Image"></a><p>Prego Creamy Roasted Garlic Pesto Pasta Sauce, 14.5 oz Jar</p><p>$2.79 ($0.19 / Ounce)</p><a href="https://www.amazon.com/dp/B0CRXQZMWN?tag=eloabder-20&linkCode=osi&th=1&psc=1">View Product</a></div><div class="product"><a href="https://www.amazon.com/dp/B0033TSDKY?tag=eloabder-20&linkCode=osi&th=1&psc=1"><img src="https://m.media-amazon.com/images/I/416ipEt-ErS._SL500_.jpg" alt="Product Image"></a><p>Classico Four Cheese Alfredo Pasta Sauce (15 oz Jar)</p><p>$3.13 ($0.21 / Ounce)</p><a href="https://www.amazon.com/dp/B0033TSDKY?tag=eloabder-20&linkCode=osi&th=1&psc=1">View Product</a></div><div class="product"><a href="https://www.amazon.com/dp/B000Q3R6V2?tag=eloabder-20&linkCode=osi&th=1&psc=1"><img src="https://m.media-amazon.com/images/I/51DwtNnipoL._SL500_.jpg" alt="Product Image"></a><p>Hunt's Traditional Pasta Sauce, 24 oz</p><p>$1.34 ($0.06 / Ounce)</p><a href="https://www.amazon.com/dp/B000Q3R6V2?tag=eloabder-20&linkCode=osi&th=1&psc=1">View Product</a></div><div class="product"><a href="https://www.amazon.com/dp/B00XXGW39Y?tag=eloabder-20&linkCode=osi&th=1&psc=1"><img src="https://m.media-amazon.com/images/I/41FycYZ91BL._SL500_.jpg" alt="Product Image"></a><p>Classico Vodka Sauce Tomato Spaghetti Pasta Sauce (24 oz Jar)</p><p>$2.52 ($0.10 / Fl Oz)</p><a href="https://www.amazon.com/dp/B00XXGW39Y?tag=eloabder-20&linkCode=osi&th=1&psc=1">View Product</a></div><div class="product"><a href="https://www.amazon.com/dp/B07JVJR966?tag=eloabder-20&linkCode=osi&th=1&psc=1"><img src="https://m.media-amazon.com/images/I/412rjNSU1HL._SL500_.jpg" alt="Product Image"></a><p>Prego Traditional Pasta Sauce, 24 Oz Jar (Case of 12)</p><p>$29.76 ($0.10 / Fl Oz)</p><a href="https://www.amazon.com/dp/B07JVJR966?tag=eloabder-20&linkCode=osi&th=1&psc=1">View Product</a></div>
<div class="product"><a href="https://www.amazon.com/dp/B07GBS8GVH?tag=eloabder-20&linkCode=osi&th=1&psc=1"><img src="https://m.media-amazon.com/images/I/51Xpb2UbnAS._SL500_.jpg" alt="Product Image"></a><p>BEN'S ORIGINAL Ready Rice Whole Grain Brown Rice, Easy Dinner Side, 8.8 OZ Pouch (Pack of 6)</p><p>$13.08 ($0.25 / Ounce)</p><a href="https://www.amazon.com/dp/B07GBS8GVH?tag=eloabder-20&linkCode=osi&th=1&psc=1">View Product</a></div><div class="product"><a href="https://www.amazon.com/dp/B000YPKPV0?tag=eloabder-20&linkCode=osi&th=1&psc=1"><img src="https://m.media-amazon.com/images/I/51RKdJy7-TL._SL500_.jpg" alt="Product Image"></a><p>Rice-A-Roni Long grain & wild rice with herbs, 4.3 Ounce Pack of 12</p><p>$12.00 ($0.23 / Ounce)</p><a href="https://www.amazon.com/dp/B000YPKPV0?tag=eloabder-20&linkCode=osi&th=1&psc=1">View Product</a></div><div class="product"><a href="https://www.amazon.com/dp/B004NRLAVY?tag=eloabder-20&linkCode=osi&th=1&psc=1"><img src="https://m.media-amazon.com/images/I/51l35npdSyL._SL500_.jpg" alt="Product Image"></a><p>Nishiki Premium Rice, Medium Grain,15 Pound (Pack of 1)</p><p>$20.19 ($0.08 / Ounce)</p><a href="https://www.amazon.com/dp/B004NRLAVY?tag=eloabder-20&linkCode=osi&th=1&psc=1">View Product</a></div><div class="product"><a href="https://www.amazon.com/dp/B00MMTQAF6?tag=eloabder-20&linkCode=osi&th=1&psc=1"><img src="https://m.media-amazon.com/images/I/41uID5vVhuL._SL500_.jpg" alt="Product Image"></a><p>Mahatma Extra Long Grain White Rice, 10 Pound, Gluten-Free and Non-GMO, Rice Bulk Bag (Pack of 1)</p><p>$9.98 ($0.06 / Ounce)</p><a href="https://www.amazon.com/dp/B00MMTQAF6?tag=eloabder-20&linkCode=osi&th=1&psc=1">View Product</a></div><div class="product"><a href="https://www.amazon.com/dp/B00I330QEQ?tag=eloabder-20&linkCode=osi&th=1&psc=1"><img src="https://m.media-amazon.com/images/I/41eu-3nevsL._SL500_.jpg" alt="Product Image"></a><p>Authentic Royal - Naturally Aged Long Grain Indian White Basmati Rice - 15 lbs</p><p>$15.03 ($0.06 / Ounce)</p><a href="https://www.amazon.com/dp/B00I330QEQ?tag=eloabder-20&linkCode=osi&th=1&psc=1">View Product</a></div><div class="product"><a href="https://www.amazon.com/dp/B00CLGUKKG?tag=eloabder-20&linkCode=osi&th=1&psc=1"><img src="https://m.media-amazon.com/images/I/41mEtyqtEVL._SL500_.jpg" alt="Product Image"></a><p>Mahatma Whole-Grain Brown Rice, 32-Ounce Bag of Rice, Stovetop or Microwave Rice</p><p>$2.68 ($0.08 / Ounce)</p><a href="https://www.amazon.com/dp/B00CLGUKKG?tag=eloabder-20&linkCode=osi&th=1&psc=1">View Product</a></div><div class="product"><a href="https://www.amazon.com/dp/B0087HFXJ6?tag=eloabder-20&linkCode=osi&th=1&psc=1"><img src="https://m.media-amazon.com/images/I/51eYTUAUKZL._SL500_.jpg" alt="Product Image"></a><p>RiceSelect Royal Blend, Blend Of Texmati White, Brown, Red, And Wild Rice, Premium Gluten Free Rice, Non-GMO, 21 Ounce Jar</p><p>$6.98 ($0.33 / Ounce)</p><a href="https://www.amazon.com/dp/B0087HFXJ6?tag=eloabder-20&linkCode=osi&th=1&psc=1">View Product</a></div><div class="product"><a href="https://www.amazon.com/dp/B07HKTD2BD?tag=eloabder-20&linkCode=osi&th=1&psc=1"><img src="https://m.media-amazon.com/images/I/519+60cp2dL._SL500_.jpg" alt="Product Image"></a><p>Nishiki Premium 7 Grains Mix, 2 Pound</p><p>$14.49 ($0.45 / Ounce)</p><a href="https://www.amazon.com/dp/B07HKTD2BD?tag=eloabder-20&linkCode=osi&th=1&psc=1">View Product</a></div><div class="product"><a href="https://www.amazon.com/dp/B00G9U46DW?tag=eloabder-20&linkCode=osi&th=1&psc=1"><img src="https://m.media-amazon.com/images/I/51Xpb2UbnAS._SL500_.jpg" alt="Product Image"></a><p>BEN'S ORIGINAL Ready Rice Whole Grain Brown Rice, Easy Dinner Side, 8.8 OZ Pouch (Pack of 12)</p><p>$26.16 ($0.25 / Ounce)</p><a href="https://www.amazon.com/dp/B00G9U46DW?tag=eloabder-20&linkCode=osi&th=1&psc=1">View Product</a></div>
<div class="product"><a href="https://www.amazon.com/dp/B0D4KLB4HP?tag=eloabder-20&linkCode=osi&th=1&psc=1"><img src="https://m.media-amazon.com/images/I/51r7s+M2jqL._SL500_.jpg" alt="Product Image"></a><p>Chronos Condiment 150 bundle pack - 50 Single Serve Pouches of Each: Ketchup, Mustard, and Mayo - 150 Pack, Great for Picnics, Boxed Lunch, BBQ, Travel, and Parties</p><p>$21.97</p><a href="https://www.amazon.com/dp/B0D4KLB4HP?tag=eloabder-20&linkCode=osi&th=1&psc=1">View Product</a></div><div class="product"><a href="https://www.amazon.com/dp/B003XLOOCS?tag=eloabder-20&linkCode=osi&th=1&psc=1"><img src="https://m.media-amazon.com/images/I/51x0jDzOLjL._SL500_.jpg" alt="Product Image"></a><p>Heinz Tomato Ketchup, Relish, and Mustard Picnic Pack, 3 Count</p><p>$5.98 ($0.11 / Ounce)</p><a href="https://www.amazon.com/dp/B003XLOOCS?tag=eloabder-20&linkCode=osi&th=1&psc=1">View Product</a></div><div class="product"><a href="https://www.amazon.com/dp/B0992VW16R?tag=eloabder-20&linkCode=osi&th=1&psc=1"><img src="https://m.media-amazon.com/images/I/51eFgOarc1L._SL500_.jpg" alt="Product Image"></a><p>Grab-n-Go Condiment Packs - 50 Single Serve Pouches of Each: Ketchup, Mustard, Relish, and Mayo - Great for Picnics, Boxed Lunch, BBQ, Travel, Picnic and Parties (200 Condiment Packets Total)</p><p>$29.99 ($0.15 / Count)</p><a href="https://www.amazon.com/dp/B0992VW16R?tag=eloabder-20&linkCode=osi&th=1&psc=1">View Product</a></div><div class="product"><a href="https://www.amazon.com/dp/B0D3J9HHS2?tag=eloabder-20&linkCode=osi&th=1&psc=1"><img src="https://m.media-amazon.com/images/I/51VkOjMAkXL._SL500_.jpg" alt="Product Image"></a><p>Heinz Condiment Packets Variety 100 Pack- 25 Heinz Ketchup Packets, 25 Mayonnaise Packets, 25 Mustard Packets, and 25 Relish Packets. Ketchup Heinz, Mayo Packets.</p><p>$19.99 ($0.20 / Count)</p><a href="https://www.amazon.com/dp/B0D3J9HHS2?tag=eloabder-20&linkCode=osi&th=1&psc=1">View Product</a></div><div class="product"><a href="https://www.amazon.com/dp/B091DCC2CH?tag=eloabder-20&linkCode=osi&th=1&psc=1"><img src="https://m.media-amazon.com/images/I/415Iq4kWRXL._SL500_.jpg" alt="Product Image"></a><p>Hellmann's Real Mayonnaise Squeeze Bottle 3 Count a Rich Creamy Condiment Gluten Free, Made With 100% Cage-Free Eggs 20 oz</p><p>$11.90 ($0.20 / Fl Oz)</p><a href="https://www.amazon.com/dp/B091DCC2CH?tag=eloabder-20&linkCode=osi&th=1&psc=1">View Product</a></div><div class="product"><a href="https://www.amazon.com/dp/B0CMR2DML7?tag=eloabder-20&linkCode=osi&th=1&psc=1"><img src="https://m.media-amazon.com/images/I/61dFhpega1L._SL500_.jpg" alt="Product Image"></a><p>Crait Individual Condiment Packets Variety Pack of 50 Hot Sauce Packets with Mayo Packets, Ketchup Packets and Yellow Mustard Packets Single Serve</p><p>$15.00 ($0.30 / Count)</p><a href="https://www.amazon.com/dp/B0CMR2DML7?tag=eloabder-20&linkCode=osi&th=1&psc=1">View Product</a></div><div class="product"><a href="https://www.amazon.com/dp/B0D3JCR2XS?tag=eloabder-20&linkCode=osi&th=1&psc=1"><img src="https://m.media-amazon.com/images/I/51RtTP7u7aL._SL500_.jpg" alt="Product Image"></a><p>Hot Sauce Variety Pack of 48 Condiment Packets. 4 Each of 12 Flavors. Texas Pete Hot Sauce Packets, Mini Condiments, Mini Hot Sauce, Condiment Packets Variety Pack, Single Serve</p><p>$17.99 ($0.37 / Count)</p><a href="https://www.amazon.com/dp/B0D3JCR2XS?tag=eloabder-20&linkCode=osi&th=1&psc=1">View Product</a></div><div class="product"><a href="https://www.amazon.com/dp/B00XK3IYUW?tag=eloabder-20&linkCode=osi&th=1&psc=1"><img src="https://m.media-amazon.com/images/I/51T9Vgtx+bL._SL500_.jpg" alt="Product Image"></a><p>Heinz Condiment Packets Ketchup and Mustard (100 Total; 50 Each Flavor)</p><p>$13.10 ($0.60 / Ounce)</p><a href="https://www.amazon.com/dp/B00XK3IYUW?tag=eloabder-20&linkCode=osi&th=1&psc=1">View Product</a></div>
<div class="product"><a href="https://www.amazon.com/dp/B09DYZSHJR?tag=eloabder-20&linkCode=osi&th=1&psc=1"><img src="https://m.media-amazon.com/images/I/31fEqU5FfOL._SL500_.jpg" alt="Product Image"></a><p>DaVinci Gourmet Honey Syrup, 25.4 Fluid Ounce (Pack of 1)</p><p>$9.99 ($0.39 / Fl Oz)</p><a href="https://www.amazon.com/dp/B09DYZSHJR?tag=eloabder-20&linkCode=osi&th=1&psc=1">View Product</a></div><div class="product"><a href="https://www.amazon.com/dp/B09GW7TXH3?tag=eloabder-20&linkCode=osi&th=1&psc=1"><img src="https://m.media-amazon.com/images/I/31hUGuR-NsL._SL500_.jpg" alt="Product Image"></a><p>Glorybee, Premium Honey Syrup, Real Honey, No Artifical colors or flavors, 25.4 fl oz</p><p>$10.73 ($0.42 / Fl Oz)</p><a href="https://www.amazon.com/dp/B09GW7TXH3?tag=eloabder-20&linkCode=osi&th=1&psc=1">View Product</a></div><div class="product"><a href="https://www.amazon.com/dp/B07C1138N5?tag=eloabder-20&linkCode=osi&th=1&psc=1"><img src="https://m.media-amazon.com/images/I/31bISVR+FkL._SL500_.jpg" alt="Product Image"></a><p>Monin - Honey Syrup, Smooth Sweet Honey Flavor, Great for Teas, Lemonades, Cocktails, & Coffee, Gluten-Free, Non-GMO (1 Liter)</p><p>$19.13 ($0.57 / Fl Oz)</p><a href="https://www.amazon.com/dp/B07C1138N5?tag=eloabder-20&linkCode=osi&th=1&psc=1">View Product</a></div><div class="product"><a href="https://www.amazon.com/dp/B0D43FMJ8V?tag=eloabder-20&linkCode=osi&th=1&psc=1"><img src="https://m.media-amazon.com/images/I/41P8d3eueDL._SL500_.jpg" alt="Product Image"></a><p>Torani Salted Honey Butter Syrup for Coffee 25.4 Ounces Coffee Syrups and Flavors with Jimoco Pump Syrup Dispenser</p><p>$17.95 ($0.71 / Fl Oz)</p><a href="https://www.amazon.com/dp/B0D43FMJ8V?tag=eloabder-20&linkCode=osi&th=1&psc=1">View Product</a></div><div class="product"><a href="https://www.amazon.com/dp/B00IRRJBRQ?tag=eloabder-20&linkCode=osi&th=1&psc=1"><img src="https://m.media-amazon.com/images/I/31a3OJgvluL._SL500_.jpg" alt="Product Image"></a><p>Torani Honey Sweetener, 25.4 Ounce (Pack of 4)</p><p>$25.47 ($0.25 / Fl Oz)</p><a href="https://www.amazon.com/dp/B00IRRJBRQ?tag=eloabder-20&linkCode=osi&th=1&psc=1">View Product</a></div><div class="product"><a href="https://www.amazon.com/dp/B0BSMPDPZ9?tag=eloabder-20&linkCode=osi&th=1&psc=1"><img src="https://m.media-amazon.com/images/I/41A+L9ilEXL._SL500_.jpg" alt="Product Image"></a><p>Monin - Hot Honey Syrup, Robust Sweet & Spicy Flavors, Great for Lemonades, Teas, Cocktails, Culinary Recipes, & More, No Artificial Sweeteners, Gluten-Free, Non-GMO, Clean Label (1 Liter)</p><p>$17.99 ($0.53 / Fl Oz)</p><a href="https://www.amazon.com/dp/B0BSMPDPZ9?tag=eloabder-20&linkCode=osi&th=1&psc=1">View Product</a></div><div class="product"><a href="https://www.amazon.com/dp/B078YFLF9K?tag=eloabder-20&linkCode=osi&th=1&psc=1"><img src="https://m.media-amazon.com/images/I/41Gx-mwendL._SL500_.jpg" alt="Product Image"></a><p>Tippleman's Ginger Honey Syrup - Craft Cocktail Mixer - All Natural Complex Syrup for Cocktails and Non-Alcoholic Beverages - Margarita, Whiskey Sour, or Sweet Iced Tea - Makes 17 Cocktails</p><p>$24.99 ($1.92 / Fl Oz)</p><a href="https://www.amazon.com/dp/B078YFLF9K?tag=eloabder-20&linkCode=osi&th=1&psc=1">View Product</a></div><div class="product"><a href="https://www.amazon.com/dp/B07CWFJV6C?tag=eloabder-20&linkCode=osi&th=1&psc=1"><img src="https://m.media-amazon.com/images/I/41cmu+ltDxL._SL500_.jpg" alt="Product Image"></a><p>Robitussin Maximum Strength Honey Cough + Chest Congestion DM, Cough Medicine for Cough and Chest Congestion Relief Made with Real Honey- 4 Fl Oz Bottle</p><p>$11.74 ($2.94 / Fl Oz)</p><a href="https://www.amazon.com/dp/B07CWFJV6C?tag=eloabder-20&linkCode=osi&th=1&psc=1">View Product</a></div><div class="product"><a href="https://www.amazon.com/dp/B005S1LP28?tag=eloabder-20&linkCode=osi&th=1&psc=1"><img src="https://m.media-amazon.com/images/I/41DkU4bxBrL._SL500_.jpg" alt="Product Image"></a><p>Monin - Organic Honey Sweetener, Low-Calorie Liquid Sweetener, Sugar Substitute, Coffee Syrup, Made with Organic Honey, Simple Syrup for Cocktails, Iced Tea, & More, Clean Label (1 Liter)</p><p>$26.99 ($0.80 / Fl Oz)</p><a href="https://www.amazon.com/dp/B005S1LP28?tag=eloabder-20&linkCode=osi&th=1&psc=1">View Product</a></div>
<div class="product"><a href="https://www.amazon.com/dp/B0D3FYHWP7?tag=eloabder-20&linkCode=osi&th=1&psc=1"><img src="https://m.media-amazon.com/images/I/41W51dqWhAL._SL500_.jpg" alt="Product Image"></a><p>Blueprint Bryan Johnson Nutty Butter - Macadamia Nuts and Walnuts - Just 3 Ingredients - No Palm Oil - Keto and Low Carb Snack - No Added Sugar, Vegan, Non GMO, Keto and Paleo Friendly (8.8 ounces)</p><p>$11.00 ($1.25 / Ounce)</p><a href="https://www.amazon.com/dp/B0D3FYHWP7?tag=eloabder-20&linkCode=osi&th=1&psc=1">View Product</a></div><div class="product"><a href="https://www.amazon.com/dp/B0B34J7HHD?tag=eloabder-20&linkCode=osi&th=1&psc=1"><img src="https://m.media-amazon.com/images/I/31UpKhqk2QL._SL500_.jpg" alt="Product Image"></a><p>Octonuts Dry Roasted Pure Cashew 16oz Nut Butter 16oz - Pure Creamy Nut Butter - Gluten Free, Vegan, Kosher, Paleo, Non-GMO Nut Butters Single Ingredient</p><p>$11.99 ($0.75 / Ounce)</p><a href="https://www.amazon.com/dp/B0B34J7HHD?tag=eloabder-20&linkCode=osi&th=1&psc=1">View Product</a></div><div class="product"><a href="https://www.amazon.com/dp/B09NP7D465?tag=eloabder-20&linkCode=osi&th=1&psc=1"><img src="https://m.media-amazon.com/images/I/51+XSeELM2L._SL500_.jpg" alt="Product Image"></a><p>Crazy Go Nuts Walnut Butter - Plain w/ Sea Salt - Healthy Snacks, Keto, Vegan, Low Carb, Gluten Free, Superfood - Natural, Non-GMO, ALA, Omega 3 Fatty Acids, Good Fats and Antioxidants - 9.25 oz (1-Pack)</p><p>$10.99 ($1.19 / Ounce)</p><a href="https://www.amazon.com/dp/B09NP7D465?tag=eloabder-20&linkCode=osi&th=1&psc=1">View Product</a></div><div class="product"><a href="https://www.amazon.com/dp/B00KHAG1BK?tag=eloabder-20&linkCode=osi&th=1&psc=1"><img src="https://m.media-amazon.com/images/I/41nZVovN5oL._SL500_.jpg" alt="Product Image"></a><p>JUSTIN'S Classic Gluten-Free Almond Butter Squeeze Packs, 1.15 Ounce (Pack of 10)</p><p>$13.40 ($1.17 / Ounce)</p><a href="https://www.amazon.com/dp/B00KHAG1BK?tag=eloabder-20&linkCode=osi&th=1&psc=1">View Product</a></div><div class="product"><a href="https://www.amazon.com/dp/B01M06S98E?tag=eloabder-20&linkCode=osi&th=1&psc=1"><img src="https://m.media-amazon.com/images/I/41fCsKiYMdL._SL500_.jpg" alt="Product Image"></a><p>Organic Power Fuel Crunchy Nut Butter by NuttZo | 7 Nuts & Seeds Blend, Paleo, Non-GMO, Gluten-Free, Vegan, Kosher | 1g Sugar, 6g Protein | 26oz Jar</p><p>$21.99 ($0.85 / Ounce)</p><a href="https://www.amazon.com/dp/B01M06S98E?tag=eloabder-20&linkCode=osi&th=1&psc=1">View Product</a></div><div class="product"><a href="https://www.amazon.com/dp/B07CGZ2RJQ?tag=eloabder-20&linkCode=osi&th=1&psc=1"><img src="https://m.media-amazon.com/images/I/41eZiTYDVgL._SL500_.jpg" alt="Product Image"></a><p>Vör Pure Macadamia Nut Butter Spread (11oz) | Only One Ingredient</p><p>$18.99 ($1.73 / Ounce)</p><a href="https://www.amazon.com/dp/B07CGZ2RJQ?tag=eloabder-20&linkCode=osi&th=1&psc=1">View Product</a></div><div class="product"><a href="https://www.amazon.com/dp/B00X7W96OO?tag=eloabder-20&linkCode=osi&th=1&psc=1"><img src="https://m.media-amazon.com/images/I/41jU7bL5rFL._SL500_.jpg" alt="Product Image"></a><p>MaraNatha Creamy Roasted Caramel Almond Butter, No Stir, 12 Ounce Jar</p><p>$6.94 ($0.58 / Ounce)</p><a href="https://www.amazon.com/dp/B00X7W96OO?tag=eloabder-20&linkCode=osi&th=1&psc=1">View Product</a></div>
<div class="product"><a href="https://www.amazon.com/dp/B01CUS63OG?tag=eloabder-20&linkCode=osi&th=1&psc=1"><img src="https://m.media-amazon.com/images/I/51o0FJwMj8L._SL500_.jpg" alt="Product Image"></a><p>Anna and Sarah Tropical Dried Fruit Mix 2 Lbs</p><p>$17.99 ($9.00 / lb)</p><a href="https://www.amazon.com/dp/B01CUS63OG?tag=eloabder-20&linkCode=osi&th=1&psc=1">View Product</a></div><div class="product"><a href="https://www.amazon.com/dp/B09LZ7YCF7?tag=eloabder-20&linkCode=osi&th=1&psc=1"><img src="https://m.media-amazon.com/images/I/41XMLNKxlML._SL500_.jpg" alt="Product Image"></a><p>Dried Pineapple Chunks, 1 Pound. Dehydrated Pineapple Chunk, Dehydrated Pineapple Bulk, Dried Pineapple Bits. All Natural, Non-GMO, Lightly Sweetened Dried Pineapples, 16 oz.</p><p>$9.99 ($0.62 / oz)</p><a href="https://www.amazon.com/dp/B09LZ7YCF7?tag=eloabder-20&linkCode=osi&th=1&psc=1">View Product</a></div><div class="product"><a href="https://www.amazon.com/dp/B000M69QRU?tag=eloabder-20&linkCode=osi&th=1&psc=1"><img src="https://m.media-amazon.com/images/I/51EyH2xvyyS._SL500_.jpg" alt="Product Image"></a><p>Ocean Spray Craisins Dried Cranberries, Original, 48 Ounce</p><p>$7.62 ($0.16 / Fl Oz)</p><a href="https://www.amazon.com/dp/B000M69QRU?tag=eloabder-20&linkCode=osi&th=1&psc=1">View Product</a></div><div class="product"><a href="https://www.amazon.com/dp/B09YTMZ1GP?tag=eloabder-20&linkCode=osi&th=1&psc=1"><img src="https://m.media-amazon.com/images/I/51+y56cVq0L._SL500_.jpg" alt="Product Image"></a><p>Oregon Farm Fresh Snacks Dried Fruit Mix – 24oz Healthy Snacks - Fresh and Natural Fruit Trail Mix – Mixed Fruit Snacks for Adults and Kids – Ideal for Breakfast, Cakes, Snacks</p><p>$17.99 ($0.75 / Ounce)</p><a href="https://www.amazon.com/dp/B09YTMZ1GP?tag=eloabder-20&linkCode=osi&th=1&psc=1">View Product</a></div><div class="product"><a href="https://www.amazon.com/dp/B08Z5QXBK1?tag=eloabder-20&linkCode=osi&th=1&psc=1"><img src="https://m.media-amazon.com/images/I/51a0Oclr3nS._SL500_.jpg" alt="Product Image"></a><p>Dried Cherries Tart Cherry, 1lb. Montmorency Tart Cherries, Dried Sour Cherries Fresh, Montmorency Dried Tart Cherries, Dried Cherries, All-Natural Whole Sour Cherry 16 oz.</p><p>$14.28 ($0.89 / oz)</p><a href="https://www.amazon.com/dp/B08Z5QXBK1?tag=eloabder-20&linkCode=osi&th=1&psc=1">View Product</a></div><div class="product"><a href="https://www.amazon.com/dp/B00F34772M?tag=eloabder-20&linkCode=osi&th=1&psc=1"><img src="https://m.media-amazon.com/images/I/51AsgKQIMiL._SL500_.jpg" alt="Product Image"></a><p>A Gift Inside Sweet Bloom Dried Fruit Deluxe Tray Basket Arrangement for Holiday Birthday Healthy Snack Business Kosher</p><p>$33.20</p><a href="https://www.amazon.com/dp/B00F34772M?tag=eloabder-20&linkCode=osi&th=1&psc=1">View Product</a></div><div class="product"><a href="https://www.amazon.com/dp/B01N057EEP?tag=eloabder-20&linkCode=osi&th=1&psc=1"><img src="https://m.media-amazon.com/images/I/51MrelYxkML._SL500_.jpg" alt="Product Image"></a><p>Mavuno Harvest Organic Dried Fruit Variety Pack | Dried Mango, Pineapple, and Jackfruit | Healthy, Vegan, No Sugar Added, Non GMO Snacks for Kids & Adults | 2 Ounce, Pack of 3</p><p>$13.99 ($2.33 / Ounce)</p><a href="https://www.amazon.com/dp/B01N057EEP?tag=eloabder-20&linkCode=osi&th=1&psc=1">View Product</a></div><div class="product"><a href="https://www.amazon.com/dp/B08JWR4M3F?tag=eloabder-20&linkCode=osi&th=1&psc=1"><img src="https://m.media-amazon.com/images/I/41rjnxAN2FL._SL500_.jpg" alt="Product Image"></a><p>Sunrise Fresh Dried Sweet Cherries, Unsweetened, No Sugar Added, Fresh Fruit Flavor, 1 lb Bag</p><p>$14.49 ($0.91 / oz)</p><a href="https://www.amazon.com/dp/B08JWR4M3F?tag=eloabder-20&linkCode=osi&th=1&psc=1">View Product</a></div><div class="product"><a href="https://www.amazon.com/dp/B08YP8NQP4?tag=eloabder-20&linkCode=osi&th=1&psc=1"><img src="https://m.media-amazon.com/images/I/51GM51afRIS._SL500_.jpg" alt="Product Image"></a><p>Whole Dried Blueberries, No Sugar Added, Bulk, Dehydrated, Dried Unsweetened Blueberries, All Natural, Non-GMO, 1 Pound. - 16 oz.</p><p>$17.44 ($1.09 / oz)</p><a href="https://www.amazon.com/dp/B08YP8NQP4?tag=eloabder-20&linkCode=osi&th=1&psc=1">View Product</a></div>
<div class="product"><a href="https://www.amazon.com/dp/B084T1VWP5?tag=eloabder-20&linkCode=osi&th=1&psc=1"><img src="https://m.media-amazon.com/images/I/51o0utHF41L._SL500_.jpg" alt="Product Image"></a><p>Planters Pop & Pour Dry Roasted Sunflower Seeds, (4 - 5.85 oz. Jars)</p><p>$7.96 ($0.34 / Ounce)</p><a href="https://www.amazon.com/dp/B084T1VWP5?tag=eloabder-20&linkCode=osi&th=1&psc=1">View Product</a></div><div class="product"><a href="https://www.amazon.com/dp/B07TZX3KQZ?tag=eloabder-20&linkCode=osi&th=1&psc=1"><img src="https://m.media-amazon.com/images/I/41OvCvu5E9L._SL500_.jpg" alt="Product Image"></a><p>Yupik Organic Super 6 Seeds Mix, 2.2 lb, Non-GMO, Vegan</p><p>$11.99 ($0.34 / Ounce)</p><a href="https://www.amazon.com/dp/B07TZX3KQZ?tag=eloabder-20&linkCode=osi&th=1&psc=1">View Product</a></div><div class="product"><a href="https://www.amazon.com/dp/B07W7ZZJQB?tag=eloabder-20&linkCode=osi&th=1&psc=1"><img src="https://m.media-amazon.com/images/I/51jbKA5l0CL._SL500_.jpg" alt="Product Image"></a><p>Southern Style Nuts Gourmet Hunter Mix, 23 Ounces, Sesame Sticks, Peanuts, Sunflower Kernels, Almonds, Cashews, and Pepitas</p><p>$7.92 ($0.34 / Ounce)</p><a href="https://www.amazon.com/dp/B07W7ZZJQB?tag=eloabder-20&linkCode=osi&th=1&psc=1">View Product</a></div><div class="product"><a href="https://www.amazon.com/dp/B089LJB5F5?tag=eloabder-20&linkCode=osi&th=1&psc=1"><img src="https://m.media-amazon.com/images/I/51kS4PKIyZL._SL500_.jpg" alt="Product Image"></a><p>Fisher Oven Roasted Never Fried Deluxe Mixed Nuts, 24 Ounces (Pack of 1), Almonds, Cashews, Pecans, Pistachios, Snacks for Adults, Made With Sea Salt, No Added Oil, Artificial Ingredients or Preservatives, Trail Mix, Gluten Free</p><p>$17.09 ($0.71 / Ounce)</p><a href="https://www.amazon.com/dp/B089LJB5F5?tag=eloabder-20&linkCode=osi&th=1&psc=1">View Product</a></div><div class="product"><a href="https://www.amazon.com/dp/B077HZW2FX?tag=eloabder-20&linkCode=osi&th=1&psc=1"><img src="https://m.media-amazon.com/images/I/51AQx+2kfEL._SL500_.jpg" alt="Product Image"></a><p>BetterBody Foods Superfood Organic Super Seeds - Blend of Organic Chia Seeds, Milled Flax Seed, Hemp Hearts, Add to Smoothies Shakes & More, 1lb, 16 oz</p><p>$10.66 ($0.67 / Ounce)</p><a href="https://www.amazon.com/dp/B077HZW2FX?tag=eloabder-20&linkCode=osi&th=1&psc=1">View Product</a></div><div class="product"><a href="https://www.amazon.com/dp/B00PPKSZO8?tag=eloabder-20&linkCode=osi&th=1&psc=1"><img src="https://m.media-amazon.com/images/I/41Q7alFU8RL._SL500_.jpg" alt="Product Image"></a><p>PLANTERS Unsalted Mixed Nuts, Cashews, Almonds, Hazelnuts, Pecans, Pistachios no Shell, Party Snacks, Plant-Based Protein, Quick Snack for Adults, After School Snack, Kosher, 2.16lb Container</p><p>$17.26 ($0.50 / Fl Oz)</p><a href="https://www.amazon.com/dp/B00PPKSZO8?tag=eloabder-20&linkCode=osi&th=1&psc=1">View Product</a></div><div class="product"><a href="https://www.amazon.com/dp/B0CHLKJ7JM?tag=eloabder-20&linkCode=osi&th=1&psc=1"><img src="https://m.media-amazon.com/images/I/51sXps1S2KL._SL500_.jpg" alt="Product Image"></a><p>KIND Seeds Fruit & Nuts Snack Bar, Orange Cranberry | 5g Protein, High Fiber, Gluten Free Bars, 1.4 OZ, 12 Count</p><p>$14.96 ($1.25 / Count)</p><a href="https://www.amazon.com/dp/B0CHLKJ7JM?tag=eloabder-20&linkCode=osi&th=1&psc=1">View Product</a></div><div class="product"><a href="https://www.amazon.com/dp/B0CHLD9ZKL?tag=eloabder-20&linkCode=osi&th=1&psc=1"><img src="https://m.media-amazon.com/images/I/51l78v8NL9L._SL500_.jpg" alt="Product Image"></a><p>KIND Seeds Fruit & Nuts Snack Bar, Strawberry Sunflower Seed | 5g Protein, High Fiber, Gluten Free Bars, 1.4 OZ, 12 Count</p><p>$13.58 ($1.13 / Count)</p><a href="https://www.amazon.com/dp/B0CHLD9ZKL?tag=eloabder-20&linkCode=osi&th=1&psc=1">View Product</a></div><div class="product"><a href="https://www.amazon.com/dp/B079WN7C3F?tag=eloabder-20&linkCode=osi&th=1&psc=1"><img src="https://m.media-amazon.com/images/I/41YqpED33FL._SL500_.jpg" alt="Product Image"></a><p>GERBS Raw Super 7 Seed Snack Trail Mix 1 LBS. | Top 14 Food Allergy Free | Resealable Bulk Bag | Made in USA | Raw Pumpkin | Sunflower | Brown & Golden Flax | Black & White Chia | Hemp | Gluten Free</p><p>$14.99 ($0.94 / Ounce)</p><a href="https://www.amazon.com/dp/B079WN7C3F?tag=eloabder-20&linkCode=osi&th=1&psc=1">View Product</a></div><div class="product"><a href="https://www.amazon.com/dp/B00CYK8DOE?tag=eloabder-20&linkCode=osi&th=1&psc=1"><img src="https://m.media-amazon.com/images/I/41hvbaCdz6L._SL500_.jpg" alt="Product Image"></a><p>Oh! Nuts Roasted Salted Pumpkin Seeds | Resealable 2LB Bulk Bag of Unshelled Pepitas | All-Natural Protein Power for Gluten-Free & Vegan Snacking | Fresh & Healthy Keto Snacks</p><p>$18.81 ($0.59 / Ounce)</p><a href="https://www.amazon.com/dp/B00CYK8DOE?tag=eloabder-20&linkCode=osi&th=1&psc=1">View Product</a></div>

<div class="product"><a href="https://www.amazon.com/dp/B08TTFGPS5?tag=eloabder-20&linkCode=osi&th=1&psc=1"><img src="https://m.media-amazon.com/images/I/51LP-kQBLAL._SL500_.jpg" alt="Product Image"></a><p>Pine River Cheese Spreads - Variety Pack 3 8oz. Sharp Cheddar-Garlic & Herb-Swiss (24oz)</p><p>$21.93 ($0.91 / Ounce)</p><a href="https://www.amazon.com/dp/B08TTFGPS5?tag=eloabder-20&linkCode=osi&th=1&psc=1">View Product</a></div><div class="product"><a href="https://www.amazon.com/dp/B09GW71DPQ?tag=eloabder-20&linkCode=osi&th=1&psc=1"><img src="https://m.media-amazon.com/images/I/41BpjCgQpKL._SL500_.jpg" alt="Product Image"></a><p>Port Wine Cheese Spread 8 Ounce (Pack of 4)</p><p>$26.10 ($0.82 / Ounce)</p><a href="https://www.amazon.com/dp/B09GW71DPQ?tag=eloabder-20&linkCode=osi&th=1&psc=1">View Product</a></div><div class="product"><a href="https://www.amazon.com/dp/B006G4NCT0?tag=eloabder-20&linkCode=osi&th=1&psc=1"><img src="https://m.media-amazon.com/images/I/41-Krj0PbcL._SL500_.jpg" alt="Product Image"></a><p>Sharp Cheddar Cheese Spread 8 Ounce (Pack of 4)</p><p>$25.90 ($1.08 / Ounce)</p><a href="https://www.amazon.com/dp/B006G4NCT0?tag=eloabder-20&linkCode=osi&th=1&psc=1">View Product</a></div><div class="product"><a href="https://www.amazon.com/dp/B09SM3L7LN?tag=eloabder-20&linkCode=osi&th=1&psc=1"><img src="https://m.media-amazon.com/images/I/417W7hKPcvL._SL500_.jpg" alt="Product Image"></a><p>Cheese Snack Spread Variety 4 Pack</p><p>$34.00 ($1.06 / Ounce)</p><a href="https://www.amazon.com/dp/B09SM3L7LN?tag=eloabder-20&linkCode=osi&th=1&psc=1">View Product</a></div>
<div class="product"><a href="https://www.amazon.com/dp/B08CNRQ2C6?tag=eloabder-20&linkCode=osi&th=1&psc=1"><img src="https://m.media-amazon.com/images/I/41ps--esahL._SL500_.jpg" alt="Product Image"></a><p>HOIST Premium Military Hydration Electrolyte Drink, Powerful IV-Level Hydration, Clinically Proven Performance Drink, Peach Mango, 16 Fl Oz (Pack of 12)</p><p>$29.99 ($0.16 / Fl Oz)</p><a href="https://www.amazon.com/dp/B08CNRQ2C6?tag=eloabder-20&linkCode=osi&th=1&psc=1">View Product</a></div><div class="product"><a href="https://www.amazon.com/dp/B082BG3XYZ?tag=eloabder-20&linkCode=osi&th=1&psc=1"><img src="https://m.media-amazon.com/images/I/51+XFCzX3zL._SL500_.jpg" alt="Product Image"></a><p>UPTIME – Blueberry Pomegranate - Zero Sugar (12 Pack), Premium Energy Drink, 12oz Bottles, Natural Caffeine, Sparkling, Natural Flavors, 5 Calories…</p><p>$28.99 ($0.20 / Fl Oz)</p><a href="https://www.amazon.com/dp/B082BG3XYZ?tag=eloabder-20&linkCode=osi&th=1&psc=1">View Product</a></div><div class="product"><a href="https://www.amazon.com/dp/B0BSP3R4JX?tag=eloabder-20&linkCode=osi&th=1&psc=1"><img src="https://m.media-amazon.com/images/I/41TvMVYbcjL._SL500_.jpg" alt="Product Image"></a><p>Barcode Premium Hydration Drink - No Added Sugars, Variety Pack (12 Pack) - Plant-Based Beverage - Adaptogen Drink with Electrolytes for Immunity & Performance</p><p>$29.88 ($0.15 / Fl Oz)</p><a href="https://www.amazon.com/dp/B0BSP3R4JX?tag=eloabder-20&linkCode=osi&th=1&psc=1">View Product</a></div><div class="product"><a href="https://www.amazon.com/dp/B0CYL4CCKM?tag=eloabder-20&linkCode=osi&th=1&psc=1"><img src="https://m.media-amazon.com/images/I/514q0PPV9+L._SL500_.jpg" alt="Product Image"></a><p>ProBaller Ultra Premium Energy Drink - Wild Berry ZERO</p><p>$35.99 ($0.20 / Fl Oz)</p><a href="https://www.amazon.com/dp/B0CYL4CCKM?tag=eloabder-20&linkCode=osi&th=1&psc=1">View Product</a></div><div class="product"><a href="https://www.amazon.com/dp/B0D2BKB2J3?tag=eloabder-20&linkCode=osi&th=1&psc=1"><img src="https://m.media-amazon.com/images/I/41MbnJUx3LL._SL500_.jpg" alt="Product Image"></a><p>ProBaller Ultra Premium Energy Drink - Sugar Free</p><p>$35.99 ($0.20 / Fl Oz)</p><a href="https://www.amazon.com/dp/B0D2BKB2J3?tag=eloabder-20&linkCode=osi&th=1&psc=1">View Product</a></div><div class="product"><a href="https://www.amazon.com/dp/B0CYJXMRKS?tag=eloabder-20&linkCode=osi&th=1&psc=1"><img src="https://m.media-amazon.com/images/I/41gt6X6dVdL._SL500_.jpg" alt="Product Image"></a><p>Joggy Clean Energy Drink - 4-Pack Tart Cherry & Hibiscus - 150mg Organic Guayusa Caffeine - Zero Added Sugar, Vegan, Plant-Based, Natural Healthy Boost, Premium Beverage</p><p>$13.99 ($0.44 / Fl Oz)</p><a href="https://www.amazon.com/dp/B0CYJXMRKS?tag=eloabder-20&linkCode=osi&th=1&psc=1">View Product</a></div><div class="product"><a href="https://www.amazon.com/dp/B081QCCN21?tag=eloabder-20&linkCode=osi&th=1&psc=1"><img src="https://m.media-amazon.com/images/I/61k-oHxeO2L._SL500_.jpg" alt="Product Image"></a><p>Hawaiian Sun Premium Tropical Juice Drink Party Bundle of 10 Assorted Flavors (24 Cans Total)</p><p>$44.95 ($0.16 / Fl Oz )</p><a href="https://www.amazon.com/dp/B081QCCN21?tag=eloabder-20&linkCode=osi&th=1&psc=1">View Product</a></div><div class="product"><a href="https://www.amazon.com/dp/B0CCHW3Q8Q?tag=eloabder-20&linkCode=osi&th=1&psc=1"><img src="https://m.media-amazon.com/images/I/414+SPv3c5L._SL500_.jpg" alt="Product Image"></a><p>Camp Craft Cocktail Mix - Flo'rita | Premium Drink Mixer Infusion Kit with Dehydrated Fruit, Herbs and Vegan Sugar | 16 oz Glass Jar Mixer for Cocktails, Margaritas, and Mocktails - Serves 8</p><p>$25.00 ($1.56 / Fl Oz)</p><a href="https://www.amazon.com/dp/B0CCHW3Q8Q?tag=eloabder-20&linkCode=osi&th=1&psc=1">View Product</a></div><div class="product"><a href="https://www.amazon.com/dp/B0CVQN2NBB?tag=eloabder-20&linkCode=osi&th=1&psc=1"><img src="https://m.media-amazon.com/images/I/51bpS7Tlj2L._SL500_.jpg" alt="Product Image"></a><p>Starbucks Cold Brew Coffee, Vanilla Sweet Cream, 11 fl oz Cans (12 Pack), Premium Coffee Drink, Iced Coffee</p><p>$39.39 ($0.30 / Fl Oz)</p><a href="https://www.amazon.com/dp/B0CVQN2NBB?tag=eloabder-20&linkCode=osi&th=1&psc=1">View Product</a></div>
<div class="product"><a href="https://www.amazon.com/dp/B08PW3LK4T?tag=eloabder-20&linkCode=osi&th=1&psc=1"><img src="https://m.media-amazon.com/images/I/41TLoWBkNWL._SL500_.jpg" alt="Product Image"></a><p>Classic Ginger Beer, Regatta Craft Mixers, All-Natural Ingredients, Non-GMO, 7.5oz, Case of 24 Sleek Cans</p><p>$29.98 ($0.17 / Fl Oz)</p><a href="https://www.amazon.com/dp/B08PW3LK4T?tag=eloabder-20&linkCode=osi&th=1&psc=1">View Product</a></div><div class="product"><a href="https://www.amazon.com/dp/B08KTP2999?tag=eloabder-20&linkCode=osi&th=1&psc=1"><img src="https://m.media-amazon.com/images/I/41tC0pFgGtL._SL500_.jpg" alt="Product Image"></a><p>ABC Crafted Series Beer Making Kit | Beer Making Ingredients for Home Brewing | Yields 6 Gallons of Beer | Brown Ale</p><p>$25.00</p><a href="https://www.amazon.com/dp/B08KTP2999?tag=eloabder-20&linkCode=osi&th=1&psc=1">View Product</a></div><div class="product"><a href="https://www.amazon.com/dp/B01KSD9JKU?tag=eloabder-20&linkCode=osi&th=1&psc=1"><img src="https://m.media-amazon.com/images/I/517aGsVY9qL._SL500_.jpg" alt="Product Image"></a><p>Beer-infused Hot Sauce Variety 3-pack (Includes Asian Sriracha, Garlic Serrano, & Roasty Chipotle) - Craft Beer Gift, Hot Sauce Gift Set, Beer Sauce, BBQ Sauce, Beer Lover, Grill + Man Cave</p><p>$27.99 ($1.87 / Fl Oz)</p><a href="https://www.amazon.com/dp/B01KSD9JKU?tag=eloabder-20&linkCode=osi&th=1&psc=1">View Product</a></div><div class="product"><a href="https://www.amazon.com/dp/B0C9KKG6C6?tag=eloabder-20&linkCode=osi&th=1&psc=1"><img src="https://m.media-amazon.com/images/I/41Rxjjlu5+L._SL500_.jpg" alt="Product Image"></a><p>Plochman, Craft Beer Mustard (Brickstone), 11 oz, Blended Mustard</p><p>$6.99 ($0.64 / Ounce)</p><a href="https://www.amazon.com/dp/B0C9KKG6C6?tag=eloabder-20&linkCode=osi&th=1&psc=1">View Product</a></div><div class="product"><a href="https://www.amazon.com/dp/B01692UXRW?tag=eloabder-20&linkCode=osi&th=1&psc=1"><img src="https://m.media-amazon.com/images/I/51qUU-Fjx5L._SL500_.jpg" alt="Product Image"></a><p>BREW CANDY | Hoppy IPA + Roasty Stout + Honey Ale | Great Craft Beer Gift for Beer Drinkers and Candy Lovers | Perfect for the Man Cave, Brewery, Office, or Home | MADE IN USA</p><p>$9.99 ($2.50 / Ounce)</p><a href="https://www.amazon.com/dp/B01692UXRW?tag=eloabder-20&linkCode=osi&th=1&psc=1">View Product</a></div><div class="product"><a href="https://www.amazon.com/dp/B07L1M2P57?tag=eloabder-20&linkCode=osi&th=1&psc=1"><img src="https://m.media-amazon.com/images/I/415wGhwZDvL._SL500_.jpg" alt="Product Image"></a><p>Unique Snacks Sourdough Craft Beer Pretzel Rings, Delicious Homestyle Baked Snack Bag, Vegan, OU Kosher, and Non-GMO Food, No Artificial Flavor, 11 Oz. Bag, Pack of 6</p><p>$24.99 ($0.38 / Ounce)</p><a href="https://www.amazon.com/dp/B07L1M2P57?tag=eloabder-20&linkCode=osi&th=1&psc=1">View Product</a></div>
<div class="product"><a href="https://www.amazon.com/dp/B0CD79R3QZ?tag=eloabder-20&linkCode=osi&th=1&psc=1"><img src="https://m.media-amazon.com/images/I/21X3VVYgpXL._SL500_.jpg" alt="Product Image"></a><p>French Bloom Le Blanc Alcohol-Free Sparkling Wine, 750ml - Certified Organic, Vegan, Halal, Low Calorie, Sulfite Free - Made with Fine Organic Wine, No Preservatives or Added Sugar</p><p>$41.00 ($1.61 / Fl Oz)</p><a href="https://www.amazon.com/dp/B0CD79R3QZ?tag=eloabder-20&linkCode=osi&th=1&psc=1">View Product</a></div><div class="product"><a href="https://www.amazon.com/dp/B0D6HWD369?tag=eloabder-20&linkCode=osi&th=1&psc=1"><img src="https://m.media-amazon.com/images/I/31U1YybAm5L._SL500_.jpg" alt="Product Image"></a><p>Saint Viviana Non-Alcoholic Sauvignon Blanc, Crisp Dry White Wine with Fresh Fruit Flavor & Floral Notes, Made in Washington State, 24.6 Fl Oz Bottle</p><p>$22.99 ($0.93 / Fl Oz)</p><a href="https://www.amazon.com/dp/B0D6HWD369?tag=eloabder-20&linkCode=osi&th=1&psc=1">View Product</a></div><div class="product"><a href="https://www.amazon.com/dp/B0D244C3VJ?tag=eloabder-20&linkCode=osi&th=1&psc=1"><img src="https://m.media-amazon.com/images/I/416UnLmeDPL._SL500_.jpg" alt="Product Image"></a><p>Monari Marsala Fine Wine PDO Glaze| 9 Ounce, Pack of 6</p><p>$37.99 ($6.33 / Count)</p><a href="https://www.amazon.com/dp/B0D244C3VJ?tag=eloabder-20&linkCode=osi&th=1&psc=1">View Product</a></div><div class="product"><a href="https://www.amazon.com/dp/B0054KSA5I?tag=eloabder-20&linkCode=osi&th=1&psc=1"><img src="https://m.media-amazon.com/images/I/41Dk7Gmm5xL._SL500_.jpg" alt="Product Image"></a><p>Regina Fine Red Wine Vinegar, 12 Fl Oz</p><p>$12.94 ($1.08 / Fl Oz)</p><a href="https://www.amazon.com/dp/B0054KSA5I?tag=eloabder-20&linkCode=osi&th=1&psc=1">View Product</a></div><div class="product"><a href="https://www.amazon.com/dp/B0CC6JY2CM?tag=eloabder-20&linkCode=osi&th=1&psc=1"><img src="https://m.media-amazon.com/images/I/31FVY0Kg2cL._SL500_.jpg" alt="Product Image"></a><p>ST. REGIS Cabernet Sauvignon 25.4 Fl Oz (1 Pack) - Low Calorie and Sugar - Fruity & Spicy Rich Flavor from North of Spain Vineyards</p><p>$17.95 ($0.71 / Fl Oz)</p><a href="https://www.amazon.com/dp/B0CC6JY2CM?tag=eloabder-20&linkCode=osi&th=1&psc=1">View Product</a></div><div class="product"><a href="https://www.amazon.com/dp/B0CLYLY93H?tag=eloabder-20&linkCode=osi&th=1&psc=1"><img src="https://m.media-amazon.com/images/I/31cSVgLe1sL._SL500_.jpg" alt="Product Image"></a><p>Chateau del ISH Sparkling Rosé | Award-Winning Non-Alcoholic Sparkling Wine | De-Alcoholized Blend of Merlot & Pinot Noir Grapes | Only 9 grams of Sugar | 45 Calories per Serving | 750 ml Bottle</p><p>$23.99 ($0.94 / Fl Oz)</p><a href="https://www.amazon.com/dp/B0CLYLY93H?tag=eloabder-20&linkCode=osi&th=1&psc=1">View Product</a></div><div class="product"><a href="https://www.amazon.com/dp/B00075WK10?tag=eloabder-20&linkCode=osi&th=1&psc=1"><img src="https://m.media-amazon.com/images/I/41wn5BC9e3L._SL500_.jpg" alt="Product Image"></a><p>Mantova Italian White Wine Vinegar 17 oz (Pack of 2). Made with traditional methods and aged in fine wood casks, it retains the flavor of the wine, accented by the crisp character of the vinegar.</p><p>$12.97 ($7.21 / Fl Oz)</p><a href="https://www.amazon.com/dp/B00075WK10?tag=eloabder-20&linkCode=osi&th=1&psc=1">View Product</a></div><div class="product"><a href="https://www.amazon.com/dp/B0B6Y4LGT8?tag=eloabder-20&linkCode=osi&th=1&psc=1"><img src="https://m.media-amazon.com/images/I/31DYvJX17cL._SL500_.jpg" alt="Product Image"></a><p>Wander + Found Non-Alcoholic Wine, Pinot Noir, Award Winning Red Wine from Germany, Non-GMO Dealcoholized Wine, 750 ml (1 Bottle)</p><p>$25.99 ($1.02 / Fl Oz)</p><a href="https://www.amazon.com/dp/B0B6Y4LGT8?tag=eloabder-20&linkCode=osi&th=1&psc=1">View Product</a></div><div class="product"><a href="https://www.amazon.com/dp/B08FBLJFL3?tag=eloabder-20&linkCode=osi&th=1&psc=1"><img src="https://m.media-amazon.com/images/I/31xcotQJiQL._SL500_.jpg" alt="Product Image"></a><p>Lussory Organic Merlot Dealcoholized 0.0% Non-Alcoholic Red From Spain, Low Calories, Organic, Vegan (750ml, 1 Bottle)</p><p>$27.99 ($1.10 / Fl Oz)</p><a href="https://www.amazon.com/dp/B08FBLJFL3?tag=eloabder-20&linkCode=osi&th=1&psc=1">View Product</a></div>
<div class="product"><a href="https://www.amazon.com/dp/B08RD41V4Y?tag=eloabder-20&linkCode=osi&th=1&psc=1"><img src="https://m.media-amazon.com/images/I/41Ctrzm6OdL._SL500_.jpg" alt="Product Image"></a><p>Pure Organic Layered Fruit Bars Variety Pack 28 count (Pack of 1).</p><p>$13.99 ($0.40 / Ounce)</p><a href="https://www.amazon.com/dp/B08RD41V4Y?tag=eloabder-20&linkCode=osi&th=1&psc=1">View Product</a></div><div class="product"><a href="https://www.amazon.com/dp/B06X6JR48M?tag=eloabder-20&linkCode=osi&th=1&psc=1"><img src="https://m.media-amazon.com/images/I/51QhYDgoJFL._SL500_.jpg" alt="Product Image"></a><p>Nature's Garden Organic Trail Mix Snack Packs, Multi Pack 1.2 oz - Pack of 24 (Total 28.8 oz)</p><p>$14.89 ($0.52 / Ounce)</p><a href="https://www.amazon.com/dp/B06X6JR48M?tag=eloabder-20&linkCode=osi&th=1&psc=1">View Product</a></div><div class="product"><a href="https://www.amazon.com/dp/B0BQTL31PR?tag=eloabder-20&linkCode=osi&th=1&psc=1"><img src="https://m.media-amazon.com/images/I/512GxWL1ejL._SL500_.jpg" alt="Product Image"></a><p>Annie's Organic Birthday Cake Bunny Grahams and Cheddar Bunnies Snack Pack 36 Count, 36 oz</p><p>$16.99 ($0.47 / Ounce)</p><a href="https://www.amazon.com/dp/B0BQTL31PR?tag=eloabder-20&linkCode=osi&th=1&psc=1">View Product</a></div><div class="product"><a href="https://www.amazon.com/dp/B0C17SW6V1?tag=eloabder-20&linkCode=osi&th=1&psc=1"><img src="https://m.media-amazon.com/images/I/51JwHhUMp-L._SL500_.jpg" alt="Product Image"></a><p>Annie's Organic Bunny Fruit Snacks, Variety Pack, Gluten Free, 22 ct, 15.4 oz</p><p>$9.98 ($0.45 / Count)</p><a href="https://www.amazon.com/dp/B0C17SW6V1?tag=eloabder-20&linkCode=osi&th=1&psc=1">View Product</a></div><div class="product"><a href="https://www.amazon.com/dp/B079LY41VY?tag=eloabder-20&linkCode=osi&th=1&psc=1"><img src="https://m.media-amazon.com/images/I/51hNBmR-vOL._SL500_.jpg" alt="Product Image"></a><p>MadeGood Healthy Snacks Variety Pack (40 Count) Organic Assortment of Granola Bars, Granola Mini and Crispy Squares; Individually Wrapped Snacks</p><p>$29.99</p><a href="https://www.amazon.com/dp/B079LY41VY?tag=eloabder-20&linkCode=osi&th=1&psc=1">View Product</a></div><div class="product"><a href="https://www.amazon.com/dp/B0B88WYZVC?tag=eloabder-20&linkCode=osi&th=1&psc=1"><img src="https://m.media-amazon.com/images/I/41jnzaqqPlL._SL500_.jpg" alt="Product Image"></a><p>YumEarth Organic Fruit Snacks Box, 0.7 Ounce (Pack of 10)</p><p>$6.49 ($0.93 / Ounce)</p><a href="https://www.amazon.com/dp/B0B88WYZVC?tag=eloabder-20&linkCode=osi&th=1&psc=1">View Product</a></div><div class="product"><a href="https://www.amazon.com/dp/B087HBLXSM?tag=eloabder-20&linkCode=osi&th=1&psc=1"><img src="https://m.media-amazon.com/images/I/4103I3BvCSL._SL500_.jpg" alt="Product Image"></a><p>Tropical Fields Organic Crispy Coconut Rolls, 11 Oz</p><p>$9.94 ($0.90 / Ounce)</p><a href="https://www.amazon.com/dp/B087HBLXSM?tag=eloabder-20&linkCode=osi&th=1&psc=1">View Product</a></div><div class="product"><a href="https://www.amazon.com/dp/B08L4XZBS1?tag=eloabder-20&linkCode=osi&th=1&psc=1"><img src="https://m.media-amazon.com/images/I/51IN3a2zpZL._SL500_.jpg" alt="Product Image"></a><p>Annie's Organic Fruit Peel-A-Parts Fruit Snacks, Strawberry and Fruit Punch, 12 packs, 6.7 oz.</p><p>$9.99 ($0.83 / Count)</p><a href="https://www.amazon.com/dp/B08L4XZBS1?tag=eloabder-20&linkCode=osi&th=1&psc=1">View Product</a></div><div class="product"><a href="https://www.amazon.com/dp/B088PRVMXL?tag=eloabder-20&linkCode=osi&th=1&psc=1"><img src="https://m.media-amazon.com/images/I/51Lye-KMCNL._SL500_.jpg" alt="Product Image"></a><p>Gimme Seaweed - Sea Salt & Avocado Oil - 20 Count - Organic Roasted Seaweed Sheets - Keto, Vegan, Gluten Free - Great Source of Iodine & Omega 3’s - Healthy On-The-Go Snack for Kids & Adults</p><p>$14.43 ($4.51 / Ounce)</p><a href="https://www.amazon.com/dp/B088PRVMXL?tag=eloabder-20&linkCode=osi&th=1&psc=1">View Product</a></div><div class="product"><a href="https://www.amazon.com/dp/B0792LF5DZ?tag=eloabder-20&linkCode=osi&th=1&psc=1"><img src="https://m.media-amazon.com/images/I/51Ogpal4rKL._SL500_.jpg" alt="Product Image"></a><p>Simply, Variety Pack Snacks, 0.875 Ounce (Pack of 36)</p><p>$22.43 ($0.71 / Ounce)</p><a href="https://www.amazon.com/dp/B0792LF5DZ?tag=eloabder-20&linkCode=osi&th=1&psc=1">View Product</a></div>
<div class="product"><a href="https://www.amazon.com/dp/B07D83162X?tag=eloabder-20&linkCode=osi&th=1&psc=1"><img src="https://m.media-amazon.com/images/I/515OpZM7eUL._SL500_.jpg" alt="Product Image"></a><p>CLIF BAR - Energy Bars - Variety Pack - Made with Organic Oats - 9-11g Protein - Non-GMO - Plant Based - 2.4 oz. (16 Count)</p><p>$25.98 ($0.68 / Ounce)</p><a href="https://www.amazon.com/dp/B07D83162X?tag=eloabder-20&linkCode=osi&th=1&psc=1">View Product</a></div><div class="product"><a href="https://www.amazon.com/dp/B0CXQ6QP2B?tag=eloabder-20&linkCode=osi&th=1&psc=1"><img src="https://m.media-amazon.com/images/I/41zGg7iGu+L._SL500_.jpg" alt="Product Image"></a><p>CLIF BAR - Crunchy Peanut Butter - Made with Organic Oats - 11g Protein - Non-GMO - Plant Based - Energy Bars - 2.4 oz. (15 Pack)</p><p>$17.24 ($0.48 / Ounce)</p><a href="https://www.amazon.com/dp/B0CXQ6QP2B?tag=eloabder-20&linkCode=osi&th=1&psc=1">View Product</a></div><div class="product"><a href="https://www.amazon.com/dp/B00GJ82VK4?tag=eloabder-20&linkCode=osi&th=1&psc=1"><img src="https://m.media-amazon.com/images/I/51j2KOV9-+L._SL500_.jpg" alt="Product Image"></a><p>Pure Protein Bars, High Protein, Nutritious Snacks to Support Energy, Low Sugar, Gluten Free, Chocolate Peanut Butter, 1.76oz, 12 Count (Packaging May Vary)</p><p>$15.55 ($0.73 / Ounce)</p><a href="https://www.amazon.com/dp/B00GJ82VK4?tag=eloabder-20&linkCode=osi&th=1&psc=1">View Product</a></div><div class="product"><a href="https://www.amazon.com/dp/B084R2FJVV?tag=eloabder-20&linkCode=osi&th=1&psc=1"><img src="https://m.media-amazon.com/images/I/51mGjMQ-PjL._SL500_.jpg" alt="Product Image"></a><p>KIND Energy Bars, Chocolate Chunk, Healthy Snacks, Gluten Free, 30 Count</p><p>$35.45 ($0.56 / Ounce)</p><a href="https://www.amazon.com/dp/B084R2FJVV?tag=eloabder-20&linkCode=osi&th=1&psc=1">View Product</a></div><div class="product"><a href="https://www.amazon.com/dp/B0BHMRSNWX?tag=eloabder-20&linkCode=osi&th=1&psc=1"><img src="https://m.media-amazon.com/images/I/51mha5Z8vAL._SL500_.jpg" alt="Product Image"></a><p>Verb Energy - Variety Pack Caffeinated Snack Bars - 110-Calorie Low Sugar Energy Bar - Nutrition Bars - Vegan Snacks - Gluten Free Breakfast Bars with Organic Green Tea, 26g (Pack of 16)</p><p>$28.95 ($1.97 / Ounce)</p><a href="https://www.amazon.com/dp/B0BHMRSNWX?tag=eloabder-20&linkCode=osi&th=1&psc=1">View Product</a></div><div class="product"><a href="https://www.amazon.com/dp/B08939X5HL?tag=eloabder-20&linkCode=osi&th=1&psc=1"><img src="https://m.media-amazon.com/images/I/51RKwNvJZiL._SL500_.jpg" alt="Product Image"></a><p>Nature Valley Chewy Fruit and Nut Granola Bars, Trail Mix, 1.2 oz, 15 ct</p><p>$6.24 ($0.35 / Ounce)</p><a href="https://www.amazon.com/dp/B08939X5HL?tag=eloabder-20&linkCode=osi&th=1&psc=1">View Product</a></div><div class="product"><a href="https://www.amazon.com/dp/B004XEDS5I?tag=eloabder-20&linkCode=osi&th=1&psc=1"><img src="https://m.media-amazon.com/images/I/51dc89OLXjL._SL500_.jpg" alt="Product Image"></a><p>CLIF BAR - Chocolate Chip - Made with Organic Oats - Non-GMO - Plant Based - Energy Bars - 2.4 oz. (12 Pack)</p><p>$15.17 ($0.53 / Ounce)</p><a href="https://www.amazon.com/dp/B004XEDS5I?tag=eloabder-20&linkCode=osi&th=1&psc=1">View Product</a></div><div class="product"><a href="https://www.amazon.com/dp/B07HHK51J9?tag=eloabder-20&linkCode=osi&th=1&psc=1"><img src="https://m.media-amazon.com/images/I/41h0pofx49L._SL500_.jpg" alt="Product Image"></a><p>Quantum Energy Square: Energy Bar with Caffeine & 10g Protein. Delicious Healthy Snack On The Go. (Vegan, Gluten-free, Soy-free, Dairy-free). Flavor: Variety 8Pk</p><p>$19.95 ($1.48 / Ounce)</p><a href="https://www.amazon.com/dp/B07HHK51J9?tag=eloabder-20&linkCode=osi&th=1&psc=1">View Product</a></div><div class="product"><a href="https://www.amazon.com/dp/B0BY3NL6N3?tag=eloabder-20&linkCode=osi&th=1&psc=1"><img src="https://m.media-amazon.com/images/I/61a84haNQXL._SL500_.jpg" alt="Product Image"></a><p>Atkins Soft Baked Energy Bars, Blueberry, 15g Protein,2g Sugar, Excellent Source of Fiber, Low Carb, 4 Packs (5 Bars Each)</p><p>$40.00 ($2.00 / Count)</p><a href="https://www.amazon.com/dp/B0BY3NL6N3?tag=eloabder-20&linkCode=osi&th=1&psc=1">View Product</a></div><div class="product"><a href="https://www.amazon.com/dp/B0767X1YGZ?tag=eloabder-20&linkCode=osi&th=1&psc=1"><img src="https://m.media-amazon.com/images/I/41wLM+HSd7L._SL500_.jpg" alt="Product Image"></a><p>SKRATCH LABS Energy Bar | Cherry + Pistachio (12 pack) | Plant Based Healthy Snack | Low Sugar - 5g Protein | non-gmo, gluten free, soy free, vegan, kosher</p><p>$29.95 ($1.41 / Ounce)</p><a href="https://www.amazon.com/dp/B0767X1YGZ?tag=eloabder-20&linkCode=osi&th=1&psc=1">View Product</a></div>
<div class="product"><a href="https://www.amazon.com/dp/B00819SSGK?tag=eloabder-20&linkCode=osi&th=1&psc=1"><img src="https://m.media-amazon.com/images/I/51OoPlQlUFL._SL500_.jpg" alt="Product Image"></a><p>Orville Redenbacher's Original Gourmet Popping Corn Kernels, 8 lb.</p><p>$13.28 ($0.10 / Ounce)</p><a href="https://www.amazon.com/dp/B00819SSGK?tag=eloabder-20&linkCode=osi&th=1&psc=1">View Product</a></div><div class="product"><a href="https://www.amazon.com/dp/B0C8QMKF7K?tag=eloabder-20&linkCode=osi&th=1&psc=1"><img src="https://m.media-amazon.com/images/I/41Q1zRw163L._SL500_.jpg" alt="Product Image"></a><p>Extra Buttery Caramel Gourmet Popcorn | 6 Cups Total | Made From Scratch, Made in USA, & GMO-Free | Great as a Snack, Gift, Thank You, & Movie Night - (10.8oz Total)</p><p>$8.99 ($0.83 / Ounce)</p><a href="https://www.amazon.com/dp/B0C8QMKF7K?tag=eloabder-20&linkCode=osi&th=1&psc=1">View Product</a></div><div class="product"><a href="https://www.amazon.com/dp/B0CKLW62T5?tag=eloabder-20&linkCode=osi&th=1&psc=1"><img src="https://m.media-amazon.com/images/I/51UzqTDjfaL._SL500_.jpg" alt="Product Image"></a><p>Garrett Popcorn Garrett Mix, 6.0oz, 4 Bags, Cheese and Caramel Gourmet Popcorn, Gluten Free, Sweet and Salty Snack, Popped Popcorn Bags</p><p>$24.95 ($1.04 / Ounce)</p><a href="https://www.amazon.com/dp/B0CKLW62T5?tag=eloabder-20&linkCode=osi&th=1&psc=1">View Product</a></div><div class="product"><a href="https://www.amazon.com/dp/B07JN5467R?tag=eloabder-20&linkCode=osi&th=1&psc=1"><img src="https://m.media-amazon.com/images/I/51vsJLZ79WL._SL500_.jpg" alt="Product Image"></a><p>Urban Accents MOVIE NIGHT Popcorn Kernels and Popcorn Seasoning Variety Pack (set of 8) - 3 Non-GMO Popcorn Kernel Packs and 5 Gourmet Popcorn Snack Seasoning</p><p>$22.00 ($1.01 / Ounce)</p><a href="https://www.amazon.com/dp/B07JN5467R?tag=eloabder-20&linkCode=osi&th=1&psc=1">View Product</a></div><div class="product"><a href="https://www.amazon.com/dp/B0C9592XTW?tag=eloabder-20&linkCode=osi&th=1&psc=1"><img src="https://m.media-amazon.com/images/I/41DvOymNLML._SL500_.jpg" alt="Product Image"></a><p>Funky Chunky Gourmet Popcorn, Chocolatey Popcorn, Pretzel, and Nutty Mixes, Peanut Butter Cup Popcorn, 19-Ounce Large Bag (Pack of 1)</p><p>$15.00 ($0.79 / Ounce)</p><a href="https://www.amazon.com/dp/B0C9592XTW?tag=eloabder-20&linkCode=osi&th=1&psc=1">View Product</a></div><div class="product"><a href="https://www.amazon.com/dp/B0D3FH1GW4?tag=eloabder-20&linkCode=osi&th=1&psc=1"><img src="https://m.media-amazon.com/images/I/51hBtOn2I4L._SL500_.jpg" alt="Product Image"></a><p>Garrett Popcorn Garrett Mix, 1.9oz, 12 Bags, Cheese and Caramel Gourmet Popcorn, Gluten Free, Sweet and Salty Snack Bags, Popped Popcorn Bags, Multipack</p><p>$29.95 ($1.31 / Ounce)</p><a href="https://www.amazon.com/dp/B0D3FH1GW4?tag=eloabder-20&linkCode=osi&th=1&psc=1">View Product</a></div><div class="product"><a href="https://www.amazon.com/dp/B00Q0PWE7Q?tag=eloabder-20&linkCode=osi&th=1&psc=1"><img src="https://m.media-amazon.com/images/I/51jM1d0eF8L._SL500_.jpg" alt="Product Image"></a><p>Popcornopolis Gourmet Caramel Corn Popcorn, Popped Popcorn Snack Bags 9.5 Oz</p><p>$8.99 ($0.95 / Ounce)</p><a href="https://www.amazon.com/dp/B00Q0PWE7Q?tag=eloabder-20&linkCode=osi&th=1&psc=1">View Product</a></div><div class="product"><a href="https://www.amazon.com/dp/B00D2H6LOW?tag=eloabder-20&linkCode=osi&th=1&psc=1"><img src="https://m.media-amazon.com/images/I/41iePRgsY5L._SL500_.jpg" alt="Product Image"></a><p>Thatcher's Gourmet Specialties Fruit Medley, 8 Oz (Pack of 1)</p><p>$6.25 ($0.78 / Ounce)</p><a href="https://www.amazon.com/dp/B00D2H6LOW?tag=eloabder-20&linkCode=osi&th=1&psc=1">View Product</a></div>
<div class="product"><a href="https://www.amazon.com/dp/B07ZXN7LPC?tag=eloabder-20&linkCode=osi&th=1&psc=1"><img src="https://m.media-amazon.com/images/I/51YkD3V1JyL._SL500_.jpg" alt="Product Image"></a><p>Mantova Organic Italian Specialty Pasta, Caserecce (2 packs of 1 lb. each) - Artisan Pasta, Non-GMO, Vegan, Kosher Certified, and Imported From Italy, Premium Quality</p><p>$12.99 ($0.41 / Ounce)</p><a href="https://www.amazon.com/dp/B07ZXN7LPC?tag=eloabder-20&linkCode=osi&th=1&psc=1">View Product</a></div><div class="product"><a href="https://www.amazon.com/dp/B01F2Z8ZOU?tag=eloabder-20&linkCode=osi&th=1&psc=1"><img src="https://m.media-amazon.com/images/I/51MK8iWLCgL._SL500_.jpg" alt="Product Image"></a><p>Mantova Organic Italian Specialty Pasta, Lumaconi, 1 lb (Pack of 2)</p><p>$13.99 ($0.87 / Ounce)</p><a href="https://www.amazon.com/dp/B01F2Z8ZOU?tag=eloabder-20&linkCode=osi&th=1&psc=1">View Product</a></div><div class="product"><a href="https://www.amazon.com/dp/B004N5HA6A?tag=eloabder-20&linkCode=osi&th=1&psc=1"><img src="https://m.media-amazon.com/images/I/517oR0RhHgL._SL500_.jpg" alt="Product Image"></a><p>Morelli Gourmet Pasta Italian Gift Basket From Italy - Tricolor Pasta Linguine Set - Red Chili, Garlic & Basil, and Lemon Pasta - Tricolored Organic Pasta from Italy, Made in Italy (3x 8.8 Ounce)</p><p>$31.99 ($1.21 / Ounce)</p><a href="https://www.amazon.com/dp/B004N5HA6A?tag=eloabder-20&linkCode=osi&th=1&psc=1">View Product</a></div><div class="product"><a href="https://www.amazon.com/dp/B00I8R5HSW?tag=eloabder-20&linkCode=osi&th=1&psc=1"><img src="https://m.media-amazon.com/images/I/41miThBoNtL._SL500_.jpg" alt="Product Image"></a><p>Mafaldine Italian Pasta di Gragnano | I.G.P. Protected | USDA Certified Organic | 17.6 Ounce | 500 Gram</p><p>$12.95 ($0.73 / Ounce)</p><a href="https://www.amazon.com/dp/B00I8R5HSW?tag=eloabder-20&linkCode=osi&th=1&psc=1">View Product</a></div><div class="product"><a href="https://www.amazon.com/dp/B0B1469JM5?tag=eloabder-20&linkCode=osi&th=1&psc=1"><img src="https://m.media-amazon.com/images/I/51spzGwiJ9L._SL500_.jpg" alt="Product Image"></a><p>Morelli Busiate, Pici, and Bucatini Organic Pasta Variety Pack - Imported Italian Pasta Sampler - Specialty Assortment Includes Three-17.6 oz Packages of Gourmet Pasta from Italy</p><p>$39.99 ($0.76 / Ounce)</p><a href="https://www.amazon.com/dp/B0B1469JM5?tag=eloabder-20&linkCode=osi&th=1&psc=1">View Product</a></div><div class="product"><a href="https://www.amazon.com/dp/B083X2P94L?tag=eloabder-20&linkCode=osi&th=1&psc=1"><img src="https://m.media-amazon.com/images/I/51APpkv+ImL._SL500_.jpg" alt="Product Image"></a><p>Pasta Deliziosa! Handcrafted Pasta Variety Pack, All Flavors, 12 Ounce (Pack of 6)</p><p>$38.99 ($3.25 / Ounce)</p><a href="https://www.amazon.com/dp/B083X2P94L?tag=eloabder-20&linkCode=osi&th=1&psc=1">View Product</a></div><div class="product"><a href="https://www.amazon.com/dp/B0793LPXRN?tag=eloabder-20&linkCode=osi&th=1&psc=1"><img src="https://m.media-amazon.com/images/I/41zIY0jxDdL._SL500_.jpg" alt="Product Image"></a><p>La Molisana Pasta Anellini Siciliani, 16 oz</p><p>$6.95 ($0.43 / Ounce)</p><a href="https://www.amazon.com/dp/B0793LPXRN?tag=eloabder-20&linkCode=osi&th=1&psc=1">View Product</a></div><div class="product"><a href="https://www.amazon.com/dp/B006ODJEBS?tag=eloabder-20&linkCode=osi&th=1&psc=1"><img src="https://m.media-amazon.com/images/I/51x4T3SOw1L._SL500_.jpg" alt="Product Image"></a><p>La Molisana Pasta Fusilli Bucati Cort, 1 Pound (Pack of 1)</p><p>$7.99 ($0.05 / Ounce)</p><a href="https://www.amazon.com/dp/B006ODJEBS?tag=eloabder-20&linkCode=osi&th=1&psc=1">View Product</a></div><div class="product"><a href="https://www.amazon.com/dp/B0095F92HS?tag=eloabder-20&linkCode=osi&th=1&psc=1"><img src="https://m.media-amazon.com/images/I/51IXE-gW1gL._SL500_.jpg" alt="Product Image"></a><p>De Cecco Pasta, Egg Pappardelle, 8.8 Ounce</p><p>$2.50 ($0.28 / Ounce)</p><a href="https://www.amazon.com/dp/B0095F92HS?tag=eloabder-20&linkCode=osi&th=1&psc=1">View Product</a></div><div class="product"><a href="https://www.amazon.com/dp/B000LRH8AM?tag=eloabder-20&linkCode=osi&th=1&psc=1"><img src="https://m.media-amazon.com/images/I/517Gsx3xbQL._SL500_.jpg" alt="Product Image"></a><p>RiceSelect Tri-Color Orzo Rice-Shaped Pasta, Premium Spinach- and Tomato-Flavored Non-GMO Orzo Pasta, 32-Ounce Jar</p><p>$7.29 ($0.28 / Ounce)</p><a href="https://www.amazon.com/dp/B000LRH8AM?tag=eloabder-20&linkCode=osi&th=1&psc=1">View Product</a></div>
<div class="product"><a href="https://www.amazon.com/dp/B00LUK2TGC?tag=eloabder-20&linkCode=osi&th=1&psc=1"><img src="https://m.media-amazon.com/images/I/51-6ifc3VmL._SL500_.jpg" alt="Product Image"></a><p>The Gourmet Choice Gift Basket by Wine Country Gift Baskets</p><p>$83.35</p><a href="https://www.amazon.com/dp/B00LUK2TGC?tag=eloabder-20&linkCode=osi&th=1&psc=1">View Product</a></div><div class="product"><a href="https://www.amazon.com/dp/B009LHPJ1S?tag=eloabder-20&linkCode=osi&th=1&psc=1"><img src="https://m.media-amazon.com/images/I/51cf0AEkjgL._SL500_.jpg" alt="Product Image"></a><p>Wine Country Gift Baskets Gourmet Feast Perfect For Family, Friends, Co-Workers, Loved Ones and Clients</p><p>$59.95</p><a href="https://www.amazon.com/dp/B009LHPJ1S?tag=eloabder-20&linkCode=osi&th=1&psc=1">View Product</a></div><div class="product"><a href="https://www.amazon.com/dp/B004D9XYWU?tag=eloabder-20&linkCode=osi&th=1&psc=1"><img src="https://m.media-amazon.com/images/I/515H6eRSagL._SL500_.jpg" alt="Product Image"></a><p>A Gift Inside Chocolate, Caramel and Crunch Grand Gift Basket</p><p>$42.95</p><a href="https://www.amazon.com/dp/B004D9XYWU?tag=eloabder-20&linkCode=osi&th=1&psc=1">View Product</a></div><div class="product"><a href="https://www.amazon.com/dp/B00BY78O7Y?tag=eloabder-20&linkCode=osi&th=1&psc=1"><img src="https://m.media-amazon.com/images/I/51sFeewMqVL._SL500_.jpg" alt="Product Image"></a><p>The Bon Appetit Gourmet Gift Basket by Wine Country Gift Baskets Gift for Families College Students Appreciation Thank You Congratulations Get Well Soon Care Package</p><p>$49.95</p><a href="https://www.amazon.com/dp/B00BY78O7Y?tag=eloabder-20&linkCode=osi&th=1&psc=1">View Product</a></div><div class="product"><a href="https://www.amazon.com/dp/B07CHSN691?tag=eloabder-20&linkCode=osi&th=1&psc=1"><img src="https://m.media-amazon.com/images/I/51-Qvkf4yFL._SL500_.jpg" alt="Product Image"></a><p>Dried Fruit Gift Basket– Healthy Gourmet Snack Box - Holiday Food Tray - Variety Snacks - Birthday, Sympathy, Mom, Dad, Corporate Tray - Bonnie & Pop</p><p>$37.99</p><a href="https://www.amazon.com/dp/B07CHSN691?tag=eloabder-20&linkCode=osi&th=1&psc=1">View Product</a></div><div class="product"><a href="https://www.amazon.com/dp/B00FBGKCHE?tag=eloabder-20&linkCode=osi&th=1&psc=1"><img src="https://m.media-amazon.com/images/I/51anmoX7EkL._SL500_.jpg" alt="Product Image"></a><p>Broadway Basketeers Chocolate Gift Basket Snack Gifts for Women, Men, Families, College, Appreciation, Thank You, Birthday, Corporate, Get Well Soon, Sympathy Care Package</p><p>$48.70 ($48.70 / Count)</p><a href="https://www.amazon.com/dp/B00FBGKCHE?tag=eloabder-20&linkCode=osi&th=1&psc=1">View Product</a></div><div class="product"><a href="https://www.amazon.com/dp/B00BY78O60?tag=eloabder-20&linkCode=osi&th=1&psc=1"><img src="https://m.media-amazon.com/images/I/51vKfvc7JTL._SL500_.jpg" alt="Product Image"></a><p>Wine Country Gift Baskets The Connoisseur Gourmet Gift Basket Food Gift Basket for Families College Students Appreciation Thank You Congratulations Get Well Soon Care Package</p><p>$56.36</p><a href="https://www.amazon.com/dp/B00BY78O60?tag=eloabder-20&linkCode=osi&th=1&psc=1">View Product</a></div><div class="product"><a href="https://www.amazon.com/dp/B07FT598PM?tag=eloabder-20&linkCode=osi&th=1&psc=1"><img src="https://m.media-amazon.com/images/I/51OJVHYoRsL._SL500_.jpg" alt="Product Image"></a><p>Wine Country Gift Baskets Gourmet Deluxe Gift Basket</p><p>$99.95</p><a href="https://www.amazon.com/dp/B07FT598PM?tag=eloabder-20&linkCode=osi&th=1&psc=1">View Product</a></div>
<div class="product"><a href="https://www.amazon.com/dp/B0B5ZTZL6G?tag=eloabder-20&linkCode=osi&th=1&psc=1"><img src="https://m.media-amazon.com/images/I/51rZYLnRlVL._SL500_.jpg" alt="Product Image"></a><p>Reinmoson Tea Strainers for Loose Tea, Extra Fine Mesh Tea Infuser, 304 Stainless Steel & Updated Slim Threaded Lid, Loose Leaf Tea Steeper for Black Tea, Rooibos, etc</p><p>$9.99</p><a href="https://www.amazon.com/dp/B0B5ZTZL6G?tag=eloabder-20&linkCode=osi&th=1&psc=1">View Product</a></div><div class="product"><a href="https://www.amazon.com/dp/B00SBTK5KW?tag=eloabder-20&linkCode=osi&th=1&psc=1"><img src="https://m.media-amazon.com/images/I/414cqIbd9eL._SL500_.jpg" alt="Product Image"></a><p>Tea Forte Single Steeps Loose Leaf Lotus Tea Sampler, Assorted Variety Tea Box, Serve Pouches,15 Count (Pack of 1)</p><p>$18.00 ($9.33 / Ounce)</p><a href="https://www.amazon.com/dp/B00SBTK5KW?tag=eloabder-20&linkCode=osi&th=1&psc=1">View Product</a></div><div class="product"><a href="https://www.amazon.com/dp/B08VMR4MXN?tag=eloabder-20&linkCode=osi&th=1&psc=1"><img src="https://m.media-amazon.com/images/I/51qQv4-VV3L._SL500_.jpg" alt="Product Image"></a><p>Twinings Tea Sampler Set 12 Flavors Assortment 48 Assorted Tea Bags with 20 Honey Sticks for Tea, Straws and Naturally Caffeine Free Herbal Tea Set…</p><p>$22.96 ($22.96 / Count)</p><a href="https://www.amazon.com/dp/B08VMR4MXN?tag=eloabder-20&linkCode=osi&th=1&psc=1">View Product</a></div><div class="product"><a href="https://www.amazon.com/dp/B074T2FWJY?tag=eloabder-20&linkCode=osi&th=1&psc=1"><img src="https://m.media-amazon.com/images/I/41n1uoomGAL._SL500_.jpg" alt="Product Image"></a><p>10Pcs Heart Tea Infuser for Loose Leaf Tea Steeper - Tea Diffusers for Loose Tea Leaf Steeper Tea Strainers for Loose Tea Infuser Spoon - Tea Steeper for Loose Tea Strainer Heart Shaped Tea Infuser</p><p>$9.98 ($1.00 / Count)</p><a href="https://www.amazon.com/dp/B074T2FWJY?tag=eloabder-20&linkCode=osi&th=1&psc=1">View Product</a></div><div class="product"><a href="https://www.amazon.com/dp/B074L4MZRY?tag=eloabder-20&linkCode=osi&th=1&psc=1"><img src="https://m.media-amazon.com/images/I/418v4F8ZhkL._SL500_.jpg" alt="Product Image"></a><p>VAHDAM Perfect Measure Loose Leaf Tea Spoon | Premium Quality Stainless Steel Tea Scoop | Perfect Measuring Teaspoons To Brew 1 Cup Of Loose Leaf Tea & Matcha</p><p>$7.99</p><a href="https://www.amazon.com/dp/B074L4MZRY?tag=eloabder-20&linkCode=osi&th=1&psc=1">View Product</a></div><div class="product"><a href="https://www.amazon.com/dp/B09FF6P7BL?tag=eloabder-20&linkCode=osi&th=1&psc=1"><img src="https://m.media-amazon.com/images/I/41oGPC0w7ML._SL500_.jpg" alt="Product Image"></a><p>Cute Tea Infuser by OTOTO - Loose Leaf Tea Steeper, Tea Accessories, Tea Diffusers, Tea Infuser for Loose Leaf Tea, Tea Strainers, Cute Gifts, Tea Gift Set, Kitchen Gifts, Cooking Gadgets</p><p>$14.95</p><a href="https://www.amazon.com/dp/B09FF6P7BL?tag=eloabder-20&linkCode=osi&th=1&psc=1">View Product</a></div><div class="product"><a href="https://www.amazon.com/dp/B072XP4FQK?tag=eloabder-20&linkCode=osi&th=1&psc=1"><img src="https://m.media-amazon.com/images/I/31Lfv+7oU6L._SL500_.jpg" alt="Product Image"></a><p>Tea Infuser (Set of 2 Pyramid & Square) with Tea Scoop | Ultra Fine Tea Strainer for Loose Leaf Tea | Stainless Steel Tea Steeper for a Superior Brewing Experience</p><p>$9.99</p><a href="https://www.amazon.com/dp/B072XP4FQK?tag=eloabder-20&linkCode=osi&th=1&psc=1">View Product</a></div><div class="product"><a href="https://www.amazon.com/dp/B0D2SCT4C4?tag=eloabder-20&linkCode=osi&th=1&psc=1"><img src="https://m.media-amazon.com/images/I/51vJnfc4-JL._SL500_.jpg" alt="Product Image"></a><p>Organic Tea Gift Set with Portable Kettle - 36 Piece Tea Gifts for Tea Lovers - Includes Insulated Mug, Assorted Organic Teas, Honey Sticks & Tea Accessories - Ultimate Brewing Experience</p><p>$56.90</p><a href="https://www.amazon.com/dp/B0D2SCT4C4?tag=eloabder-20&linkCode=osi&th=1&psc=1">View Product</a></div>
<div class="product"><a href="https://www.amazon.com/dp/B01NAV05XS?tag=eloabder-20&linkCode=osi&th=1&psc=1"><img src="https://m.media-amazon.com/images/I/51xpd-egLaL._SL500_.jpg" alt="Product Image"></a><p>Torani Variety Pack Caramel, French Vanilla, Vanilla & Hazelnut, 25.4 Ounces (Pack of 4)</p><p>$35.99 ($0.35 / Fl Oz)</p><a href="https://www.amazon.com/dp/B01NAV05XS?tag=eloabder-20&linkCode=osi&th=1&psc=1">View Product</a></div><div class="product"><a href="https://www.amazon.com/dp/B084NVN1J6?tag=eloabder-20&linkCode=osi&th=1&psc=1"><img src="https://m.media-amazon.com/images/I/51Vz7p8hhyL._SL500_.jpg" alt="Product Image"></a><p>Bones Coffee Company Cookies 'N Dreams Coffee Beans, Cookies & Cream Flavor, Low Acid Flavored Coffee, Made with Arabica Coffee Beans, Medium Roast Gourmet Coffee (12 oz)</p><p>$17.99 ($1.50 / Ounce)</p><a href="https://www.amazon.com/dp/B084NVN1J6?tag=eloabder-20&linkCode=osi&th=1&psc=1">View Product</a></div><div class="product"><a href="https://www.amazon.com/dp/B0C2DHCBD6?tag=eloabder-20&linkCode=osi&th=1&psc=1"><img src="https://m.media-amazon.com/images/I/51wa33jmF7L._SL500_.jpg" alt="Product Image"></a><p>Torani Puremade Sauce Variety Pack, 4 Flavors, 16.5 Ounces Bottle (Set of 4)</p><p>$25.99 ($0.39 / Ounce)</p><a href="https://www.amazon.com/dp/B0C2DHCBD6?tag=eloabder-20&linkCode=osi&th=1&psc=1">View Product</a></div><div class="product"><a href="https://www.amazon.com/dp/B000S75D66?tag=eloabder-20&linkCode=osi&th=1&psc=1"><img src="https://m.media-amazon.com/images/I/41AZMaoxbWL._SL500_.jpg" alt="Product Image"></a><p>illy Ground Coffee Moka - 100% Arabica Flavored Coffee Ground - Rich Aromatic Coffee Grounds Profile – Classico Medium Roast - Notes of Caramel, Orange Blossom & Jasmine - No Preservatives – 8.8 Ounce</p><p>$13.85 ($1.57 / Ounce)</p><a href="https://www.amazon.com/dp/B000S75D66?tag=eloabder-20&linkCode=osi&th=1&psc=1">View Product</a></div><div class="product"><a href="https://www.amazon.com/dp/B0BBY6V5T3?tag=eloabder-20&linkCode=osi&th=1&psc=1"><img src="https://m.media-amazon.com/images/I/515wvEFTD7L._SL500_.jpg" alt="Product Image"></a><p>Bones Coffee Company NEW World Tour Sample Pack | Ground Coffee Beans Sampler Gift Box Set | 4 oz Pack of 5 Assorted Single-Origin Gourmet Coffee Gifts | Medium Roast Coffee Beverages (Ground)</p><p>$34.99 ($1.75 / Ounce)</p><a href="https://www.amazon.com/dp/B0BBY6V5T3?tag=eloabder-20&linkCode=osi&th=1&psc=1">View Product</a></div>

<div class="product"><a href="https://www.amazon.com/dp/B01E4C982U?tag=eloabder-20&linkCode=osi&th=1&psc=1"><img src="https://m.media-amazon.com/images/I/51nAunBrSiL._SL500_.jpg" alt="Product Image"></a><p>Green Tea leaves Sencha, JAS Certified Organic, Japanese Tea, Uji-Kyoto, 80g Bag 【YAMASAN】</p><p>$14.70 ($5.25 / Ounce)</p><a href="https://www.amazon.com/dp/B01E4C982U?tag=eloabder-20&linkCode=osi&th=1&psc=1">View Product</a></div><div class="product"><a href="https://www.amazon.com/dp/B000SARJF6?tag=eloabder-20&linkCode=osi&th=1&psc=1"><img src="https://m.media-amazon.com/images/I/51hE2hmSzuL._SL500_.jpg" alt="Product Image"></a><p>Davidson's Tea Bulk, English Breakfast, 16 Ounce</p><p>$15.99 ($1.00 / Ounce)</p><a href="https://www.amazon.com/dp/B000SARJF6?tag=eloabder-20&linkCode=osi&th=1&psc=1">View Product</a></div><div class="product"><a href="https://www.amazon.com/dp/B008FOLQRE?tag=eloabder-20&linkCode=osi&th=1&psc=1"><img src="https://m.media-amazon.com/images/I/51F0rcvhhvL._SL500_.jpg" alt="Product Image"></a><p>Traditional Medicinals Organic Raspberry Leaf Herbal Tea, Eases Menstrual Cramps & Supports Healthy Pregnancy, (Pack of 1) - 16 Tea Bags</p><p>$4.92 ($5.79 / Ounce)</p><a href="https://www.amazon.com/dp/B008FOLQRE?tag=eloabder-20&linkCode=osi&th=1&psc=1">View Product</a></div><div class="product"><a href="https://www.amazon.com/dp/B00136MKEO?tag=eloabder-20&linkCode=osi&th=1&psc=1"><img src="https://m.media-amazon.com/images/I/41Ll68Q3iLL._SL500_.jpg" alt="Product Image"></a><p>Ahmad Tea Earl Grey Aromatic Loose Tea, Ceylon Caddy, 17.6 Oz</p><p>$14.87 ($0.84 / Ounce)</p><a href="https://www.amazon.com/dp/B00136MKEO?tag=eloabder-20&linkCode=osi&th=1&psc=1">View Product</a></div><div class="product"><a href="https://www.amazon.com/dp/B087G3NQGN?tag=eloabder-20&linkCode=osi&th=1&psc=1"><img src="https://m.media-amazon.com/images/I/51wev+SayvL._SL500_.jpg" alt="Product Image"></a><p>TIAN HU SHAN Premium Green Tea Loose Leaf 16 Ounce (454g)</p><p>$14.98 ($0.94 / Ounce)</p><a href="https://www.amazon.com/dp/B087G3NQGN?tag=eloabder-20&linkCode=osi&th=1&psc=1">View Product</a></div><div class="product"><a href="https://www.amazon.com/dp/B007Y94GN2?tag=eloabder-20&linkCode=osi&th=1&psc=1"><img src="https://m.media-amazon.com/images/I/51hqdPaNJYL._SL500_.jpg" alt="Product Image"></a><p>The Tao of Tea, Hibiscus Ginger Tea, Loose Leaf, 3.0 Ounce Tin to make 50 cups</p><p>$10.90 ($3.63 / Ounce)</p><a href="https://www.amazon.com/dp/B007Y94GN2?tag=eloabder-20&linkCode=osi&th=1&psc=1">View Product</a></div><div class="product"><a href="https://www.amazon.com/dp/B0D3WN5RG3?tag=eloabder-20&linkCode=osi&th=1&psc=1"><img src="https://m.media-amazon.com/images/I/5109jIe8NoL._SL500_.jpg" alt="Product Image"></a><p>Mevlana Ceylon Tea, Loose Leaf, 1 Lbs - Best Ceylon Black Tea Leaves from Sri Lanka - Loose Leaf Black Tea</p><p>$14.99 ($0.94 / Ounce)</p><a href="https://www.amazon.com/dp/B0D3WN5RG3?tag=eloabder-20&linkCode=osi&th=1&psc=1">View Product</a></div><div class="product"><a href="https://www.amazon.com/dp/B087G345SM?tag=eloabder-20&linkCode=osi&th=1&psc=1"><img src="https://m.media-amazon.com/images/I/51gQfgKqklL._SL500_.jpg" alt="Product Image"></a><p>TIAN HU SHAN Premium Oolong Tea Loose Leaf 14 Ounce (400g)</p><p>$14.99 ($1.07 / Ounce)</p><a href="https://www.amazon.com/dp/B087G345SM?tag=eloabder-20&linkCode=osi&th=1&psc=1">View Product</a></div>
<div class="product"><a href="https://www.amazon.com/dp/B08XWVFTKS?tag=eloabder-20&linkCode=osi&th=1&psc=1"><img src="https://m.media-amazon.com/images/I/41hJk3cTdnL._SL500_.jpg" alt="Product Image"></a><p>Lindt Gourmet Chocolate Truffles Gift Box, Assorted Chocolate Truffles, Great for gift giving, 14.7 Ounces</p><p>$24.99 ($1.70 / Ounce)</p><a href="https://www.amazon.com/dp/B08XWVFTKS?tag=eloabder-20&linkCode=osi&th=1&psc=1">View Product</a></div>
<div class="product"><a href="https://www.amazon.com/dp/B0CJ3XYPV3?tag=eloabder-20&linkCode=osi&th=1&psc=1"><img src="https://m.media-amazon.com/images/I/519ufxoFyDL._SL500_.jpg" alt="Product Image"></a><p>Blue House VARIETY Handcrafted Gourmet Caramel Candies Gift Box, Maple, Raspberry, Coffee, and Sea Salt</p><p>$26.98 ($1.35 / Count)</p><a href="https://www.amazon.com/dp/B0CJ3XYPV3?tag=eloabder-20&linkCode=osi&th=1&psc=1">View Product</a></div><div class="product"><a href="https://www.amazon.com/dp/B06VW4Z7B1?tag=eloabder-20&linkCode=osi&th=1&psc=1"><img src="https://m.media-amazon.com/images/I/516NdD4b5nL._SL500_.jpg" alt="Product Image"></a><p>BALI'S BEST Coffee Candy - Original Flavor | 1lb Jar | Rich, Smooth Taste | Indulge in Gourmet Coffee Delight - For Coffee Lovers, Delicious Treat for Any Occasion</p><p>$9.87 ($0.62 / Ounce)</p><a href="https://www.amazon.com/dp/B06VW4Z7B1?tag=eloabder-20&linkCode=osi&th=1&psc=1">View Product</a></div><div class="product"><a href="https://www.amazon.com/dp/B086N119VC?tag=eloabder-20&linkCode=osi&th=1&psc=1"><img src="https://m.media-amazon.com/images/I/41xKAcovvCS._SL500_.jpg" alt="Product Image"></a><p>Cerez Pazari Turkish Delight Candy with Assorted Mix Flavours 16 oz Gourmet Medium Size Snacks Gift Box | No Nuts Sweet Luxury Traditional Confectionery Vegan Lokum Loukoumi Approx.42 Pcs</p><p>$13.49 ($0.96 / Ounce)</p><a href="https://www.amazon.com/dp/B086N119VC?tag=eloabder-20&linkCode=osi&th=1&psc=1">View Product</a></div>

Aucun résultat trouvé.
<div class="product"><a href="https://www.amazon.com/dp/B07BQXJ123?tag=eloabder-20&linkCode=osi&th=1&psc=1"><img src="https://m.media-amazon.com/images/I/41h4IsgjbZL._SL500_.jpg" alt="Product Image"></a><p>Squirrel Brand Sweet Brown Butter Cashews, 3.5 Ounces Resealable Bag, Gluten Free, Vegetarian</p><p>$2.74 ($0.78 / Fl Oz)</p><a href="https://www.amazon.com/dp/B07BQXJ123?tag=eloabder-20&linkCode=osi&th=1&psc=1">View Product</a></div><div class="product"><a href="https://www.amazon.com/dp/B003P02EGU?tag=eloabder-20&linkCode=osi&th=1&psc=1"><img src="https://m.media-amazon.com/images/I/51aUMBXF71L._SL500_.jpg" alt="Product Image"></a><p>Sparkling Ice, Black Raspberry Sparkling Water, Zero Sugar Flavored Water, with Vitamins and Antioxidants, Low Calorie Beverage, 17 fl oz Bottles (Pack of 12)</p><p>$9.98 ($0.05 / Fl Oz)</p><a href="https://www.amazon.com/dp/B003P02EGU?tag=eloabder-20&linkCode=osi&th=1&psc=1">View Product</a></div><div class="product"><a href="https://www.amazon.com/dp/B0C6RG22VN?tag=eloabder-20&linkCode=osi&th=1&psc=1"><img src="https://m.media-amazon.com/images/I/31fjAuuWWNL._SL500_.jpg" alt="Product Image"></a><p>Bauducco Vanilla Wafers - Crispy Wafer Cookies With 3 Delicious, Indulgent, Decadent Layers of Vanilla Flavored Cream - Delicious Sweet Snack or Desert - 5.0 oz (Pack of 1)</p><p>$1.59 ($0.32 / Ounce)</p><a href="https://www.amazon.com/dp/B0C6RG22VN?tag=eloabder-20&linkCode=osi&th=1&psc=1">View Product</a></div><div class="product"><a href="https://www.amazon.com/dp/B09W5ZVDD2?tag=eloabder-20&linkCode=osi&th=1&psc=1"><img src="https://m.media-amazon.com/images/I/41SSfHVmdrL._SL500_.jpg" alt="Product Image"></a><p>Cinnamon Toast Crunch Creamy Cinnamon Spread, 10 Ounce</p><p>$2.48 ($0.25 / Ounce)</p><a href="https://www.amazon.com/dp/B09W5ZVDD2?tag=eloabder-20&linkCode=osi&th=1&psc=1">View Product</a></div><div class="product"><a href="https://www.amazon.com/dp/B00L2MWLMK?tag=eloabder-20&linkCode=osi&th=1&psc=1"><img src="https://m.media-amazon.com/images/I/51dBawJ2u9L._SL500_.jpg" alt="Product Image"></a><p>Duncan Hines Dark Chocolate Fudge Brownie Mix, 18.2 OZ</p><p>$1.54 ($0.08 / Ounce)</p><a href="https://www.amazon.com/dp/B00L2MWLMK?tag=eloabder-20&linkCode=osi&th=1&psc=1">View Product</a></div><div class="product"><a href="https://www.amazon.com/dp/B004M15U12?tag=eloabder-20&linkCode=osi&th=1&psc=1"><img src="https://m.media-amazon.com/images/I/51WF3t7pADL._SL500_.jpg" alt="Product Image"></a><p>PLANTERS Deluxe Salted Whole Cashews, Party Snacks, Plant-Based Protein, Quick Snack for Adults, After School Snack, Roasted Cashew Flavored with Sea Salt, Bulk Nuts, Kosher, 1 lb 2.25oz Canister</p><p>$9.98 ($0.55 / Ounce)</p><a href="https://www.amazon.com/dp/B004M15U12?tag=eloabder-20&linkCode=osi&th=1&psc=1">View Product</a></div><div class="product"><a href="https://www.amazon.com/dp/B078J62RYJ?tag=eloabder-20&linkCode=osi&th=1&psc=1"><img src="https://m.media-amazon.com/images/I/51AXLNUF66L._SL500_.jpg" alt="Product Image"></a><p>PLANTERS Deluxe Mixed Nuts, Cashews, Almonds, Pecans, Pistachios, Hazelnuts, Roasted with Sea Salt, Party Snacks, Plant-Based Protein, Quick Snack for Adults, After School Snack, 27oz Container</p><p>$17.51 ($0.65 / Ounce)</p><a href="https://www.amazon.com/dp/B078J62RYJ?tag=eloabder-20&linkCode=osi&th=1&psc=1">View Product</a></div><div class="product"><a href="https://www.amazon.com/dp/B0BSB1D65T?tag=eloabder-20&linkCode=osi&th=1&psc=1"><img src="https://m.media-amazon.com/images/I/51u9sSRdlIL._SL500_.jpg" alt="Product Image"></a><p>PLANTERS Cashews Cinnamon & Brown Sugar, Party Snacks, 5 Oz Bag</p><p>$3.50 ($0.70 / Ounce)</p><a href="https://www.amazon.com/dp/B0BSB1D65T?tag=eloabder-20&linkCode=osi&th=1&psc=1">View Product</a></div><div class="product"><a href="https://www.amazon.com/dp/B0BN4LZ5P3?tag=eloabder-20&linkCode=osi&th=1&psc=1"><img src="https://m.media-amazon.com/images/I/51OLBHQEeSL._SL500_.jpg" alt="Product Image"></a><p>Planters Dry Roasted Bold & Savory Peanuts, Party Snacks, Plant-Based Protein, 16 Oz Jar</p><p>$2.98 ($0.19 / Ounce)</p><a href="https://www.amazon.com/dp/B0BN4LZ5P3?tag=eloabder-20&linkCode=osi&th=1&psc=1">View Product</a></div>

<div class="product"><a href="https://www.amazon.com/dp/B0CJQJYYVQ?tag=eloabder-20&linkCode=osi&th=1&psc=1"><img src="https://m.media-amazon.com/images/I/51mbf3FOrUL._SL500_.jpg" alt="Product Image"></a><p>Dried Fruit and Nuts Gift Baskets, 9 Healthy Varieties of Nuts & Dried Fruit Gifts, Gourmet Prime Candy Basket Delivery, Family Edible Food Ideas for All, Anniversary, Birthday, Care Package, Corporate Gifts</p><p>$24.99 ($24.99 / Count)</p><a href="https://www.amazon.com/dp/B0CJQJYYVQ?tag=eloabder-20&linkCode=osi&th=1&psc=1">View Product</a></div><div class="product"><a href="https://www.amazon.com/dp/B0BRYN42RF?tag=eloabder-20&linkCode=osi&th=1&psc=1"><img src="https://m.media-amazon.com/images/I/61sztsxabsL._SL500_.jpg" alt="Product Image"></a><p>Dried Fruit & Nuts Gift Basket Arrangement Platter, Gourmet Food Snack Box, For Fathers Day, Birthday Care Package, Healthy Kosher - Her Him - 12 Snackberry Assortment (Single)</p><p>$24.99 ($1.03 / Ounce)</p><a href="https://www.amazon.com/dp/B0BRYN42RF?tag=eloabder-20&linkCode=osi&th=1&psc=1">View Product</a></div><div class="product"><a href="https://www.amazon.com/dp/B0CZ4H5N2S?tag=eloabder-20&linkCode=osi&th=1&psc=1"><img src="https://m.media-amazon.com/images/I/51NLO50v2cL._SL500_.jpg" alt="Product Image"></a><p>Variety Dried Fuit Gift Basket, Fathers Day Gift Basket, Gift Box for Birthday. Anniversary, Get Well Gift, Gift for Him, Her and Family, Snackberry (1 Pack)</p><p>$9.99 ($0.62 / Ounce)</p><a href="https://www.amazon.com/dp/B0CZ4H5N2S?tag=eloabder-20&linkCode=osi&th=1&psc=1">View Product</a></div><div class="product"><a href="https://www.amazon.com/dp/B09HW1C373?tag=eloabder-20&linkCode=osi&th=1&psc=1"><img src="https://m.media-amazon.com/images/I/418cDyDC0eL._SL500_.jpg" alt="Product Image"></a><p>Farm Fresh Assorted Nuts Gift Basket - Artfully Arranged Gourmet Nuts and Dried Fruit Collection - Prime Arrangement Platter - Makes a Delicious, Healthy Gift Basket For Holidays, Parties, Corporate Gifts, and More</p><p>$12.99 ($12.99 / Count)</p><a href="https://www.amazon.com/dp/B09HW1C373?tag=eloabder-20&linkCode=osi&th=1&psc=1">View Product</a></div><div class="product"><a href="https://www.amazon.com/dp/B0CRD2MWB9?tag=eloabder-20&linkCode=osi&th=1&psc=1"><img src="https://m.media-amazon.com/images/I/51tT9Jj4hKL._SL500_.jpg" alt="Product Image"></a><p>Happy Birthday Dried Fruit & Nuts Gift Basket Arrangement Platter, Gourmet Food Snack Box, Birthday Care Package, Healthy Kosher, Her Him (9 Assortments)</p><p>$19.99 ($19.99 / Count)</p><a href="https://www.amazon.com/dp/B0CRD2MWB9?tag=eloabder-20&linkCode=osi&th=1&psc=1">View Product</a></div><div class="product"><a href="https://www.amazon.com/dp/B0CHCJK5GN?tag=eloabder-20&linkCode=osi&th=1&psc=1"><img src="https://m.media-amazon.com/images/I/61dpK7BoYbL._SL500_.jpg" alt="Product Image"></a><p>Broadway Basketeers Deluxe Thank You Dried Fruit And Nuts Gift Basket - A Premium Healthy Appreciation Gift - Corporate, Family & Friends</p><p>$32.06</p><a href="https://www.amazon.com/dp/B0CHCJK5GN?tag=eloabder-20&linkCode=osi&th=1&psc=1">View Product</a></div>
<div class="product"><a href="https://www.amazon.com/dp/B078SZHZ82?tag=eloabder-20&linkCode=osi&th=1&psc=1"><img src="https://m.media-amazon.com/images/I/51S82IO04jL._SL500_.jpg" alt="Product Image"></a><p>DEL MONTE FRESH CUT BLUE LAKE Cut Green Beans Canned Vegetables,14.5 Ounce (Pack of 12)</p><p>$12.99 ($0.07 / Ounce)</p><a href="https://www.amazon.com/dp/B078SZHZ82?tag=eloabder-20&linkCode=osi&th=1&psc=1">View Product</a></div>
<div class="product"><a href="https://www.amazon.com/dp/B0C94YG17L?tag=eloabder-20&linkCode=osi&th=1&psc=1"><img src="https://m.media-amazon.com/images/I/51VfC5jp4OL._SL500_.jpg" alt="Product Image"></a><p>Hickory Farms Farmhouse Sausage & Cheese Medium Gift Box | Gourmet Food Basket | Charcuterie | Father's Day Gift | Perfect For Family, Birthday, Sympathy, Congratulations, Retirement, Thinking of You, Father's Day Gift</p><p>$34.99 ($34.99 / Count)</p><a href="https://www.amazon.com/dp/B0C94YG17L?tag=eloabder-20&linkCode=osi&th=1&psc=1">View Product</a></div><div class="product"><a href="https://www.amazon.com/dp/B00K35V3F8?tag=eloabder-20&linkCode=osi&th=1&psc=1"><img src="https://m.media-amazon.com/images/I/41bd0TKnKfL._SL500_.jpg" alt="Product Image"></a><p>Farmers' Market Charcuterie Gift for Summer, Wisconsin Cheese, Hickory Smoked Meat, Shelf Stable, Gourmet Meat and Cheese Platter, Large Original</p><p>$39.99</p><a href="https://www.amazon.com/dp/B00K35V3F8?tag=eloabder-20&linkCode=osi&th=1&psc=1">View Product</a></div><div class="product"><a href="https://www.amazon.com/dp/B0994V3KXV?tag=eloabder-20&linkCode=osi&th=1&psc=1"><img src="https://m.media-amazon.com/images/I/61Zr7E45qvL._SL500_.jpg" alt="Product Image"></a><p>Wisconsin Cheese Company - Specialty 100% Wisconsin Cheese Block Assortment 4 oz. (Pack of 7 Blocks) Cheddar, Pepper Jack, Swiss, Gouda, Cheddar Salami, Smoked Cheddar & Tomato Basil Cheese - Cheese Sampler Gift Set</p><p>$39.99 ($1.43 / Ounce)</p><a href="https://www.amazon.com/dp/B0994V3KXV?tag=eloabder-20&linkCode=osi&th=1&psc=1">View Product</a></div><div class="product"><a href="https://www.amazon.com/dp/B009Y7I2F0?tag=eloabder-20&linkCode=osi&th=1&psc=1"><img src="https://m.media-amazon.com/images/I/41VgrnxieeL._SL500_.jpg" alt="Product Image"></a><p>Wisconsin Cheese Company - 100% Wisconsin Cheddar & Pepper Jack Cheese and Cracker Gift Basket. Large Gourmet Gift Box Assortment. Great for Charcuterie Boards & Gifts.</p><p>$29.99 ($2.11 / Ounce)</p><a href="https://www.amazon.com/dp/B009Y7I2F0?tag=eloabder-20&linkCode=osi&th=1&psc=1">View Product</a></div><div class="product"><a href="https://www.amazon.com/dp/B00FY43IJ2?tag=eloabder-20&linkCode=osi&th=1&psc=1"><img src="https://m.media-amazon.com/images/I/41QN9RXV4RL._SL500_.jpg" alt="Product Image"></a><p>California Delicious Gourmet Cheeseboard Gift, 8 piece set</p><p>$47.98 ($6.00 / Count)</p><a href="https://www.amazon.com/dp/B00FY43IJ2?tag=eloabder-20&linkCode=osi&th=1&psc=1">View Product</a></div><div class="product"><a href="https://www.amazon.com/dp/B0CRM55TF8?tag=eloabder-20&linkCode=osi&th=1&psc=1"><img src="https://m.media-amazon.com/images/I/51Vz3kt14-L._SL500_.jpg" alt="Product Image"></a><p>Farmers' Market Cheese Block Assortment 7oz 6-Pack, Shelf Stable, Pasteurized, Locally Sourced Wisconsin Cheese (Assortment, 6 Count)</p><p>$29.99 ($0.71 / Ounce)</p><a href="https://www.amazon.com/dp/B0CRM55TF8?tag=eloabder-20&linkCode=osi&th=1&psc=1">View Product</a></div>
<div class="product"><a href="https://www.amazon.com/dp/B006GXQHKW?tag=eloabder-20&linkCode=osi&th=1&psc=1"><img src="https://m.media-amazon.com/images/I/41gffgWPG4L._SL500_.jpg" alt="Product Image"></a><p>Old Wisconsin Premium Summer Sausage, 100% Natural Meat, Charcuterie, Ready to Eat, High Protein, Low Carb, Keto, Gluten Free, Original Flavor, 8 Ounce</p><p>$6.09 ($0.76 / Count)</p><a href="https://www.amazon.com/dp/B006GXQHKW?tag=eloabder-20&linkCode=osi&th=1&psc=1">View Product</a></div><div class="product"><a href="https://www.amazon.com/dp/B07PNM9SNJ?tag=eloabder-20&linkCode=osi&th=1&psc=1"><img src="https://m.media-amazon.com/images/I/51XUGii8qrL._SL500_.jpg" alt="Product Image"></a><p>Meat Shredz - Premium Dried Pulled Pork (Variety, 6 Pack) | Gluten Free | High Protein & Low Sugar | Bacon Bits | Dehydrated Backpacking & Camping Food | Shredded, Dried Jerky Chew Snack</p><p>$42.95 ($52.06 / lb)</p><a href="https://www.amazon.com/dp/B07PNM9SNJ?tag=eloabder-20&linkCode=osi&th=1&psc=1">View Product</a></div><div class="product"><a href="https://www.amazon.com/dp/B0CVQWPGC5?tag=eloabder-20&linkCode=osi&th=1&psc=1"><img src="https://m.media-amazon.com/images/I/41M9k0m4dOL._SL500_.jpg" alt="Product Image"></a><p>Olympic Delights Premium Meats and Cheese Gift Box by Dan the Sausageman featuring Summer Sausage, Stuffed Olives, Crackers and Mustard</p><p>$68.95</p><a href="https://www.amazon.com/dp/B0CVQWPGC5?tag=eloabder-20&linkCode=osi&th=1&psc=1">View Product</a></div><div class="product"><a href="https://www.amazon.com/dp/B000FIUQAQ?tag=eloabder-20&linkCode=osi&th=1&psc=1"><img src="https://m.media-amazon.com/images/I/51-jFNA-ZgL._SL500_.jpg" alt="Product Image"></a><p>Hormel Premium No Salt Added Canned Chunk Chicken Breast in Water, 5 Ounce (Pack of 12)</p><p>$25.44 ($0.42 / Ounce)</p><a href="https://www.amazon.com/dp/B000FIUQAQ?tag=eloabder-20&linkCode=osi&th=1&psc=1">View Product</a></div><div class="product"><a href="https://www.amazon.com/dp/B07Y936YWY?tag=eloabder-20&linkCode=osi&th=1&psc=1"><img src="https://m.media-amazon.com/images/I/51cpUvuRIzL._SL500_.jpg" alt="Product Image"></a><p>Jack Link's Beef Jerky, Sweet & Hot, ½ Pounder Bag - Flavorful Meat Snack, 9g of Protein and 80 Calories, Made with Premium Beef - 96 Percent Fat Free, No Added MSG or Nitrates/Nitrites</p><p>$9.99 ($1.25 / Ounce)</p><a href="https://www.amazon.com/dp/B07Y936YWY?tag=eloabder-20&linkCode=osi&th=1&psc=1">View Product</a></div><div class="product"><a href="https://www.amazon.com/dp/B000FK7G20?tag=eloabder-20&linkCode=osi&th=1&psc=1"><img src="https://m.media-amazon.com/images/I/414A4Q9AvAL._SL500_.jpg" alt="Product Image"></a><p>Swanson White and Dark Premium Chunk Canned Chicken Breast in Water, Fully Cooked Chicken, 9.75 OZ Can (Case of 12)</p><p>$35.76 ($0.31 / Ounce)</p><a href="https://www.amazon.com/dp/B000FK7G20?tag=eloabder-20&linkCode=osi&th=1&psc=1">View Product</a></div>
<div class="product"><a href="https://www.amazon.com/dp/B072126PMY?tag=eloabder-20&linkCode=osi&th=1&psc=1"><img src="https://m.media-amazon.com/images/I/51nw4J9x8YL._SL500_.jpg" alt="Product Image"></a><p>Simple Mills Almond Flour Baking Mix, Artisan Bread Mix - Gluten Free, Plant Based, Paleo Friendly, 10.4 Ounce (Pack of 3)</p><p>$23.97 ($0.77 / Ounce)</p><a href="https://www.amazon.com/dp/B072126PMY?tag=eloabder-20&linkCode=osi&th=1&psc=1">View Product</a></div><div class="product"><a href="https://www.amazon.com/dp/B081VPXGJS?tag=eloabder-20&linkCode=osi&th=1&psc=1"><img src="https://m.media-amazon.com/images/I/51j0-+rAaZL._SL500_.jpg" alt="Product Image"></a><p>Essential Baking Company Organic Artisan Sourdough Bread, 18.2 Ounce (Pack of 3)</p><p>$28.65 ($0.52 / Ounce)</p><a href="https://www.amazon.com/dp/B081VPXGJS?tag=eloabder-20&linkCode=osi&th=1&psc=1">View Product</a></div><div class="product"><a href="https://www.amazon.com/dp/B08HSPX7LM?tag=eloabder-20&linkCode=osi&th=1&psc=1"><img src="https://m.media-amazon.com/images/I/41RUhxZCnNL._SL500_.jpg" alt="Product Image"></a><p>Giusto's Vita-Grain All-Natural Artisan Malted Unbleached Bread Flour, 5lb Bag</p><p>$10.95 ($0.14 / Ounce)</p><a href="https://www.amazon.com/dp/B08HSPX7LM?tag=eloabder-20&linkCode=osi&th=1&psc=1">View Product</a></div>
<div class="product"><a href="https://www.amazon.com/dp/B001DDD4DS?tag=eloabder-20&linkCode=osi&th=1&psc=1"><img src="https://m.media-amazon.com/images/I/51osI10x5HL._SL500_.jpg" alt="Product Image"></a><p>Mantova Flavored Extra Virgin Olive Oil Variety Pack: Garlic, Basil, Chili, Lemon Organic Extra Virgin Olive Oil, 8.5-Ounce Per Bottle (Pack of 4) Great Gift Item</p><p>$36.99 ($1.09 / Fl Oz)</p><a href="https://www.amazon.com/dp/B001DDD4DS?tag=eloabder-20&linkCode=osi&th=1&psc=1">View Product</a></div><div class="product"><a href="https://www.amazon.com/dp/B001DDD4E2?tag=eloabder-20&linkCode=osi&th=1&psc=1"><img src="https://m.media-amazon.com/images/I/51cFWLj1kiL._SL500_.jpg" alt="Product Image"></a><p>Mantova Grand’Aroma Flavored Extra Virgin Olive Oils, Variety Gift Set, made in Italy, cold-pressed, 100% natural, heart-healthy, for grilling, barbequing, smoking, and cooking, 8.5 oz (Pack of 4)</p><p>$39.99 ($1.18 / Fl Oz)</p><a href="https://www.amazon.com/dp/B001DDD4E2?tag=eloabder-20&linkCode=osi&th=1&psc=1">View Product</a></div><div class="product"><a href="https://www.amazon.com/dp/B087S41Y1W?tag=eloabder-20&linkCode=osi&th=1&psc=1"><img src="https://m.media-amazon.com/images/I/518tVUgnUkL._SL500_.jpg" alt="Product Image"></a><p>Benissimo Herb Infused Cooking Oil Chef Pack, All Natural Italiano, Roasted Garlic, Mediterranean Garlic, Balsamic Garlic</p><p>$26.99 ($0.79 / Fl Oz)</p><a href="https://www.amazon.com/dp/B087S41Y1W?tag=eloabder-20&linkCode=osi&th=1&psc=1">View Product</a></div><div class="product"><a href="https://www.amazon.com/dp/B08CY8R7TF?tag=eloabder-20&linkCode=osi&th=1&psc=1"><img src="https://m.media-amazon.com/images/I/61pbDfsr-8L._SL500_.jpg" alt="Product Image"></a><p>Infused Extra Virgin Olive Oil Gift Box Set, First Cold Pressed, Variety Pack, 4 bottles x 8.5 fl.oz (250ml), Naturally Infused for Dipping & Tasting, (Gift Box Included), Chili, Garlic, Basil, Rosemary, BASSO1904</p><p>$35.99 ($1.06 / Fl Oz)</p><a href="https://www.amazon.com/dp/B08CY8R7TF?tag=eloabder-20&linkCode=osi&th=1&psc=1">View Product</a></div><div class="product"><a href="https://www.amazon.com/dp/B009HRQ47U?tag=eloabder-20&linkCode=osi&th=1&psc=1"><img src="https://m.media-amazon.com/images/I/41PaTko-dvL._SL500_.jpg" alt="Product Image"></a><p>TruffleHunter - English, Black & White Truffle Oil Set - 3.38 Oz x 3</p><p>$29.70 ($0.10 / Fl Oz)</p><a href="https://www.amazon.com/dp/B009HRQ47U?tag=eloabder-20&linkCode=osi&th=1&psc=1">View Product</a></div><div class="product"><a href="https://www.amazon.com/dp/B07ZZLZBF8?tag=eloabder-20&linkCode=osi&th=1&psc=1"><img src="https://m.media-amazon.com/images/I/51fpIYH949L._SL500_.jpg" alt="Product Image"></a><p>Viva Oliva Six 60ml (2oz) Variety Gift Set - Premium Flavored Extra Virgin Olive Oils (Tuscan Herb, Basil, Mushroom & Sage) and All Natural Balsamic Vinegars (18 Year Traditional, Grapefruit, Black Mission Fig)</p><p>$43.95 ($3.61 / Fl Oz)</p><a href="https://www.amazon.com/dp/B07ZZLZBF8?tag=eloabder-20&linkCode=osi&th=1&psc=1">View Product</a></div><div class="product"><a href="https://www.amazon.com/dp/B0B2LS1J8F?tag=eloabder-20&linkCode=osi&th=1&psc=1"><img src="https://m.media-amazon.com/images/I/41q4RRhEqPL._SL500_.jpg" alt="Product Image"></a><p>Infused Olive Oil Gift Sets - Organic Puglia Olive Oil Sampler Gift Set. Ideal for Italian Gifts and Edible Gift Baskets. Gourmet Olive Oil Gift Box of 5 x 3.45 Fl.Oz.</p><p>$53.80 ($3.16 / Fl Oz)</p><a href="https://www.amazon.com/dp/B0B2LS1J8F?tag=eloabder-20&linkCode=osi&th=1&psc=1">View Product</a></div><div class="product"><a href="https://www.amazon.com/dp/B08P967SSX?tag=eloabder-20&linkCode=osi&th=1&psc=1"><img src="https://m.media-amazon.com/images/I/51HyprLyr5L._SL500_.jpg" alt="Product Image"></a><p>Viva Oliva Four 60ml (2oz) Variety Gift Set - Premium Flavored Extra Virgin Olive Oils (Tuscan Herb & Basil) and All Natural Balsamic Vinegars (18 Year Traditional & Black Mission Fig)</p><p>$33.95 ($4.18 / Fl Oz)</p><a href="https://www.amazon.com/dp/B08P967SSX?tag=eloabder-20&linkCode=osi&th=1&psc=1">View Product</a></div><div class="product"><a href="https://www.amazon.com/dp/B0078DPMQY?tag=eloabder-20&linkCode=osi&th=1&psc=1"><img src="https://m.media-amazon.com/images/I/31qLwvo1tML._SL500_.jpg" alt="Product Image"></a><p>Benissimo Oil Roasted Garlic, 8.1 Ounces</p><p>$11.99 ($1.48 / Ounce)</p><a href="https://www.amazon.com/dp/B0078DPMQY?tag=eloabder-20&linkCode=osi&th=1&psc=1">View Product</a></div>
<div class="product"><a href="https://www.amazon.com/dp/B07MGKCV5Y?tag=eloabder-20&linkCode=osi&th=1&psc=1"><img src="https://m.media-amazon.com/images/I/31tE+o2DanL._SL500_.jpg" alt="Product Image"></a><p>Iberia All Natural Distilled White Vinegar, 1 Gallon - 5% Acidity</p><p>$12.99 ($0.10 / Fl Oz)</p><a href="https://www.amazon.com/dp/B07MGKCV5Y?tag=eloabder-20&linkCode=osi&th=1&psc=1">View Product</a></div><div class="product"><a href="https://www.amazon.com/dp/B07985NMQD?tag=eloabder-20&linkCode=osi&th=1&psc=1"><img src="https://m.media-amazon.com/images/I/41ElEDybjlL._SL500_.jpg" alt="Product Image"></a><p>Lucy's Family Owned - Natural Distilled White Vinegar, 1 Gallon (128 oz) - 5% Acidity (White Vinegar, 1 Gallon (128 fl oz.))</p><p>$17.99 ($0.14 / Fl Oz)</p><a href="https://www.amazon.com/dp/B07985NMQD?tag=eloabder-20&linkCode=osi&th=1&psc=1">View Product</a></div><div class="product"><a href="https://www.amazon.com/dp/B07F7MXPWD?tag=eloabder-20&linkCode=osi&th=1&psc=1"><img src="https://m.media-amazon.com/images/I/51GKn4NVqTL._SL500_.jpg" alt="Product Image"></a><p>Soeos Chinkiang Vinegar 16.9 fl oz (500ml), 3 Years Aged, Naturally Fermented, Mature Aged Black Vinegar, Chinese Black Vinegar, Zhenjiang Vinegar, Black Rice Vinegar, Black Vinegar Chinese.</p><p>$13.99 ($0.83 / Fl Oz)</p><a href="https://www.amazon.com/dp/B07F7MXPWD?tag=eloabder-20&linkCode=osi&th=1&psc=1">View Product</a></div><div class="product"><a href="https://www.amazon.com/dp/B001I7MVG0?tag=eloabder-20&linkCode=osi&th=1&psc=1"><img src="https://m.media-amazon.com/images/I/41HHUOECW2L._SL500_.jpg" alt="Product Image"></a><p>Bragg Organic Raw Apple Cider Vinegar, 32 Ounce - 1 Pack</p><p>$5.99 ($0.19 / Fl Oz)</p><a href="https://www.amazon.com/dp/B001I7MVG0?tag=eloabder-20&linkCode=osi&th=1&psc=1">View Product</a></div><div class="product"><a href="https://www.amazon.com/dp/B07W9HX3MV?tag=eloabder-20&linkCode=osi&th=1&psc=1"><img src="https://m.media-amazon.com/images/I/413FdgpxYrL._SL500_.jpg" alt="Product Image"></a><p>Calyptus 45% Pure Super Concentrated Vinegar | Dilutes to 9 Gallons | 9x Power Concentrate Vinegar | 1 Gallon</p><p>$26.99 ($0.21 / Fl Oz)</p><a href="https://www.amazon.com/dp/B07W9HX3MV?tag=eloabder-20&linkCode=osi&th=1&psc=1">View Product</a></div><div class="product"><a href="https://www.amazon.com/dp/B0052BFNLS?tag=eloabder-20&linkCode=osi&th=1&psc=1"><img src="https://m.media-amazon.com/images/I/31Tfk-0-ybL._SL500_.jpg" alt="Product Image"></a><p>Pompeian Gourmet Red Wine Vinegar, Perfect for Salad Dressings, Marinades & Sauces, Naturally Gluten Free, 30 Ounce</p><p>$4.91 ($0.16 / Fl Oz)</p><a href="https://www.amazon.com/dp/B0052BFNLS?tag=eloabder-20&linkCode=osi&th=1&psc=1">View Product</a></div><div class="product"><a href="https://www.amazon.com/dp/B00AAL6W2Y?tag=eloabder-20&linkCode=osi&th=1&psc=1"><img src="https://m.media-amazon.com/images/I/51dfgVE7orL._SL500_.jpg" alt="Product Image"></a><p>Mantova Organic Flavored Balsamic Vinegar of Modena 4-Variety Pack: Fig, Pear, Pomegranate, & Raspberry; Perfect for Gift Basket, Add to Pasta, Salad, Ice Cream and Cocktails, 8.5 oz per bottle</p><p>$27.99 ($0.82 / Fl Oz)</p><a href="https://www.amazon.com/dp/B00AAL6W2Y?tag=eloabder-20&linkCode=osi&th=1&psc=1">View Product</a></div><div class="product"><a href="https://www.amazon.com/dp/B0BGYTGT7X?tag=eloabder-20&linkCode=osi&th=1&psc=1"><img src="https://m.media-amazon.com/images/I/41huHEExA1L._SL500_.jpg" alt="Product Image"></a><p>Bragg Organic Apple Cider Vinegar With the Mother– Raw, Unfiltered All Natural Ingredients (64 Fl Oz (Pack of 1))</p><p>$13.68 ($0.21 / Fl Oz)</p><a href="https://www.amazon.com/dp/B0BGYTGT7X?tag=eloabder-20&linkCode=osi&th=1&psc=1">View Product</a></div><div class="product"><a href="https://www.amazon.com/dp/B08TZY2TZ8?tag=eloabder-20&linkCode=osi&th=1&psc=1"><img src="https://m.media-amazon.com/images/I/41YwKPQA9rL._SL500_.jpg" alt="Product Image"></a><p>Due Vittorie Oro Gold Balsamic Vinegar of Modena. Highest score from The Consortium of Modena With Cork Pourer - 8.45fl oz / 250ml</p><p>$17.00 ($2.01 / Fl Oz)</p><a href="https://www.amazon.com/dp/B08TZY2TZ8?tag=eloabder-20&linkCode=osi&th=1&psc=1">View Product</a></div>
<div class="product"><a href="https://www.amazon.com/dp/B07HMJWCNL?tag=eloabder-20&linkCode=osi&th=1&psc=1"><img src="https://m.media-amazon.com/images/I/51ayBrtgPUL._SL500_.jpg" alt="Product Image"></a><p>TRUFF Original Black Truffle Hot Sauce, Gourmet Hot Sauce with Ripe Chili Peppers, Black Truffle Oil, Agave Nectar, Unique Flavor Experience in a Bottle, 6 oz.</p><p>$14.99</p><a href="https://www.amazon.com/dp/B07HMJWCNL?tag=eloabder-20&linkCode=osi&th=1&psc=1">View Product</a></div><div class="product"><a href="https://www.amazon.com/dp/B083QT1TPX?tag=eloabder-20&linkCode=osi&th=1&psc=1"><img src="https://m.media-amazon.com/images/I/41mYuAlAFNL._SL500_.jpg" alt="Product Image"></a><p>TRUFF Hot Sauce Variety Pack, Gourmet Hot Sauce Set of Original, Hotter and Limited White Edition, Unique Flavor Experiences with Truffle, 3-Bottle Bundle, 3ct 6oz bottles</p><p>$67.99 ($3.78 / Ounce)</p><a href="https://www.amazon.com/dp/B083QT1TPX?tag=eloabder-20&linkCode=osi&th=1&psc=1">View Product</a></div><div class="product"><a href="https://www.amazon.com/dp/B0BV19S7TR?tag=eloabder-20&linkCode=osi&th=1&psc=1"><img src="https://m.media-amazon.com/images/I/51iGXyqK-pL._SL500_.jpg" alt="Product Image"></a><p>Le Sauce & Co., White Wine Lemon Garlic Gourmet Finishing Sauce (2-pack), Steakhouse Quality Gourmet Sauce, Lemon Sauce, Garlic Sauce, White Wine Sauce, Steak Sauce, Chicken sauce, Lemon Sauce, Cream Sauce,</p><p>$13.94 ($1.55 / Ounce)</p><a href="https://www.amazon.com/dp/B0BV19S7TR?tag=eloabder-20&linkCode=osi&th=1&psc=1">View Product</a></div><div class="product"><a href="https://www.amazon.com/dp/B078JBZBW5?tag=eloabder-20&linkCode=osi&th=1&psc=1"><img src="https://m.media-amazon.com/images/I/51J1qgzr8uL._SL500_.jpg" alt="Product Image"></a><p>Melinda’s Hot Sauce Variety Pack - Extra Spicy Gourmet Hot Sauce Gift Set with Variety of Heat Levels - Includes XXXXtra Reserve, Garlic Habanero, Extra Hot, Mango, Ghost Pepper- 5 oz, 5 Pack</p><p>$21.99 ($0.88 / Fl Oz)</p><a href="https://www.amazon.com/dp/B078JBZBW5?tag=eloabder-20&linkCode=osi&th=1&psc=1">View Product</a></div><div class="product"><a href="https://www.amazon.com/dp/B0BL864XMH?tag=eloabder-20&linkCode=osi&th=1&psc=1"><img src="https://m.media-amazon.com/images/I/51+63Ag8ApL._SL500_.jpg" alt="Product Image"></a><p>Dave's Gourmet Creamy Hot Sauce Variety 4-Pack - Moderate Heat for Flavoring Your Favorite Food</p><p>$30.99 ($0.97 / Ounce)</p><a href="https://www.amazon.com/dp/B0BL864XMH?tag=eloabder-20&linkCode=osi&th=1&psc=1">View Product</a></div>
<div class="product"><a href="https://www.amazon.com/dp/B07WT6GP2F?tag=eloabder-20&linkCode=osi&th=1&psc=1"><img src="https://m.media-amazon.com/images/I/41mEgBeglEL._SL500_.jpg" alt="Product Image"></a><p>Lindt Mini Pralines, Assorted Chocolate Pralines with Premium Filling, Great for gift giving, 6.2 oz Box</p><p>$16.49 ($2.66 / Ounce)</p><a href="https://www.amazon.com/dp/B07WT6GP2F?tag=eloabder-20&linkCode=osi&th=1&psc=1">View Product</a></div><div class="product"><a href="https://www.amazon.com/dp/B01BDI89SW?tag=eloabder-20&linkCode=osi&th=1&psc=1"><img src="https://m.media-amazon.com/images/I/61w5wYyxzKL._SL500_.jpg" alt="Product Image"></a><p>Ferrero Collection, 24 Count, Premium Gourmet Assorted Hazelnut Milk Chocolate, Dark Chocolate and Coconut, 9.1 oz</p><p>$11.97 ($1.32 / Ounce)</p><a href="https://www.amazon.com/dp/B01BDI89SW?tag=eloabder-20&linkCode=osi&th=1&psc=1">View Product</a></div><div class="product"><a href="https://www.amazon.com/dp/B0BHTWFQ5X?tag=eloabder-20&linkCode=osi&th=1&psc=1"><img src="https://m.media-amazon.com/images/I/41K-mIm1WNL._SL500_.jpg" alt="Product Image"></a><p>Lindt LINDOR Assorted Chocolate Truffles 90 Count Gift Box, Chocolate Candy with Smooth, Melting Truffle Center, 38.4 oz. Box</p><p>$33.95 ($0.88 / Ounce)</p><a href="https://www.amazon.com/dp/B0BHTWFQ5X?tag=eloabder-20&linkCode=osi&th=1&psc=1">View Product</a></div><div class="product"><a href="https://www.amazon.com/dp/B00UXI3PLU?tag=eloabder-20&linkCode=osi&th=1&psc=1"><img src="https://m.media-amazon.com/images/I/41Jw-Ek4+CL._SL500_.jpg" alt="Product Image"></a><p>Lindt LINDOR Milk Chocolate Candy Truffles, Milk Chocolate with Melting Truffle Center, 15.2 oz. Bag</p><p>$12.18 ($0.80 / Ounce)</p><a href="https://www.amazon.com/dp/B00UXI3PLU?tag=eloabder-20&linkCode=osi&th=1&psc=1">View Product</a></div>
<div class="product"><a href="https://www.amazon.com/dp/B000SDKDM4?tag=eloabder-20&linkCode=osi&th=1&psc=1"><img src="https://m.media-amazon.com/images/I/41L+oJp7MmL._SL500_.jpg" alt="Product Image"></a><p>Lavazza Super Crema Whole Bean Coffee Blend, light-Medium Espresso Roast, 2.2 Pound (Pack of 1) ,Premium Quality, Aromatic, Mild and creamy</p><p>$18.49 ($0.53 / Ounce)</p><a href="https://www.amazon.com/dp/B000SDKDM4?tag=eloabder-20&linkCode=osi&th=1&psc=1">View Product</a></div><div class="product"><a href="https://www.amazon.com/dp/B0721BGRS9?tag=eloabder-20&linkCode=osi&th=1&psc=1"><img src="https://m.media-amazon.com/images/I/41tHHVMfguL._SL500_.jpg" alt="Product Image"></a><p>Amazon Fresh, Dark Roast, Whole Bean Coffee, 32 Oz</p><p>$19.18 ($0.60 / Ounce)</p><a href="https://www.amazon.com/dp/B0721BGRS9?tag=eloabder-20&linkCode=osi&th=1&psc=1">View Product</a></div><div class="product"><a href="https://www.amazon.com/dp/B003GV7JFE?tag=eloabder-20&linkCode=osi&th=1&psc=1"><img src="https://m.media-amazon.com/images/I/41IKY6hLa9L._SL500_.jpg" alt="Product Image"></a><p>Eight O'Clock Coffee Whole Bean, The Original, 42 Ounce</p><p>$13.98</p><a href="https://www.amazon.com/dp/B003GV7JFE?tag=eloabder-20&linkCode=osi&th=1&psc=1">View Product</a></div><div class="product"><a href="https://www.amazon.com/dp/B07171HMF5?tag=eloabder-20&linkCode=osi&th=1&psc=1"><img src="https://m.media-amazon.com/images/I/41EBDHFVYVL._SL500_.jpg" alt="Product Image"></a><p>Mt. Comfort Coffee Organic Peru Medium Roast, 2.5 Pounds - Flavor Notes of Nutty, Chocolate, & Citrus - Sourced From Small, Peruvian Coffee Farms - Roasted Whole Beans</p><p>$23.19 ($0.58 / Ounce)</p><a href="https://www.amazon.com/dp/B07171HMF5?tag=eloabder-20&linkCode=osi&th=1&psc=1">View Product</a></div><div class="product"><a href="https://www.amazon.com/dp/B006Y7WAHE?tag=eloabder-20&linkCode=osi&th=1&psc=1"><img src="https://m.media-amazon.com/images/I/31VxnI1AuQL._SL500_.jpg" alt="Product Image"></a><p>Cameron's Coffee Roasted Whole Bean Coffee, Breakfast Blend, 32 Ounce, (Pack of 1)</p><p>$10.98 ($0.34 / Ounce)</p><a href="https://www.amazon.com/dp/B006Y7WAHE?tag=eloabder-20&linkCode=osi&th=1&psc=1">View Product</a></div><div class="product"><a href="https://www.amazon.com/dp/B0002E2GQU?tag=eloabder-20&linkCode=osi&th=1&psc=1"><img src="https://m.media-amazon.com/images/I/41f+StbrprL._SL500_.jpg" alt="Product Image"></a><p>Lavazza Crema E Aroma Whole Bean Coffee Blend, 2.2-Pound Bag , Balanced medium roast with an intense, earthy flavor and long lasting crema, Non-GMO</p><p>$17.99 ($0.51 / Ounce)</p><a href="https://www.amazon.com/dp/B0002E2GQU?tag=eloabder-20&linkCode=osi&th=1&psc=1">View Product</a></div><div class="product"><a href="https://www.amazon.com/dp/B005OJ4X32?tag=eloabder-20&linkCode=osi&th=1&psc=1"><img src="https://m.media-amazon.com/images/I/31GzxEGJ-1L._SL500_.jpg" alt="Product Image"></a><p>Lavazza Espresso Barista Gran Crema Whole Bean Coffee Blend, Medium Espresso Roast, Oz Bag (Packaging May Vary) - 2.2 LB, 35.2 Ounce</p><p>$17.99 ($0.51 / Ounce)</p><a href="https://www.amazon.com/dp/B005OJ4X32?tag=eloabder-20&linkCode=osi&th=1&psc=1">View Product</a></div><div class="product"><a href="https://www.amazon.com/dp/B003YVRX5W?tag=eloabder-20&linkCode=osi&th=1&psc=1"><img src="https://m.media-amazon.com/images/I/41Ioxmr1WhL._SL500_.jpg" alt="Product Image"></a><p>Tim Hortons Whole Bean Original, Medium Roast Coffee, Made with 100% Arabica Beans, 32 Ounce Bag</p><p>$15.68 ($0.49 / Ounce)</p><a href="https://www.amazon.com/dp/B003YVRX5W?tag=eloabder-20&linkCode=osi&th=1&psc=1">View Product</a></div><div class="product"><a href="https://www.amazon.com/dp/B016RY0LWO?tag=eloabder-20&linkCode=osi&th=1&psc=1"><img src="https://m.media-amazon.com/images/I/41I6lHKpWrL._SL500_.jpg" alt="Product Image"></a><p>Lavazza Espresso Italiano Whole Bean Coffee Blend, Medium Roast,Premium Quality Arabic, 2.2 Pound (Pack of 1) (Packaging may vary)</p><p>$14.98 ($0.43 / Ounce)</p><a href="https://www.amazon.com/dp/B016RY0LWO?tag=eloabder-20&linkCode=osi&th=1&psc=1">View Product</a></div>
<div class="product"><a href="https://www.amazon.com/dp/B09ZMVM3XJ?tag=eloabder-20&linkCode=osi&th=1&psc=1"><img src="https://m.media-amazon.com/images/I/51IRO3xhEKL._SL500_.jpg" alt="Product Image"></a><p>Gardenika Organic Loose Leaf Tea Sampler – 8 Pack, 1 LB – Herbal and Naturally Caffeine-Free Set - Ayurvedic Assortment Blend</p><p>$29.95 ($29.95 / Count)</p><a href="https://www.amazon.com/dp/B09ZMVM3XJ?tag=eloabder-20&linkCode=osi&th=1&psc=1">View Product</a></div><div class="product"><a href="https://www.amazon.com/dp/B0CVTGJHK9?tag=eloabder-20&linkCode=osi&th=1&psc=1"><img src="https://m.media-amazon.com/images/I/51J-jqFqytL._SL500_.jpg" alt="Product Image"></a><p>Lyon DIY Tea Blending Set-16 Tin Variety Pack-Premium Herbal Tea & Exotic Floral/Fruit Flavor Infusers - Create 75+ Cups w/Assorted Teas, Oolong, Chamomile, Rose, Peach & More</p><p>$44.95 ($6.25 / Ounce)</p><a href="https://www.amazon.com/dp/B0CVTGJHK9?tag=eloabder-20&linkCode=osi&th=1&psc=1">View Product</a></div><div class="product"><a href="https://www.amazon.com/dp/B01AJBV0US?tag=eloabder-20&linkCode=osi&th=1&psc=1"><img src="https://m.media-amazon.com/images/I/516u5DAm7GL._SL500_.jpg" alt="Product Image"></a><p>Tiesta Tea - Lavender Chamomile | Soft Chamomile Herbal Tea | Premium Loose Leaf Tea Blend | Non Caffeinated Herbal Tea | Make Hot or Iced Tea & Brews Up to 25 Cups - 0.9 Ounce Resealable Pouch</p><p>$4.99 ($5.54 / Ounce)</p><a href="https://www.amazon.com/dp/B01AJBV0US?tag=eloabder-20&linkCode=osi&th=1&psc=1">View Product</a></div><div class="product"><a href="https://www.amazon.com/dp/B08VF85JJF?tag=eloabder-20&linkCode=osi&th=1&psc=1"><img src="https://m.media-amazon.com/images/I/517Ac4bB6FL._SL500_.jpg" alt="Product Image"></a><p>Tiesta Tea Top 8 Favorites Sampler Set, Up to 80 Cups, High to No Caffeine, Hot & Iced Tea, Loose Leaf Tea Variety Pack with Green, Herbal, Black & Chai Tea, 8 Sample Pouches</p><p>$22.95 ($3.59 / Ounce)</p><a href="https://www.amazon.com/dp/B08VF85JJF?tag=eloabder-20&linkCode=osi&th=1&psc=1">View Product</a></div><div class="product"><a href="https://www.amazon.com/dp/B08MWDTNTZ?tag=eloabder-20&linkCode=osi&th=1&psc=1"><img src="https://m.media-amazon.com/images/I/51M1TNYBU7L._SL500_.jpg" alt="Product Image"></a><p>Tetley British Blend Premium Black Tea, 320 Tea Bags, Rainforest Alliance Certified, 320 Count (Pack of 1)</p><p>$15.92 ($0.05 / Count)</p><a href="https://www.amazon.com/dp/B08MWDTNTZ?tag=eloabder-20&linkCode=osi&th=1&psc=1">View Product</a></div><div class="product"><a href="https://www.amazon.com/dp/B086R8PDZV?tag=eloabder-20&linkCode=osi&th=1&psc=1"><img src="https://m.media-amazon.com/images/I/41nHau5YdVL._SL500_.jpg" alt="Product Image"></a><p>Buddha Teas - Organic Mushroom Wellness Blend - Herbal Tea - For Health & Wellbeing - With Antioxidants & Minerals - Clean Ingredients - Caffeine Free - OU Kosher & Non-GMO - 18 Tea Bags (Pack of 1).</p><p>$8.25 ($0.46 / Count)</p><a href="https://www.amazon.com/dp/B086R8PDZV?tag=eloabder-20&linkCode=osi&th=1&psc=1">View Product</a></div><div class="product"><a href="https://www.amazon.com/dp/B07CGW59KH?tag=eloabder-20&linkCode=osi&th=1&psc=1"><img src="https://m.media-amazon.com/images/I/611h06lvlUL._SL500_.jpg" alt="Product Image"></a><p>Loose Leaf Tea Sampler Create Your Own Tea Blend Starter Kit w/Sencha, Rooibos, China Black, & Ginger, Lavender, Rose, Lemongrass, Hibiscus Spices</p><p>$29.99</p><a href="https://www.amazon.com/dp/B07CGW59KH?tag=eloabder-20&linkCode=osi&th=1&psc=1">View Product</a></div><div class="product"><a href="https://www.amazon.com/dp/B0CT8JGNB8?tag=eloabder-20&linkCode=osi&th=1&psc=1"><img src="https://m.media-amazon.com/images/I/411PWQNU6BL._SL500_.jpg" alt="Product Image"></a><p>120 Premium Turmeric, Ginger, Cinnamon Blend Tea Bags, 100% Natural & No Additives & Caffeine Free.</p><p>$14.95 ($0.12 / Count)</p><a href="https://www.amazon.com/dp/B0CT8JGNB8?tag=eloabder-20&linkCode=osi&th=1&psc=1">View Product</a></div><div class="product"><a href="https://www.amazon.com/dp/B00OS96DVY?tag=eloabder-20&linkCode=osi&th=1&psc=1"><img src="https://m.media-amazon.com/images/I/51-sK6ajnML._SL500_.jpg" alt="Product Image"></a><p>Harney & Sons Tower of London Black Tea with Vanilla, Black Currant, Caramel, and Honey | 30 sachets, Historic Royal Palaces Collection</p><p>$10.33 ($3.90 / Ounce)</p><a href="https://www.amazon.com/dp/B00OS96DVY?tag=eloabder-20&linkCode=osi&th=1&psc=1">View Product</a></div><div class="product"><a href="https://www.amazon.com/dp/B0BHYBHVJ6?tag=eloabder-20&linkCode=osi&th=1&psc=1"><img src="https://m.media-amazon.com/images/I/51F9trJcmdL._SL500_.jpg" alt="Product Image"></a><p>Organic Sleep Blend Herbal Tea - 50 Packets - Natural Chamomile, Peppermint, Fennel And Tulsi Teabags - USDA Certified 100% Non-GMO - Decaffeinated Designer Gift Tin</p><p>$8.69 ($0.17 / Count)</p><a href="https://www.amazon.com/dp/B0BHYBHVJ6?tag=eloabder-20&linkCode=osi&th=1&psc=1">View Product</a></div>
<div class="product"><a href="https://www.amazon.com/dp/B0BVXD8CX3?tag=eloabder-20&linkCode=osi&th=1&psc=1"><img src="https://m.media-amazon.com/images/I/51hkEiL7c8L._SL500_.jpg" alt="Product Image"></a><p>Simply Organic Herbs, Spices and Seasonings Assorted Variety Sampler Gift Set - By Veher (24-Pack)</p><p>$142.95 ($5.96 / Ounce)</p><a href="https://www.amazon.com/dp/B0BVXD8CX3?tag=eloabder-20&linkCode=osi&th=1&psc=1">View Product</a></div><div class="product"><a href="https://www.amazon.com/dp/B094WXH3KP?tag=eloabder-20&linkCode=osi&th=1&psc=1"><img src="https://m.media-amazon.com/images/I/51mqUk3dM1L._SL500_.jpg" alt="Product Image"></a><p>eonou Encore Seasonings and Spices 10 pk - Premium Cooking Spices and Herbs (Oregano, Rosemary, Basil, Parsley, Italian Seasoning, Cumin, Steak Spice, Chopped Onion, Onion Powder, Thyme)</p><p>$19.99 ($2.00 / Count)</p><a href="https://www.amazon.com/dp/B094WXH3KP?tag=eloabder-20&linkCode=osi&th=1&psc=1">View Product</a></div><div class="product"><a href="https://www.amazon.com/dp/B072N9BLHS?tag=eloabder-20&linkCode=osi&th=1&psc=1"><img src="https://m.media-amazon.com/images/I/519zkN7EgWL._SL500_.jpg" alt="Product Image"></a><p>The Spice Way Herbes De Provence - | 4oz | fresh herbs and spice seasoning</p><p>$6.99 ($1.75 / Ounce)</p><a href="https://www.amazon.com/dp/B072N9BLHS?tag=eloabder-20&linkCode=osi&th=1&psc=1">View Product</a></div><div class="product"><a href="https://www.amazon.com/dp/B0761Z81ZK?tag=eloabder-20&linkCode=osi&th=1&psc=1"><img src="https://m.media-amazon.com/images/I/51tYgb8ntBL._SL500_.jpg" alt="Product Image"></a><p>McCormick Grill Mates Roasted Garlic & Herb Seasoning, 9.25 oz</p><p>$7.43 ($0.80 / Ounce)</p><a href="https://www.amazon.com/dp/B0761Z81ZK?tag=eloabder-20&linkCode=osi&th=1&psc=1">View Product</a></div><div class="product"><a href="https://www.amazon.com/dp/B00CQ7K9J2?tag=eloabder-20&linkCode=osi&th=1&psc=1"><img src="https://m.media-amazon.com/images/I/317BBm1p-TL._SL500_.jpg" alt="Product Image"></a><p>Bragg Sprinkle Herbs and Spices - Salt Free Seasoning, 1.5oz, Single</p><p>$6.99 ($4.66 / Ounce)</p><a href="https://www.amazon.com/dp/B00CQ7K9J2?tag=eloabder-20&linkCode=osi&th=1&psc=1">View Product</a></div><div class="product"><a href="https://www.amazon.com/dp/B003H2S2KI?tag=eloabder-20&linkCode=osi&th=1&psc=1"><img src="https://m.media-amazon.com/images/I/41mr0wk+3mL._SL500_.jpg" alt="Product Image"></a><p>Badia Herbs De Provence, 8 Ounces</p><p>$6.26 ($0.78 / Ounce)</p><a href="https://www.amazon.com/dp/B003H2S2KI?tag=eloabder-20&linkCode=osi&th=1&psc=1">View Product</a></div><div class="product"><a href="https://www.amazon.com/dp/B0BQ4VRJBL?tag=eloabder-20&linkCode=osi&th=1&psc=1"><img src="https://m.media-amazon.com/images/I/41ZxLNNd8mL._SL500_.jpg" alt="Product Image"></a><p>Weber Roasted Garlic & Herb Seasoning, 5.5 Ounce Shaker</p><p>$2.82 ($0.51 / Ounce)</p><a href="https://www.amazon.com/dp/B0BQ4VRJBL?tag=eloabder-20&linkCode=osi&th=1&psc=1">View Product</a></div><div class="product"><a href="https://www.amazon.com/dp/B08KRC7V7J?tag=eloabder-20&linkCode=osi&th=1&psc=1"><img src="https://m.media-amazon.com/images/I/4170CYnZ9WL._SL500_.jpg" alt="Product Image"></a><p>McCormick Salt Free Garlic and Herb Seasoning, 4.37 oz</p><p>$4.68 ($1.07 / Ounce)</p><a href="https://www.amazon.com/dp/B08KRC7V7J?tag=eloabder-20&linkCode=osi&th=1&psc=1">View Product</a></div><div class="product"><a href="https://www.amazon.com/dp/B00IX4WUTY?tag=eloabder-20&linkCode=osi&th=1&psc=1"><img src="https://m.media-amazon.com/images/I/51TAH1ijkqS._SL500_.jpg" alt="Product Image"></a><p>Bragg Sprinkle Herbs and Spices Seasoning, 1.5oz, 3 Pack</p><p>$20.27 ($13.51 / Ounce)</p><a href="https://www.amazon.com/dp/B00IX4WUTY?tag=eloabder-20&linkCode=osi&th=1&psc=1">View Product</a></div>
<div class="product"><a href="https://www.amazon.com/dp/B0BWSKYV63?tag=eloabder-20&linkCode=osi&th=1&psc=1"><img src="https://m.media-amazon.com/images/I/51Q5Je2yRhL._SL500_.jpg" alt="Product Image"></a><p>Welch's Fruit Snacks, Mixed Fruit, Perfect Easter Basket Stuffers, Gluten Free, Bulk Pack, Individual Single Serve Bags, 0.8 oz (Pack of 40)</p><p>$7.99 ($0.25 / Ounce)</p><a href="https://www.amazon.com/dp/B0BWSKYV63?tag=eloabder-20&linkCode=osi&th=1&psc=1">View Product</a></div><div class="product"><a href="https://www.amazon.com/dp/B08826B2XL?tag=eloabder-20&linkCode=osi&th=1&psc=1"><img src="https://m.media-amazon.com/images/I/61DT5pSYXFL._SL500_.jpg" alt="Product Image"></a><p>Frito Lay Ultimate Classic Snacks Package, Variety Assortment of Chips, Cookies, Crackers, & Nuts, (Pack of 40) (Packaging May Vary)</p><p>$26.91</p><a href="https://www.amazon.com/dp/B08826B2XL?tag=eloabder-20&linkCode=osi&th=1&psc=1">View Product</a></div><div class="product"><a href="https://www.amazon.com/dp/B013OY25GA?tag=eloabder-20&linkCode=osi&th=1&psc=1"><img src="https://m.media-amazon.com/images/I/51FlSjX95aL._SL500_.jpg" alt="Product Image"></a><p>Snack Pack Chocolate and Vanilla Flavored Pudding Cups Family Pack, 12 Count Pudding Cups (6 Pack)</p><p>$3.27 ($0.01 / Ounce)</p><a href="https://www.amazon.com/dp/B013OY25GA?tag=eloabder-20&linkCode=osi&th=1&psc=1">View Product</a></div><div class="product"><a href="https://www.amazon.com/dp/B0BWSLB73Z?tag=eloabder-20&linkCode=osi&th=1&psc=1"><img src="https://m.media-amazon.com/images/I/51RWXG4OG6L._SL500_.jpg" alt="Product Image"></a><p>Welch's Fruit Snacks, Fruit Punch & Island Fruits Variety Pack, Perfect for School Lunches, Gluten Free, Bulk Pack, 0.8 oz Individual Single Serve Bags (Pack of 40)</p><p>$8.49 ($0.21 / Count)</p><a href="https://www.amazon.com/dp/B0BWSLB73Z?tag=eloabder-20&linkCode=osi&th=1&psc=1">View Product</a></div><div class="product"><a href="https://www.amazon.com/dp/B09FFXR2VV?tag=eloabder-20&linkCode=osi&th=1&psc=1"><img src="https://m.media-amazon.com/images/I/51SZiftXwcL._SL500_.jpg" alt="Product Image"></a><p>The Only Bean Crunchy Dry Roasted Edamame Snacks (Sea Salt), Keto Snack Food, High Protein (11g) Healthy Snacks, Low Carb Gluten Free Office Vegan Food 100 Calorie Snack Pack, 0.9oz 10 Pack</p><p>$12.72 ($1.41 / Ounce)</p><a href="https://www.amazon.com/dp/B09FFXR2VV?tag=eloabder-20&linkCode=osi&th=1&psc=1">View Product</a></div><div class="product"><a href="https://www.amazon.com/dp/B072151Q32?tag=eloabder-20&linkCode=osi&th=1&psc=1"><img src="https://m.media-amazon.com/images/I/41Rlgfdz90L._SL500_.jpg" alt="Product Image"></a><p>Dole Fruit Bowls No Sugar Added Variety Pack Snacks, Peaches, Mandarin Oranges & Cherry Mixed Fruit, 4oz 12 Cups, Gluten & Dairy Free, Bulk Lunch Snacks for Kids & Adults</p><p>$6.74 ($0.56 / Count)</p><a href="https://www.amazon.com/dp/B072151Q32?tag=eloabder-20&linkCode=osi&th=1&psc=1">View Product</a></div><div class="product"><a href="https://www.amazon.com/dp/B084RDDFGR?tag=eloabder-20&linkCode=osi&th=1&psc=1"><img src="https://m.media-amazon.com/images/I/41eLMpoHGkL._SL500_.jpg" alt="Product Image"></a><p>Kellogg's Rice Krispies Treats, Crispy Marshmallow Squares, Original, School Lunch Snack, 41.9oz Case (54 Count)</p><p>$13.49 ($0.32 / Ounce)</p><a href="https://www.amazon.com/dp/B084RDDFGR?tag=eloabder-20&linkCode=osi&th=1&psc=1">View Product</a></div><div class="product"><a href="https://www.amazon.com/dp/B00G2XNSWQ?tag=eloabder-20&linkCode=osi&th=1&psc=1"><img src="https://m.media-amazon.com/images/I/411XH1pQP8L._SL500_.jpg" alt="Product Image"></a><p>Nutella & GO! Bulk 12 Pack, Hazelnut and Cocoa Spread with Breadsticks, Snack Cups for Kids, 1.8 oz Each</p><p>$11.99 ($0.56 / Ounce)</p><a href="https://www.amazon.com/dp/B00G2XNSWQ?tag=eloabder-20&linkCode=osi&th=1&psc=1">View Product</a></div><div class="product"><a href="https://www.amazon.com/dp/B00KR7PKTC?tag=eloabder-20&linkCode=osi&th=1&psc=1"><img src="https://m.media-amazon.com/images/I/414UW7g-s5L._SL500_.jpg" alt="Product Image"></a><p>Cheez-It Cheese Crackers, Baked Snack Crackers, Lunch Snacks, Variety Pack, 12.1oz Box (12 Packs)</p><p>$5.82 ($0.48 / Ounce)</p><a href="https://www.amazon.com/dp/B00KR7PKTC?tag=eloabder-20&linkCode=osi&th=1&psc=1">View Product</a></div><div class="product"><a href="https://www.amazon.com/dp/B078D7MGY5?tag=eloabder-20&linkCode=osi&th=1&psc=1"><img src="https://m.media-amazon.com/images/I/41ttxloA1AL._SL500_.jpg" alt="Product Image"></a><p>Pringles Potato Crisps Chips, Lunch Snacks, On-the-Go Snacks, Snack Stacks, Variety Pack, 19.3oz Box (27 Cups)</p><p>$12.99 ($0.67 / Ounce)</p><a href="https://www.amazon.com/dp/B078D7MGY5?tag=eloabder-20&linkCode=osi&th=1&psc=1">View Product</a></div>
<div class="product"><a href="https://www.amazon.com/dp/B0C5YLP6PC?tag=eloabder-20&linkCode=osi&th=1&psc=1"><img src="https://m.media-amazon.com/images/I/41Ru-8CxkhL._SL500_.jpg" alt="Product Image"></a><p>3 Pack, Gluten Free Potato Gnocchi, Cooks in 2-3 minutes, (3 x 1 lb), Italian Gnocchi, Product of Italy, NON GMO, Eggs Free, Vegan, by L'Oro Del Sud</p><p>$17.99 ($1.12 / Ounce)</p><a href="https://www.amazon.com/dp/B0C5YLP6PC?tag=eloabder-20&linkCode=osi&th=1&psc=1">View Product</a></div><div class="product"><a href="https://www.amazon.com/dp/B09Q98H64R?tag=eloabder-20&linkCode=osi&th=1&psc=1"><img src="https://m.media-amazon.com/images/I/5101NV4WQOL._SL500_.jpg" alt="Product Image"></a><p>Kraft Gluten Free Original Mac & Cheese Macaroni and Cheese Dinner, 4 ct Pack, 1.9 oz Cups</p><p>$6.49 ($0.85 / Ounce)</p><a href="https://www.amazon.com/dp/B09Q98H64R?tag=eloabder-20&linkCode=osi&th=1&psc=1">View Product</a></div><div class="product"><a href="https://www.amazon.com/dp/B0BRBWXDTK?tag=eloabder-20&linkCode=osi&th=1&psc=1"><img src="https://m.media-amazon.com/images/I/41Di2iNnMJL._SL500_.jpg" alt="Product Image"></a><p>Katz Gluten Free Oatmeal Crème Pies| Dairy Free, Nut Free, Soy Free, Gluten Free | Kosher (1 Pack 6.3 Ounce)</p><p>$12.99 ($2.16 / Ounce)</p><a href="https://www.amazon.com/dp/B0BRBWXDTK?tag=eloabder-20&linkCode=osi&th=1&psc=1">View Product</a></div><div class="product"><a href="https://www.amazon.com/dp/B01JJ9H1Q8?tag=eloabder-20&linkCode=osi&th=1&psc=1"><img src="https://m.media-amazon.com/images/I/41EC1yykptL._SL500_.jpg" alt="Product Image"></a><p>King Arthur, Measure for Measure Flour, Certified Gluten-Free, Non-GMO Project Verified, Certified Kosher, 3 Pounds, Packaging May Vary</p><p>$8.62 ($0.18 / Ounce)</p><a href="https://www.amazon.com/dp/B01JJ9H1Q8?tag=eloabder-20&linkCode=osi&th=1&psc=1">View Product</a></div><div class="product"><a href="https://www.amazon.com/dp/B07CL1SRNB?tag=eloabder-20&linkCode=osi&th=1&psc=1"><img src="https://m.media-amazon.com/images/I/51jpv3MCzgL._SL500_.jpg" alt="Product Image"></a><p>Snyder's of Hanover, Gluten Free Pretzels, 8 Oz</p><p>$4.89 ($0.61 / Ounce)</p><a href="https://www.amazon.com/dp/B07CL1SRNB?tag=eloabder-20&linkCode=osi&th=1&psc=1">View Product</a></div><div class="product"><a href="https://www.amazon.com/dp/B004TSXNIA?tag=eloabder-20&linkCode=osi&th=1&psc=1"><img src="https://m.media-amazon.com/images/I/5137tUox+SL._SL500_.jpg" alt="Product Image"></a><p>Annie's Gluten Free Cocoa and Vanilla Bunny Cookies, 6.75 oz</p><p>$4.22 ($0.62 / Ounce)</p><a href="https://www.amazon.com/dp/B004TSXNIA?tag=eloabder-20&linkCode=osi&th=1&psc=1">View Product</a></div><div class="product"><a href="https://www.amazon.com/dp/B00GI9B84O?tag=eloabder-20&linkCode=osi&th=1&psc=1"><img src="https://m.media-amazon.com/images/I/41e7kO-b3WS._SL500_.jpg" alt="Product Image"></a><p>Mom's Place Gluten Free Beef Stroganoff Mix</p><p>$5.99 ($5.99 / Count)</p><a href="https://www.amazon.com/dp/B00GI9B84O?tag=eloabder-20&linkCode=osi&th=1&psc=1">View Product</a></div><div class="product"><a href="https://www.amazon.com/dp/B0BXQWVL1Q?tag=eloabder-20&linkCode=osi&th=1&psc=1"><img src="https://m.media-amazon.com/images/I/413idrGl7fL._SL500_.jpg" alt="Product Image"></a><p>Simple Mills Almond Flour Snack Bars (Chocolate Brownie) with Organic Coconut Oil, Chia Seeds, Sunflower Seeds, and Flax Seeds, 6oz, 1 Count</p><p>$4.50 ($0.75 / Ounce)</p><a href="https://www.amazon.com/dp/B0BXQWVL1Q?tag=eloabder-20&linkCode=osi&th=1&psc=1">View Product</a></div><div class="product"><a href="https://www.amazon.com/dp/B09Z9QV2CT?tag=eloabder-20&linkCode=osi&th=1&psc=1"><img src="https://m.media-amazon.com/images/I/41pnXqKjS7L._SL500_.jpg" alt="Product Image"></a><p>Mom's Place Gluten Free Biscuits & Gravy Mix</p><p>$8.99 ($0.67 / Ounce)</p><a href="https://www.amazon.com/dp/B09Z9QV2CT?tag=eloabder-20&linkCode=osi&th=1&psc=1">View Product</a></div>
<div class="product"><a href="https://www.amazon.com/dp/B0BNZF5CCM?tag=eloabder-20&linkCode=osi&th=1&psc=1"><img src="https://m.media-amazon.com/images/I/61ZB1KesX-L._SL500_.jpg" alt="Product Image"></a><p>Midi International Snack Box | Premium Exotic Foreign Snacks | Unique Snack Food Gifts Included | Purple Theme Box | Candies from Around the World | 12 Full-Size + 1 Bonus Snacks</p><p>$14.95 ($14.95 / Count)</p><a href="https://www.amazon.com/dp/B0BNZF5CCM?tag=eloabder-20&linkCode=osi&th=1&psc=1">View Product</a></div><div class="product"><a href="https://www.amazon.com/dp/B08W72N8SM?tag=eloabder-20&linkCode=osi&th=1&psc=1"><img src="https://m.media-amazon.com/images/I/61UC7bprqkL._SL500_.jpg" alt="Product Image"></a><p>Midi International Snack Box | Premium Exotic Foreign Snacks | Unique Snack Food Gifts Included | Fantastic Space Theme | Candies from Around the World | 12 Full-Size + 1 Bonus Snacks</p><p>$14.99 ($1.25 / Count)</p><a href="https://www.amazon.com/dp/B08W72N8SM?tag=eloabder-20&linkCode=osi&th=1&psc=1">View Product</a></div><div class="product"><a href="https://www.amazon.com/dp/B0C6PRVVJY?tag=eloabder-20&linkCode=osi&th=1&psc=1"><img src="https://m.media-amazon.com/images/I/61o8Z3EzSnL._SL500_.jpg" alt="Product Image"></a><p>International Exotic Snack Box Variety Pack, 22 Count Premium Foreign Rare Snack Food Gifts with Suprise Item for Fun, Mystery Box of Snacks, European Snacks for Adults and Kids</p><p>$29.95</p><a href="https://www.amazon.com/dp/B0C6PRVVJY?tag=eloabder-20&linkCode=osi&th=1&psc=1">View Product</a></div><div class="product"><a href="https://www.amazon.com/dp/B09T7B3QFJ?tag=eloabder-20&linkCode=osi&th=1&psc=1"><img src="https://m.media-amazon.com/images/I/61Xx7pPJCkL._SL500_.jpg" alt="Product Image"></a><p>Universal Yums International Snack Box | Variety Pack Of Chips, Candy, Chocolates, And Snacks From Around The World | Foreign Snacks For Office, Family, Gifts, And Parties | (50 Exotic Snacks)</p><p>$49.50</p><a href="https://www.amazon.com/dp/B09T7B3QFJ?tag=eloabder-20&linkCode=osi&th=1&psc=1">View Product</a></div><div class="product"><a href="https://www.amazon.com/dp/B08W71KXLS?tag=eloabder-20&linkCode=osi&th=1&psc=1"><img src="https://m.media-amazon.com/images/I/61dcTJQFmBL._SL500_.jpg" alt="Product Image"></a><p>Midi International Snack Box | Premium Exotic Foreign Snacks | Unique Snack Food Gifts Included | Picnic Box Theme | Candies from Around the World | 12 Full-Size + 1 Bonus Snacks</p><p>$14.99 ($14.99 / Count)</p><a href="https://www.amazon.com/dp/B08W71KXLS?tag=eloabder-20&linkCode=osi&th=1&psc=1">View Product</a></div><div class="product"><a href="https://www.amazon.com/dp/B09TG6WCBC?tag=eloabder-20&linkCode=osi&th=1&psc=1"><img src="https://m.media-amazon.com/images/I/61lmk368l0L._SL500_.jpg" alt="Product Image"></a><p>Midi International Snack Box (Fairy Tale Themed) | Snacks Variety Pack of International Treats | Foreign Snack Box Offering Unique Experience | Mix Care Pack of Turkish Candies | 12 Full-Size Snacks</p><p>$14.99 ($1.00 / Ounce)</p><a href="https://www.amazon.com/dp/B09TG6WCBC?tag=eloabder-20&linkCode=osi&th=1&psc=1">View Product</a></div><div class="product"><a href="https://www.amazon.com/dp/B0BNZCVDYQ?tag=eloabder-20&linkCode=osi&th=1&psc=1"><img src="https://m.media-amazon.com/images/I/61aTXvWjbSL._SL500_.jpg" alt="Product Image"></a><p>Midi International Snack Box | Premium Exotic Foreign Snacks | Unique Snack Food Gifts Included | Orange Nebula Space Theme | Candies from Around the World | 12 Full-Size + 1 Bonus Snacks</p><p>$14.99 ($14.99 / Count)</p><a href="https://www.amazon.com/dp/B0BNZCVDYQ?tag=eloabder-20&linkCode=osi&th=1&psc=1">View Product</a></div><div class="product"><a href="https://www.amazon.com/dp/B0CK8DWXS2?tag=eloabder-20&linkCode=osi&th=1&psc=1"><img src="https://m.media-amazon.com/images/I/511Z-FX62TL._SL500_.jpg" alt="Product Image"></a><p>Mega International Snack Box | Premium Exotic Foreign Snacks | Unique Snack Food Gifts Included | Try Extraordinary Turkish Snacks | Candies from Around the World | 32+1 Full-Size Snacks</p><p>$39.95 ($1.00 / Ounce)</p><a href="https://www.amazon.com/dp/B0CK8DWXS2?tag=eloabder-20&linkCode=osi&th=1&psc=1">View Product</a></div><div class="product"><a href="https://www.amazon.com/dp/B0CGRMR7VN?tag=eloabder-20&linkCode=osi&th=1&psc=1"><img src="https://m.media-amazon.com/images/I/51PgWRUNnkL._SL500_.jpg" alt="Product Image"></a><p>Turkish Foreign Snack Box, Gourmet Turkish Food Gift Box, Variety of Unique Sweets and Savory Snacks from Turkey - International Snacks Box - Full Sized Snacks - 24ct</p><p>$23.99 ($1.00 / Count)</p><a href="https://www.amazon.com/dp/B0CGRMR7VN?tag=eloabder-20&linkCode=osi&th=1&psc=1">View Product</a></div>
<div class="product"><a href="https://www.amazon.com/dp/B001EQ5NHE?tag=eloabder-20&linkCode=osi&th=1&psc=1"><img src="https://m.media-amazon.com/images/I/51Kg06c5YuL._SL500_.jpg" alt="Product Image"></a><p>Spam Classic, 12 Ounce Can (Pack of 12)</p><p>$28.32 ($0.20 / Ounce)</p><a href="https://www.amazon.com/dp/B001EQ5NHE?tag=eloabder-20&linkCode=osi&th=1&psc=1">View Product</a></div><div class="product"><a href="https://www.amazon.com/dp/B08DQ6422D?tag=eloabder-20&linkCode=osi&th=1&psc=1"><img src="https://m.media-amazon.com/images/I/51-xOj2EbVL._SL500_.jpg" alt="Product Image"></a><p>Del Monte Cut Blue Lake Green Beans With No Added Salt 14.5 Oz,(Pack of 4)</p><p>$5.28 ($0.09 / Ounce)</p><a href="https://www.amazon.com/dp/B08DQ6422D?tag=eloabder-20&linkCode=osi&th=1&psc=1">View Product</a></div><div class="product"><a href="https://www.amazon.com/dp/B089PMW6C3?tag=eloabder-20&linkCode=osi&th=1&psc=1"><img src="https://m.media-amazon.com/images/I/41fKtFm2RAL._SL500_.jpg" alt="Product Image"></a><p>SpaghettiOs Canned Pasta with Meatballs, 15.6 oz Can (Pack of 12)</p><p>$11.44 ($0.06 / Ounce)</p><a href="https://www.amazon.com/dp/B089PMW6C3?tag=eloabder-20&linkCode=osi&th=1&psc=1">View Product</a></div><div class="product"><a href="https://www.amazon.com/dp/B006VS7C60?tag=eloabder-20&linkCode=osi&th=1&psc=1"><img src="https://m.media-amazon.com/images/I/51adZb-RUeL._SL500_.jpg" alt="Product Image"></a><p>Campbell’s Pork and Beans, 11 Oz Can (Case of 24)</p><p>$20.64 ($0.08 / Ounce)</p><a href="https://www.amazon.com/dp/B006VS7C60?tag=eloabder-20&linkCode=osi&th=1&psc=1">View Product</a></div><div class="product"><a href="https://www.amazon.com/dp/B00CPDWTBI?tag=eloabder-20&linkCode=osi&th=1&psc=1"><img src="https://m.media-amazon.com/images/I/61M2-LCC5uL._SL500_.jpg" alt="Product Image"></a><p>DEL MONTE FRESH CUT Whole New Canned Potatoes, Canned Vegetables, 12 Pack, 14.5 oz Can</p><p>$17.76 ($0.10 / Ounce)</p><a href="https://www.amazon.com/dp/B00CPDWTBI?tag=eloabder-20&linkCode=osi&th=1&psc=1">View Product</a></div><div class="product"><a href="https://www.amazon.com/dp/B00TFPKEZM?tag=eloabder-20&linkCode=osi&th=1&psc=1"><img src="https://m.media-amazon.com/images/I/51VTHItyaXL._SL500_.jpg" alt="Product Image"></a><p>Del Monte Canned Fresh Cut French Style Green Beans, 8 Ounce (Pack of 12)</p><p>$16.68 ($0.17 / Ounce)</p><a href="https://www.amazon.com/dp/B00TFPKEZM?tag=eloabder-20&linkCode=osi&th=1&psc=1">View Product</a></div><div class="product"><a href="https://www.amazon.com/dp/B08WR5J62L?tag=eloabder-20&linkCode=osi&th=1&psc=1"><img src="https://m.media-amazon.com/images/I/51QjonsN18L._SL500_.jpg" alt="Product Image"></a><p>Chicken of the Sea Chunk Light Tuna in Water, Wild Caught Tuna, 5-Ounce Cans (Pack of 10)</p><p>$8.90 ($2.85 / lb)</p><a href="https://www.amazon.com/dp/B08WR5J62L?tag=eloabder-20&linkCode=osi&th=1&psc=1">View Product</a></div><div class="product"><a href="https://www.amazon.com/dp/B01MQ6BDM0?tag=eloabder-20&linkCode=osi&th=1&psc=1"><img src="https://m.media-amazon.com/images/I/51chxbCoRfL._SL500_.jpg" alt="Product Image"></a><p>Libby's Vienna Sausage in Chicken Broth, Canned Sausage, 4.6 OZ (Pack of 24)</p><p>$23.52 ($0.98 / Count)</p><a href="https://www.amazon.com/dp/B01MQ6BDM0?tag=eloabder-20&linkCode=osi&th=1&psc=1">View Product</a></div><div class="product"><a href="https://www.amazon.com/dp/B01NBFQ8TF?tag=eloabder-20&linkCode=osi&th=1&psc=1"><img src="https://m.media-amazon.com/images/I/41ijyPglLPL._SL500_.jpg" alt="Product Image"></a><p>Bush's Best Baked Beans, Country Style with Bacon and Brown Sugar, 8.3 OZ (Pack of 12)</p><p>$20.28 ($1.69 / Count)</p><a href="https://www.amazon.com/dp/B01NBFQ8TF?tag=eloabder-20&linkCode=osi&th=1&psc=1">View Product</a></div><div class="product"><a href="https://www.amazon.com/dp/B019YHSNGC?tag=eloabder-20&linkCode=osi&th=1&psc=1"><img src="https://m.media-amazon.com/images/I/51oHYkvLL0L._SL500_.jpg" alt="Product Image"></a><p>Bumble Bee Chunk Light Tuna In Water, 5 oz Cans (Pack of 24) - Wild Caught Skipjack Tuna - 23g Protein Per Serving - MSC Certified Sustainable Seafood, Non-GMO, Gluten Free, Kosher</p><p>$23.36 ($0.19 / Ounce)</p><a href="https://www.amazon.com/dp/B019YHSNGC?tag=eloabder-20&linkCode=osi&th=1&psc=1">View Product</a></div>
<div class="product"><a href="https://www.amazon.com/dp/B07KQNNW9K?tag=eloabder-20&linkCode=osi&th=1&psc=1"><img src="https://m.media-amazon.com/images/I/51EVSxp535L._SL500_.jpg" alt="Product Image"></a><p>HORMEL COMPLEATS Protein Variety Pack Microwave Trays (Pack of 5)</p><p>$14.99 ($0.33 / Ounce)</p><a href="https://www.amazon.com/dp/B07KQNNW9K?tag=eloabder-20&linkCode=osi&th=1&psc=1">View Product</a></div><div class="product"><a href="https://www.amazon.com/dp/B000V1JVAI?tag=eloabder-20&linkCode=osi&th=1&psc=1"><img src="https://m.media-amazon.com/images/I/51moeAwg0qL._SL500_.jpg" alt="Product Image"></a><p>HORMEL COMPLEATS Meatloaf & Gravy With Mashed Potatoes Microwave Tray, 9 oz. (6 Pack)</p><p>$13.68 ($0.25 / Ounce)</p><a href="https://www.amazon.com/dp/B000V1JVAI?tag=eloabder-20&linkCode=osi&th=1&psc=1">View Product</a></div><div class="product"><a href="https://www.amazon.com/dp/B001E55YXS?tag=eloabder-20&linkCode=osi&th=1&psc=1"><img src="https://m.media-amazon.com/images/I/51f7Q-awP2L._SL500_.jpg" alt="Product Image"></a><p>HORMEL COMPLEATS Beef Pot Roast Microwave Tray, 9 Ounce (Pack of 6)</p><p>$13.68 ($0.25 / Ounce)</p><a href="https://www.amazon.com/dp/B001E55YXS?tag=eloabder-20&linkCode=osi&th=1&psc=1">View Product</a></div><div class="product"><a href="https://www.amazon.com/dp/B001E52XGO?tag=eloabder-20&linkCode=osi&th=1&psc=1"><img src="https://m.media-amazon.com/images/I/513-IE78MvL._SL500_.jpg" alt="Product Image"></a><p>HORMEL COMPLEATS Turkey & Dressing Microwave Tray, 10 oz. (6 Pack)</p><p>$13.68 ($0.23 / Ounce)</p><a href="https://www.amazon.com/dp/B001E52XGO?tag=eloabder-20&linkCode=osi&th=1&psc=1">View Product</a></div><div class="product"><a href="https://www.amazon.com/dp/B01JLWGOCA?tag=eloabder-20&linkCode=osi&th=1&psc=1"><img src="https://m.media-amazon.com/images/I/41JtN2c2Y3L._SL500_.jpg" alt="Product Image"></a><p>Idahoan Four Cheese Mashed Potatoes, Made with Gluten-Free 100-Percent Real Idaho Potatoes, 1.5 oz Cup (Pack of 10)</p><p>$11.23 ($0.75 / Ounce)</p><a href="https://www.amazon.com/dp/B01JLWGOCA?tag=eloabder-20&linkCode=osi&th=1&psc=1">View Product</a></div><div class="product"><a href="https://www.amazon.com/dp/B08P3SVWFR?tag=eloabder-20&linkCode=osi&th=1&psc=1"><img src="https://m.media-amazon.com/images/I/51Q7KX85dtL._SL500_.jpg" alt="Product Image"></a><p>StarKist Premium White Chicken - 2.6 oz Pouch (Pack of 12)</p><p>$15.06 ($0.48 / Ounce)</p><a href="https://www.amazon.com/dp/B08P3SVWFR?tag=eloabder-20&linkCode=osi&th=1&psc=1">View Product</a></div><div class="product"><a href="https://www.amazon.com/dp/B001E52WAG?tag=eloabder-20&linkCode=osi&th=1&psc=1"><img src="https://m.media-amazon.com/images/I/51dV9dBtkEL._SL500_.jpg" alt="Product Image"></a><p>Dinty Moore Beef Stew, 9-Ounce Packages (Pack of 6)</p><p>$17.34 ($0.32 / Ounce)</p><a href="https://www.amazon.com/dp/B001E52WAG?tag=eloabder-20&linkCode=osi&th=1&psc=1">View Product</a></div><div class="product"><a href="https://www.amazon.com/dp/B0BTQWY5LL?tag=eloabder-20&linkCode=osi&th=1&psc=1"><img src="https://m.media-amazon.com/images/I/61dN-t0ureL._SL500_.jpg" alt="Product Image"></a><p>MISS OLIVE'S Variety Pack Microwavable Low Sodium Ready Meals (Bundle of 6)-1 of each flavor</p><p>$26.49 ($0.63 / Ounce)</p><a href="https://www.amazon.com/dp/B0BTQWY5LL?tag=eloabder-20&linkCode=osi&th=1&psc=1">View Product</a></div><div class="product"><a href="https://www.amazon.com/dp/B0111Y7PO2?tag=eloabder-20&linkCode=osi&th=1&psc=1"><img src="https://m.media-amazon.com/images/I/51ReJtj0zJL._SL500_.jpg" alt="Product Image"></a><p>HORMEL COMPLEATS Rice & Chicken Microwave Tray, 7.5 Ounces (Pack of 7)</p><p>$15.96 ($0.30 / Ounce)</p><a href="https://www.amazon.com/dp/B0111Y7PO2?tag=eloabder-20&linkCode=osi&th=1&psc=1">View Product</a></div><div class="product"><a href="https://www.amazon.com/dp/B09GL33XZG?tag=eloabder-20&linkCode=osi&th=1&psc=1"><img src="https://m.media-amazon.com/images/I/41tbj+XvZLL._SL500_.jpg" alt="Product Image"></a><p>HMR Ultimate Entrée Pack | Pre-packaged Lunch or Dinner to Support Weight Loss | Pack of 17 Ready to Eat Meals | 10-20 grams of Protein per Entrée | Low Calorie Food | 7-8oz Servings per Meal</p><p>$89.99</p><a href="https://www.amazon.com/dp/B09GL33XZG?tag=eloabder-20&linkCode=osi&th=1&psc=1">View Product</a></div>
<div class="product"><a href="https://www.amazon.com/dp/B00I9VBMLI?tag=eloabder-20&linkCode=osi&th=1&psc=1"><img src="https://m.media-amazon.com/images/I/51kyWWI+vRL._SL500_.jpg" alt="Product Image"></a><p>Chef Boyardee Beef Ravioli, 15 oz, 4 Pack</p><p>$4.48 ($0.07 / Count)</p><a href="https://www.amazon.com/dp/B00I9VBMLI?tag=eloabder-20&linkCode=osi&th=1&psc=1">View Product</a></div>
<div class="product"><a href="https://www.amazon.com/dp/B0CJCXLDSP?tag=eloabder-20&linkCode=osi&th=1&psc=1"><img src="https://m.media-amazon.com/images/I/41uUHvJRp2L._SL500_.jpg" alt="Product Image"></a><p>ARM & HAMMER Baking Soda Made in USA, Ideal for Baking, Pure & Natural, 2.7lb Bag</p><p>$7.99 ($0.18 / Ounce)</p><a href="https://www.amazon.com/dp/B0CJCXLDSP?tag=eloabder-20&linkCode=osi&th=1&psc=1">View Product</a></div><div class="product"><a href="https://www.amazon.com/dp/B07JFLXZQV?tag=eloabder-20&linkCode=osi&th=1&psc=1"><img src="https://m.media-amazon.com/images/I/41mGwlHTcmL._SL500_.jpg" alt="Product Image"></a><p>Vanilla Bean Paste for Baking and Cooking - Gourmet Madagascar Bourbon Blend made with Real Vanilla Seeds - 4 Ounces</p><p>$14.99 ($3.75 / Ounce)</p><a href="https://www.amazon.com/dp/B07JFLXZQV?tag=eloabder-20&linkCode=osi&th=1&psc=1">View Product</a></div><div class="product"><a href="https://www.amazon.com/dp/B0046EJ570?tag=eloabder-20&linkCode=osi&th=1&psc=1"><img src="https://m.media-amazon.com/images/I/31TFd1IdsRL._SL500_.jpg" alt="Product Image"></a><p>Watkins All Natural Original Gourmet Baking Vanilla, with Pure Vanilla Extract, 11 Fl Oz (Pack of 1) - Packaging May Vary</p><p>$12.35 ($1.12 / Fl Oz)</p><a href="https://www.amazon.com/dp/B0046EJ570?tag=eloabder-20&linkCode=osi&th=1&psc=1">View Product</a></div><div class="product"><a href="https://www.amazon.com/dp/B00PMUNEK6?tag=eloabder-20&linkCode=osi&th=1&psc=1"><img src="https://m.media-amazon.com/images/I/41LZqR+JNZL._SL500_.jpg" alt="Product Image"></a><p>10 Organic Madagascar Vanilla Beans Whole Grade A Vanilla Pods for Vanilla Extract and Baking</p><p>$11.04 ($1.10 / Count)</p><a href="https://www.amazon.com/dp/B00PMUNEK6?tag=eloabder-20&linkCode=osi&th=1&psc=1">View Product</a></div><div class="product"><a href="https://www.amazon.com/dp/B0CBW3D9T7?tag=eloabder-20&linkCode=osi&th=1&psc=1"><img src="https://m.media-amazon.com/images/I/414XubDDPPL._SL500_.jpg" alt="Product Image"></a><p>Scratch Diastatic Malt Powder for Baking - (10oz) Dried Barley Malt for Baking Bread - Bread Improver - Premium Baking Ingredients for Breads, Pizzas, Pretzels, Desserts, Shakes and More</p><p>$8.95 ($0.90 / Ounce)</p><a href="https://www.amazon.com/dp/B0CBW3D9T7?tag=eloabder-20&linkCode=osi&th=1&psc=1">View Product</a></div><div class="product"><a href="https://www.amazon.com/dp/B00VEJOUXE?tag=eloabder-20&linkCode=osi&th=1&psc=1"><img src="https://m.media-amazon.com/images/I/41HmZhMPH1L._SL500_.jpg" alt="Product Image"></a><p>Bob's Red Mill Baking Soda - 1 Pound (Pack of 4), Non GMO, Gluten Free, Vegan, Kosher, Paleo Friendly</p><p>$13.10 ($0.20 / Ounce)</p><a href="https://www.amazon.com/dp/B00VEJOUXE?tag=eloabder-20&linkCode=osi&th=1&psc=1">View Product</a></div><div class="product"><a href="https://www.amazon.com/dp/B0CG7C5X2F?tag=eloabder-20&linkCode=osi&th=1&psc=1"><img src="https://m.media-amazon.com/images/I/41cN3OdncVL._SL500_.jpg" alt="Product Image"></a><p>Micro Ingredients Baking Soda Powder, 6lbs | Pure Sodium Bicarbonate | Bulk Food Grade Supply | Great for Cleaning, Cooking, Laundry, or Personal Care | Non-GMO, Filler Free</p><p>$13.95 ($0.15 / Ounce)</p><a href="https://www.amazon.com/dp/B0CG7C5X2F?tag=eloabder-20&linkCode=osi&th=1&psc=1">View Product</a></div><div class="product"><a href="https://www.amazon.com/dp/B075456XMK?tag=eloabder-20&linkCode=osi&th=1&psc=1"><img src="https://m.media-amazon.com/images/I/31YCnL21+nL._SL500_.jpg" alt="Product Image"></a><p>Pure Original Ingredients Baking Soda (2 lb) Sodium Bicarbonate (NaHCO3), Always Pure, No Fillers Or Additives.</p><p>$11.99 ($0.37 / Ounce)</p><a href="https://www.amazon.com/dp/B075456XMK?tag=eloabder-20&linkCode=osi&th=1&psc=1">View Product</a></div><div class="product"><a href="https://www.amazon.com/dp/B08FYKMRGT?tag=eloabder-20&linkCode=osi&th=1&psc=1"><img src="https://m.media-amazon.com/images/I/41TdlxCI0EL._SL500_.jpg" alt="Product Image"></a><p>King Arthur, Baking Sugar Alternative, Made with Plant-Based Ingredients, Keto-Friendly, 1-to-1 Substitute for Granulated Sugar, 12 Ounces</p><p>$9.95 ($0.83 / Ounce)</p><a href="https://www.amazon.com/dp/B08FYKMRGT?tag=eloabder-20&linkCode=osi&th=1&psc=1">View Product</a></div><div class="product"><a href="https://www.amazon.com/dp/B07KKL5Q68?tag=eloabder-20&linkCode=osi&th=1&psc=1"><img src="https://m.media-amazon.com/images/I/41G0eZnHIxL._SL500_.jpg" alt="Product Image"></a><p>Pure Original Ingredients Baking Soda (1 Gallon) Aluminum Free, Cooking, Baking, Cleaning</p><p>$30.99 ($0.19 / Ounce)</p><a href="https://www.amazon.com/dp/B07KKL5Q68?tag=eloabder-20&linkCode=osi&th=1&psc=1">View Product</a></div>
<div class="product"><a href="https://www.amazon.com/dp/B0029K0U90?tag=eloabder-20&linkCode=osi&th=1&psc=1"><img src="https://m.media-amazon.com/images/I/412vWjuj9tL._SL500_.jpg" alt="Product Image"></a><p>Mrs. Wages Pasta Sauce Canning Mix 5 Ounce (Pack of 6)</p><p>$19.32 ($0.64 / Ounce)</p><a href="https://www.amazon.com/dp/B0029K0U90?tag=eloabder-20&linkCode=osi&th=1&psc=1">View Product</a></div><div class="product"><a href="https://www.amazon.com/dp/B0005ZWUDU?tag=eloabder-20&linkCode=osi&th=1&psc=1"><img src="https://m.media-amazon.com/images/I/411oE+5BGYL._SL500_.jpg" alt="Product Image"></a><p>Classico Roasted Garlic Tomato Spaghetti Pasta Sauce (24 oz Jar)</p><p>$2.98 ($0.12 / Ounce)</p><a href="https://www.amazon.com/dp/B0005ZWUDU?tag=eloabder-20&linkCode=osi&th=1&psc=1">View Product</a></div><div class="product"><a href="https://www.amazon.com/dp/B00H3TKG6O?tag=eloabder-20&linkCode=osi&th=1&psc=1"><img src="https://m.media-amazon.com/images/I/41dtGUjEl7L._SL500_.jpg" alt="Product Image"></a><p>Classico Family Favorites Traditional Pasta Sauce (24 oz Jar)</p><p>$2.16 ($0.09 / Ounce)</p><a href="https://www.amazon.com/dp/B00H3TKG6O?tag=eloabder-20&linkCode=osi&th=1&psc=1">View Product</a></div><div class="product"><a href="https://www.amazon.com/dp/B088N719GQ?tag=eloabder-20&linkCode=osi&th=1&psc=1"><img src="https://m.media-amazon.com/images/I/412O4vvfLcL._SL500_.jpg" alt="Product Image"></a><p>Prego Traditional Pasta Sauce, 45 Oz Jar</p><p>$4.23 ($0.09 / Ounce)</p><a href="https://www.amazon.com/dp/B088N719GQ?tag=eloabder-20&linkCode=osi&th=1&psc=1">View Product</a></div><div class="product"><a href="https://www.amazon.com/dp/B00IAE65L6?tag=eloabder-20&linkCode=osi&th=1&psc=1"><img src="https://m.media-amazon.com/images/I/41keFWtHEbL._SL500_.jpg" alt="Product Image"></a><p>Prego Traditional Pasta Sauce, 67 Oz Jar</p><p>$5.36 ($0.08 / Ounce)</p><a href="https://www.amazon.com/dp/B00IAE65L6?tag=eloabder-20&linkCode=osi&th=1&psc=1">View Product</a></div><div class="product"><a href="https://www.amazon.com/dp/B0CRXQZMWN?tag=eloabder-20&linkCode=osi&th=1&psc=1"><img src="https://m.media-amazon.com/images/I/41GWdkqzH0L._SL500_.jpg" alt="Product Image"></a><p>Prego Creamy Roasted Garlic Pesto Pasta Sauce, 14.5 oz Jar</p><p>$2.79 ($0.19 / Ounce)</p><a href="https://www.amazon.com/dp/B0CRXQZMWN?tag=eloabder-20&linkCode=osi&th=1&psc=1">View Product</a></div><div class="product"><a href="https://www.amazon.com/dp/B0033TSDKY?tag=eloabder-20&linkCode=osi&th=1&psc=1"><img src="https://m.media-amazon.com/images/I/416ipEt-ErS._SL500_.jpg" alt="Product Image"></a><p>Classico Four Cheese Alfredo Pasta Sauce (15 oz Jar)</p><p>$3.13 ($0.21 / Ounce)</p><a href="https://www.amazon.com/dp/B0033TSDKY?tag=eloabder-20&linkCode=osi&th=1&psc=1">View Product</a></div><div class="product"><a href="https://www.amazon.com/dp/B000Q3R6V2?tag=eloabder-20&linkCode=osi&th=1&psc=1"><img src="https://m.media-amazon.com/images/I/51DwtNnipoL._SL500_.jpg" alt="Product Image"></a><p>Hunt's Traditional Pasta Sauce, 24 oz</p><p>$1.34 ($0.06 / Ounce)</p><a href="https://www.amazon.com/dp/B000Q3R6V2?tag=eloabder-20&linkCode=osi&th=1&psc=1">View Product</a></div><div class="product"><a href="https://www.amazon.com/dp/B00XXGW39Y?tag=eloabder-20&linkCode=osi&th=1&psc=1"><img src="https://m.media-amazon.com/images/I/41FycYZ91BL._SL500_.jpg" alt="Product Image"></a><p>Classico Vodka Sauce Tomato Spaghetti Pasta Sauce (24 oz Jar)</p><p>$2.52 ($0.10 / Fl Oz)</p><a href="https://www.amazon.com/dp/B00XXGW39Y?tag=eloabder-20&linkCode=osi&th=1&psc=1">View Product</a></div><div class="product"><a href="https://www.amazon.com/dp/B07JVJR966?tag=eloabder-20&linkCode=osi&th=1&psc=1"><img src="https://m.media-amazon.com/images/I/412rjNSU1HL._SL500_.jpg" alt="Product Image"></a><p>Prego Traditional Pasta Sauce, 24 Oz Jar (Case of 12)</p><p>$29.76 ($0.10 / Fl Oz)</p><a href="https://www.amazon.com/dp/B07JVJR966?tag=eloabder-20&linkCode=osi&th=1&psc=1">View Product</a></div>
<div class="product"><a href="https://www.amazon.com/dp/B07GBS8GVH?tag=eloabder-20&linkCode=osi&th=1&psc=1"><img src="https://m.media-amazon.com/images/I/51Xpb2UbnAS._SL500_.jpg" alt="Product Image"></a><p>BEN'S ORIGINAL Ready Rice Whole Grain Brown Rice, Easy Dinner Side, 8.8 OZ Pouch (Pack of 6)</p><p>$13.08 ($0.25 / Ounce)</p><a href="https://www.amazon.com/dp/B07GBS8GVH?tag=eloabder-20&linkCode=osi&th=1&psc=1">View Product</a></div><div class="product"><a href="https://www.amazon.com/dp/B000YPKPV0?tag=eloabder-20&linkCode=osi&th=1&psc=1"><img src="https://m.media-amazon.com/images/I/51RKdJy7-TL._SL500_.jpg" alt="Product Image"></a><p>Rice-A-Roni Long grain & wild rice with herbs, 4.3 Ounce Pack of 12</p><p>$12.00 ($0.23 / Ounce)</p><a href="https://www.amazon.com/dp/B000YPKPV0?tag=eloabder-20&linkCode=osi&th=1&psc=1">View Product</a></div><div class="product"><a href="https://www.amazon.com/dp/B004NRLAVY?tag=eloabder-20&linkCode=osi&th=1&psc=1"><img src="https://m.media-amazon.com/images/I/51l35npdSyL._SL500_.jpg" alt="Product Image"></a><p>Nishiki Premium Rice, Medium Grain,15 Pound (Pack of 1)</p><p>$20.19 ($0.08 / Ounce)</p><a href="https://www.amazon.com/dp/B004NRLAVY?tag=eloabder-20&linkCode=osi&th=1&psc=1">View Product</a></div><div class="product"><a href="https://www.amazon.com/dp/B00MMTQAF6?tag=eloabder-20&linkCode=osi&th=1&psc=1"><img src="https://m.media-amazon.com/images/I/41uID5vVhuL._SL500_.jpg" alt="Product Image"></a><p>Mahatma Extra Long Grain White Rice, 10 Pound, Gluten-Free and Non-GMO, Rice Bulk Bag (Pack of 1)</p><p>$9.98 ($0.06 / Ounce)</p><a href="https://www.amazon.com/dp/B00MMTQAF6?tag=eloabder-20&linkCode=osi&th=1&psc=1">View Product</a></div><div class="product"><a href="https://www.amazon.com/dp/B00I330QEQ?tag=eloabder-20&linkCode=osi&th=1&psc=1"><img src="https://m.media-amazon.com/images/I/41eu-3nevsL._SL500_.jpg" alt="Product Image"></a><p>Authentic Royal - Naturally Aged Long Grain Indian White Basmati Rice - 15 lbs</p><p>$15.03 ($0.06 / Ounce)</p><a href="https://www.amazon.com/dp/B00I330QEQ?tag=eloabder-20&linkCode=osi&th=1&psc=1">View Product</a></div><div class="product"><a href="https://www.amazon.com/dp/B00CLGUKKG?tag=eloabder-20&linkCode=osi&th=1&psc=1"><img src="https://m.media-amazon.com/images/I/41mEtyqtEVL._SL500_.jpg" alt="Product Image"></a><p>Mahatma Whole-Grain Brown Rice, 32-Ounce Bag of Rice, Stovetop or Microwave Rice</p><p>$2.68 ($0.08 / Ounce)</p><a href="https://www.amazon.com/dp/B00CLGUKKG?tag=eloabder-20&linkCode=osi&th=1&psc=1">View Product</a></div><div class="product"><a href="https://www.amazon.com/dp/B0087HFXJ6?tag=eloabder-20&linkCode=osi&th=1&psc=1"><img src="https://m.media-amazon.com/images/I/51eYTUAUKZL._SL500_.jpg" alt="Product Image"></a><p>RiceSelect Royal Blend, Blend Of Texmati White, Brown, Red, And Wild Rice, Premium Gluten Free Rice, Non-GMO, 21 Ounce Jar</p><p>$6.98 ($0.33 / Ounce)</p><a href="https://www.amazon.com/dp/B0087HFXJ6?tag=eloabder-20&linkCode=osi&th=1&psc=1">View Product</a></div><div class="product"><a href="https://www.amazon.com/dp/B07HKTD2BD?tag=eloabder-20&linkCode=osi&th=1&psc=1"><img src="https://m.media-amazon.com/images/I/519+60cp2dL._SL500_.jpg" alt="Product Image"></a><p>Nishiki Premium 7 Grains Mix, 2 Pound</p><p>$14.49 ($0.45 / Ounce)</p><a href="https://www.amazon.com/dp/B07HKTD2BD?tag=eloabder-20&linkCode=osi&th=1&psc=1">View Product</a></div><div class="product"><a href="https://www.amazon.com/dp/B00G9U46DW?tag=eloabder-20&linkCode=osi&th=1&psc=1"><img src="https://m.media-amazon.com/images/I/51Xpb2UbnAS._SL500_.jpg" alt="Product Image"></a><p>BEN'S ORIGINAL Ready Rice Whole Grain Brown Rice, Easy Dinner Side, 8.8 OZ Pouch (Pack of 12)</p><p>$26.16 ($0.25 / Ounce)</p><a href="https://www.amazon.com/dp/B00G9U46DW?tag=eloabder-20&linkCode=osi&th=1&psc=1">View Product</a></div>
<div class="product"><a href="https://www.amazon.com/dp/B0D4KLB4HP?tag=eloabder-20&linkCode=osi&th=1&psc=1"><img src="https://m.media-amazon.com/images/I/51r7s+M2jqL._SL500_.jpg" alt="Product Image"></a><p>Chronos Condiment 150 bundle pack - 50 Single Serve Pouches of Each: Ketchup, Mustard, and Mayo - 150 Pack, Great for Picnics, Boxed Lunch, BBQ, Travel, and Parties</p><p>$21.97</p><a href="https://www.amazon.com/dp/B0D4KLB4HP?tag=eloabder-20&linkCode=osi&th=1&psc=1">View Product</a></div><div class="product"><a href="https://www.amazon.com/dp/B003XLOOCS?tag=eloabder-20&linkCode=osi&th=1&psc=1"><img src="https://m.media-amazon.com/images/I/51x0jDzOLjL._SL500_.jpg" alt="Product Image"></a><p>Heinz Tomato Ketchup, Relish, and Mustard Picnic Pack, 3 Count</p><p>$5.98 ($0.11 / Ounce)</p><a href="https://www.amazon.com/dp/B003XLOOCS?tag=eloabder-20&linkCode=osi&th=1&psc=1">View Product</a></div><div class="product"><a href="https://www.amazon.com/dp/B0992VW16R?tag=eloabder-20&linkCode=osi&th=1&psc=1"><img src="https://m.media-amazon.com/images/I/51eFgOarc1L._SL500_.jpg" alt="Product Image"></a><p>Grab-n-Go Condiment Packs - 50 Single Serve Pouches of Each: Ketchup, Mustard, Relish, and Mayo - Great for Picnics, Boxed Lunch, BBQ, Travel, Picnic and Parties (200 Condiment Packets Total)</p><p>$29.99 ($0.15 / Count)</p><a href="https://www.amazon.com/dp/B0992VW16R?tag=eloabder-20&linkCode=osi&th=1&psc=1">View Product</a></div><div class="product"><a href="https://www.amazon.com/dp/B0D3J9HHS2?tag=eloabder-20&linkCode=osi&th=1&psc=1"><img src="https://m.media-amazon.com/images/I/51VkOjMAkXL._SL500_.jpg" alt="Product Image"></a><p>Heinz Condiment Packets Variety 100 Pack- 25 Heinz Ketchup Packets, 25 Mayonnaise Packets, 25 Mustard Packets, and 25 Relish Packets. Ketchup Heinz, Mayo Packets.</p><p>$19.99 ($0.20 / Count)</p><a href="https://www.amazon.com/dp/B0D3J9HHS2?tag=eloabder-20&linkCode=osi&th=1&psc=1">View Product</a></div><div class="product"><a href="https://www.amazon.com/dp/B091DCC2CH?tag=eloabder-20&linkCode=osi&th=1&psc=1"><img src="https://m.media-amazon.com/images/I/415Iq4kWRXL._SL500_.jpg" alt="Product Image"></a><p>Hellmann's Real Mayonnaise Squeeze Bottle 3 Count a Rich Creamy Condiment Gluten Free, Made With 100% Cage-Free Eggs 20 oz</p><p>$11.90 ($0.20 / Fl Oz)</p><a href="https://www.amazon.com/dp/B091DCC2CH?tag=eloabder-20&linkCode=osi&th=1&psc=1">View Product</a></div><div class="product"><a href="https://www.amazon.com/dp/B0CMR2DML7?tag=eloabder-20&linkCode=osi&th=1&psc=1"><img src="https://m.media-amazon.com/images/I/61dFhpega1L._SL500_.jpg" alt="Product Image"></a><p>Crait Individual Condiment Packets Variety Pack of 50 Hot Sauce Packets with Mayo Packets, Ketchup Packets and Yellow Mustard Packets Single Serve</p><p>$15.00 ($0.30 / Count)</p><a href="https://www.amazon.com/dp/B0CMR2DML7?tag=eloabder-20&linkCode=osi&th=1&psc=1">View Product</a></div><div class="product"><a href="https://www.amazon.com/dp/B0D3JCR2XS?tag=eloabder-20&linkCode=osi&th=1&psc=1"><img src="https://m.media-amazon.com/images/I/51RtTP7u7aL._SL500_.jpg" alt="Product Image"></a><p>Hot Sauce Variety Pack of 48 Condiment Packets. 4 Each of 12 Flavors. Texas Pete Hot Sauce Packets, Mini Condiments, Mini Hot Sauce, Condiment Packets Variety Pack, Single Serve</p><p>$17.99 ($0.37 / Count)</p><a href="https://www.amazon.com/dp/B0D3JCR2XS?tag=eloabder-20&linkCode=osi&th=1&psc=1">View Product</a></div><div class="product"><a href="https://www.amazon.com/dp/B00XK3IYUW?tag=eloabder-20&linkCode=osi&th=1&psc=1"><img src="https://m.media-amazon.com/images/I/51T9Vgtx+bL._SL500_.jpg" alt="Product Image"></a><p>Heinz Condiment Packets Ketchup and Mustard (100 Total; 50 Each Flavor)</p><p>$13.10 ($0.60 / Ounce)</p><a href="https://www.amazon.com/dp/B00XK3IYUW?tag=eloabder-20&linkCode=osi&th=1&psc=1">View Product</a></div>
<div class="product"><a href="https://www.amazon.com/dp/B09DYZSHJR?tag=eloabder-20&linkCode=osi&th=1&psc=1"><img src="https://m.media-amazon.com/images/I/31fEqU5FfOL._SL500_.jpg" alt="Product Image"></a><p>DaVinci Gourmet Honey Syrup, 25.4 Fluid Ounce (Pack of 1)</p><p>$9.99 ($0.39 / Fl Oz)</p><a href="https://www.amazon.com/dp/B09DYZSHJR?tag=eloabder-20&linkCode=osi&th=1&psc=1">View Product</a></div><div class="product"><a href="https://www.amazon.com/dp/B09GW7TXH3?tag=eloabder-20&linkCode=osi&th=1&psc=1"><img src="https://m.media-amazon.com/images/I/31hUGuR-NsL._SL500_.jpg" alt="Product Image"></a><p>Glorybee, Premium Honey Syrup, Real Honey, No Artifical colors or flavors, 25.4 fl oz</p><p>$10.73 ($0.42 / Fl Oz)</p><a href="https://www.amazon.com/dp/B09GW7TXH3?tag=eloabder-20&linkCode=osi&th=1&psc=1">View Product</a></div><div class="product"><a href="https://www.amazon.com/dp/B07C1138N5?tag=eloabder-20&linkCode=osi&th=1&psc=1"><img src="https://m.media-amazon.com/images/I/31bISVR+FkL._SL500_.jpg" alt="Product Image"></a><p>Monin - Honey Syrup, Smooth Sweet Honey Flavor, Great for Teas, Lemonades, Cocktails, & Coffee, Gluten-Free, Non-GMO (1 Liter)</p><p>$19.13 ($0.57 / Fl Oz)</p><a href="https://www.amazon.com/dp/B07C1138N5?tag=eloabder-20&linkCode=osi&th=1&psc=1">View Product</a></div><div class="product"><a href="https://www.amazon.com/dp/B0D43FMJ8V?tag=eloabder-20&linkCode=osi&th=1&psc=1"><img src="https://m.media-amazon.com/images/I/41P8d3eueDL._SL500_.jpg" alt="Product Image"></a><p>Torani Salted Honey Butter Syrup for Coffee 25.4 Ounces Coffee Syrups and Flavors with Jimoco Pump Syrup Dispenser</p><p>$17.95 ($0.71 / Fl Oz)</p><a href="https://www.amazon.com/dp/B0D43FMJ8V?tag=eloabder-20&linkCode=osi&th=1&psc=1">View Product</a></div><div class="product"><a href="https://www.amazon.com/dp/B00IRRJBRQ?tag=eloabder-20&linkCode=osi&th=1&psc=1"><img src="https://m.media-amazon.com/images/I/31a3OJgvluL._SL500_.jpg" alt="Product Image"></a><p>Torani Honey Sweetener, 25.4 Ounce (Pack of 4)</p><p>$25.47 ($0.25 / Fl Oz)</p><a href="https://www.amazon.com/dp/B00IRRJBRQ?tag=eloabder-20&linkCode=osi&th=1&psc=1">View Product</a></div><div class="product"><a href="https://www.amazon.com/dp/B0BSMPDPZ9?tag=eloabder-20&linkCode=osi&th=1&psc=1"><img src="https://m.media-amazon.com/images/I/41A+L9ilEXL._SL500_.jpg" alt="Product Image"></a><p>Monin - Hot Honey Syrup, Robust Sweet & Spicy Flavors, Great for Lemonades, Teas, Cocktails, Culinary Recipes, & More, No Artificial Sweeteners, Gluten-Free, Non-GMO, Clean Label (1 Liter)</p><p>$17.99 ($0.53 / Fl Oz)</p><a href="https://www.amazon.com/dp/B0BSMPDPZ9?tag=eloabder-20&linkCode=osi&th=1&psc=1">View Product</a></div><div class="product"><a href="https://www.amazon.com/dp/B078YFLF9K?tag=eloabder-20&linkCode=osi&th=1&psc=1"><img src="https://m.media-amazon.com/images/I/41Gx-mwendL._SL500_.jpg" alt="Product Image"></a><p>Tippleman's Ginger Honey Syrup - Craft Cocktail Mixer - All Natural Complex Syrup for Cocktails and Non-Alcoholic Beverages - Margarita, Whiskey Sour, or Sweet Iced Tea - Makes 17 Cocktails</p><p>$24.99 ($1.92 / Fl Oz)</p><a href="https://www.amazon.com/dp/B078YFLF9K?tag=eloabder-20&linkCode=osi&th=1&psc=1">View Product</a></div><div class="product"><a href="https://www.amazon.com/dp/B07CWFJV6C?tag=eloabder-20&linkCode=osi&th=1&psc=1"><img src="https://m.media-amazon.com/images/I/41cmu+ltDxL._SL500_.jpg" alt="Product Image"></a><p>Robitussin Maximum Strength Honey Cough + Chest Congestion DM, Cough Medicine for Cough and Chest Congestion Relief Made with Real Honey- 4 Fl Oz Bottle</p><p>$11.74 ($2.94 / Fl Oz)</p><a href="https://www.amazon.com/dp/B07CWFJV6C?tag=eloabder-20&linkCode=osi&th=1&psc=1">View Product</a></div><div class="product"><a href="https://www.amazon.com/dp/B005S1LP28?tag=eloabder-20&linkCode=osi&th=1&psc=1"><img src="https://m.media-amazon.com/images/I/41DkU4bxBrL._SL500_.jpg" alt="Product Image"></a><p>Monin - Organic Honey Sweetener, Low-Calorie Liquid Sweetener, Sugar Substitute, Coffee Syrup, Made with Organic Honey, Simple Syrup for Cocktails, Iced Tea, & More, Clean Label (1 Liter)</p><p>$26.99 ($0.80 / Fl Oz)</p><a href="https://www.amazon.com/dp/B005S1LP28?tag=eloabder-20&linkCode=osi&th=1&psc=1">View Product</a></div>
<div class="product"><a href="https://www.amazon.com/dp/B0D3FYHWP7?tag=eloabder-20&linkCode=osi&th=1&psc=1"><img src="https://m.media-amazon.com/images/I/41W51dqWhAL._SL500_.jpg" alt="Product Image"></a><p>Blueprint Bryan Johnson Nutty Butter - Macadamia Nuts and Walnuts - Just 3 Ingredients - No Palm Oil - Keto and Low Carb Snack - No Added Sugar, Vegan, Non GMO, Keto and Paleo Friendly (8.8 ounces)</p><p>$11.00 ($1.25 / Ounce)</p><a href="https://www.amazon.com/dp/B0D3FYHWP7?tag=eloabder-20&linkCode=osi&th=1&psc=1">View Product</a></div><div class="product"><a href="https://www.amazon.com/dp/B0B34J7HHD?tag=eloabder-20&linkCode=osi&th=1&psc=1"><img src="https://m.media-amazon.com/images/I/31UpKhqk2QL._SL500_.jpg" alt="Product Image"></a><p>Octonuts Dry Roasted Pure Cashew 16oz Nut Butter 16oz - Pure Creamy Nut Butter - Gluten Free, Vegan, Kosher, Paleo, Non-GMO Nut Butters Single Ingredient</p><p>$11.99 ($0.75 / Ounce)</p><a href="https://www.amazon.com/dp/B0B34J7HHD?tag=eloabder-20&linkCode=osi&th=1&psc=1">View Product</a></div><div class="product"><a href="https://www.amazon.com/dp/B09NP7D465?tag=eloabder-20&linkCode=osi&th=1&psc=1"><img src="https://m.media-amazon.com/images/I/51+XSeELM2L._SL500_.jpg" alt="Product Image"></a><p>Crazy Go Nuts Walnut Butter - Plain w/ Sea Salt - Healthy Snacks, Keto, Vegan, Low Carb, Gluten Free, Superfood - Natural, Non-GMO, ALA, Omega 3 Fatty Acids, Good Fats and Antioxidants - 9.25 oz (1-Pack)</p><p>$10.99 ($1.19 / Ounce)</p><a href="https://www.amazon.com/dp/B09NP7D465?tag=eloabder-20&linkCode=osi&th=1&psc=1">View Product</a></div><div class="product"><a href="https://www.amazon.com/dp/B00KHAG1BK?tag=eloabder-20&linkCode=osi&th=1&psc=1"><img src="https://m.media-amazon.com/images/I/41nZVovN5oL._SL500_.jpg" alt="Product Image"></a><p>JUSTIN'S Classic Gluten-Free Almond Butter Squeeze Packs, 1.15 Ounce (Pack of 10)</p><p>$13.40 ($1.17 / Ounce)</p><a href="https://www.amazon.com/dp/B00KHAG1BK?tag=eloabder-20&linkCode=osi&th=1&psc=1">View Product</a></div><div class="product"><a href="https://www.amazon.com/dp/B01M06S98E?tag=eloabder-20&linkCode=osi&th=1&psc=1"><img src="https://m.media-amazon.com/images/I/41fCsKiYMdL._SL500_.jpg" alt="Product Image"></a><p>Organic Power Fuel Crunchy Nut Butter by NuttZo | 7 Nuts & Seeds Blend, Paleo, Non-GMO, Gluten-Free, Vegan, Kosher | 1g Sugar, 6g Protein | 26oz Jar</p><p>$21.99 ($0.85 / Ounce)</p><a href="https://www.amazon.com/dp/B01M06S98E?tag=eloabder-20&linkCode=osi&th=1&psc=1">View Product</a></div><div class="product"><a href="https://www.amazon.com/dp/B07CGZ2RJQ?tag=eloabder-20&linkCode=osi&th=1&psc=1"><img src="https://m.media-amazon.com/images/I/41eZiTYDVgL._SL500_.jpg" alt="Product Image"></a><p>Vör Pure Macadamia Nut Butter Spread (11oz) | Only One Ingredient</p><p>$18.99 ($1.73 / Ounce)</p><a href="https://www.amazon.com/dp/B07CGZ2RJQ?tag=eloabder-20&linkCode=osi&th=1&psc=1">View Product</a></div><div class="product"><a href="https://www.amazon.com/dp/B00X7W96OO?tag=eloabder-20&linkCode=osi&th=1&psc=1"><img src="https://m.media-amazon.com/images/I/41jU7bL5rFL._SL500_.jpg" alt="Product Image"></a><p>MaraNatha Creamy Roasted Caramel Almond Butter, No Stir, 12 Ounce Jar</p><p>$6.94 ($0.58 / Ounce)</p><a href="https://www.amazon.com/dp/B00X7W96OO?tag=eloabder-20&linkCode=osi&th=1&psc=1">View Product</a></div>
<div class="product"><a href="https://www.amazon.com/dp/B01CUS63OG?tag=eloabder-20&linkCode=osi&th=1&psc=1"><img src="https://m.media-amazon.com/images/I/51o0FJwMj8L._SL500_.jpg" alt="Product Image"></a><p>Anna and Sarah Tropical Dried Fruit Mix 2 Lbs</p><p>$17.99 ($9.00 / lb)</p><a href="https://www.amazon.com/dp/B01CUS63OG?tag=eloabder-20&linkCode=osi&th=1&psc=1">View Product</a></div><div class="product"><a href="https://www.amazon.com/dp/B09LZ7YCF7?tag=eloabder-20&linkCode=osi&th=1&psc=1"><img src="https://m.media-amazon.com/images/I/41XMLNKxlML._SL500_.jpg" alt="Product Image"></a><p>Dried Pineapple Chunks, 1 Pound. Dehydrated Pineapple Chunk, Dehydrated Pineapple Bulk, Dried Pineapple Bits. All Natural, Non-GMO, Lightly Sweetened Dried Pineapples, 16 oz.</p><p>$9.99 ($0.62 / oz)</p><a href="https://www.amazon.com/dp/B09LZ7YCF7?tag=eloabder-20&linkCode=osi&th=1&psc=1">View Product</a></div><div class="product"><a href="https://www.amazon.com/dp/B000M69QRU?tag=eloabder-20&linkCode=osi&th=1&psc=1"><img src="https://m.media-amazon.com/images/I/51EyH2xvyyS._SL500_.jpg" alt="Product Image"></a><p>Ocean Spray Craisins Dried Cranberries, Original, 48 Ounce</p><p>$7.62 ($0.16 / Fl Oz)</p><a href="https://www.amazon.com/dp/B000M69QRU?tag=eloabder-20&linkCode=osi&th=1&psc=1">View Product</a></div><div class="product"><a href="https://www.amazon.com/dp/B09YTMZ1GP?tag=eloabder-20&linkCode=osi&th=1&psc=1"><img src="https://m.media-amazon.com/images/I/51+y56cVq0L._SL500_.jpg" alt="Product Image"></a><p>Oregon Farm Fresh Snacks Dried Fruit Mix – 24oz Healthy Snacks - Fresh and Natural Fruit Trail Mix – Mixed Fruit Snacks for Adults and Kids – Ideal for Breakfast, Cakes, Snacks</p><p>$17.99 ($0.75 / Ounce)</p><a href="https://www.amazon.com/dp/B09YTMZ1GP?tag=eloabder-20&linkCode=osi&th=1&psc=1">View Product</a></div><div class="product"><a href="https://www.amazon.com/dp/B08Z5QXBK1?tag=eloabder-20&linkCode=osi&th=1&psc=1"><img src="https://m.media-amazon.com/images/I/51a0Oclr3nS._SL500_.jpg" alt="Product Image"></a><p>Dried Cherries Tart Cherry, 1lb. Montmorency Tart Cherries, Dried Sour Cherries Fresh, Montmorency Dried Tart Cherries, Dried Cherries, All-Natural Whole Sour Cherry 16 oz.</p><p>$14.28 ($0.89 / oz)</p><a href="https://www.amazon.com/dp/B08Z5QXBK1?tag=eloabder-20&linkCode=osi&th=1&psc=1">View Product</a></div><div class="product"><a href="https://www.amazon.com/dp/B00F34772M?tag=eloabder-20&linkCode=osi&th=1&psc=1"><img src="https://m.media-amazon.com/images/I/51AsgKQIMiL._SL500_.jpg" alt="Product Image"></a><p>A Gift Inside Sweet Bloom Dried Fruit Deluxe Tray Basket Arrangement for Holiday Birthday Healthy Snack Business Kosher</p><p>$33.20</p><a href="https://www.amazon.com/dp/B00F34772M?tag=eloabder-20&linkCode=osi&th=1&psc=1">View Product</a></div><div class="product"><a href="https://www.amazon.com/dp/B01N057EEP?tag=eloabder-20&linkCode=osi&th=1&psc=1"><img src="https://m.media-amazon.com/images/I/51MrelYxkML._SL500_.jpg" alt="Product Image"></a><p>Mavuno Harvest Organic Dried Fruit Variety Pack | Dried Mango, Pineapple, and Jackfruit | Healthy, Vegan, No Sugar Added, Non GMO Snacks for Kids & Adults | 2 Ounce, Pack of 3</p><p>$13.99 ($2.33 / Ounce)</p><a href="https://www.amazon.com/dp/B01N057EEP?tag=eloabder-20&linkCode=osi&th=1&psc=1">View Product</a></div><div class="product"><a href="https://www.amazon.com/dp/B08JWR4M3F?tag=eloabder-20&linkCode=osi&th=1&psc=1"><img src="https://m.media-amazon.com/images/I/41rjnxAN2FL._SL500_.jpg" alt="Product Image"></a><p>Sunrise Fresh Dried Sweet Cherries, Unsweetened, No Sugar Added, Fresh Fruit Flavor, 1 lb Bag</p><p>$14.49 ($0.91 / oz)</p><a href="https://www.amazon.com/dp/B08JWR4M3F?tag=eloabder-20&linkCode=osi&th=1&psc=1">View Product</a></div><div class="product"><a href="https://www.amazon.com/dp/B08YP8NQP4?tag=eloabder-20&linkCode=osi&th=1&psc=1"><img src="https://m.media-amazon.com/images/I/51GM51afRIS._SL500_.jpg" alt="Product Image"></a><p>Whole Dried Blueberries, No Sugar Added, Bulk, Dehydrated, Dried Unsweetened Blueberries, All Natural, Non-GMO, 1 Pound. - 16 oz.</p><p>$17.44 ($1.09 / oz)</p><a href="https://www.amazon.com/dp/B08YP8NQP4?tag=eloabder-20&linkCode=osi&th=1&psc=1">View Product</a></div>
<div class="product"><a href="https://www.amazon.com/dp/B084T1VWP5?tag=eloabder-20&linkCode=osi&th=1&psc=1"><img src="https://m.media-amazon.com/images/I/51o0utHF41L._SL500_.jpg" alt="Product Image"></a><p>Planters Pop & Pour Dry Roasted Sunflower Seeds, (4 - 5.85 oz. Jars)</p><p>$7.96 ($0.34 / Ounce)</p><a href="https://www.amazon.com/dp/B084T1VWP5?tag=eloabder-20&linkCode=osi&th=1&psc=1">View Product</a></div><div class="product"><a href="https://www.amazon.com/dp/B07TZX3KQZ?tag=eloabder-20&linkCode=osi&th=1&psc=1"><img src="https://m.media-amazon.com/images/I/41OvCvu5E9L._SL500_.jpg" alt="Product Image"></a><p>Yupik Organic Super 6 Seeds Mix, 2.2 lb, Non-GMO, Vegan</p><p>$11.99 ($0.34 / Ounce)</p><a href="https://www.amazon.com/dp/B07TZX3KQZ?tag=eloabder-20&linkCode=osi&th=1&psc=1">View Product</a></div><div class="product"><a href="https://www.amazon.com/dp/B07W7ZZJQB?tag=eloabder-20&linkCode=osi&th=1&psc=1"><img src="https://m.media-amazon.com/images/I/51jbKA5l0CL._SL500_.jpg" alt="Product Image"></a><p>Southern Style Nuts Gourmet Hunter Mix, 23 Ounces, Sesame Sticks, Peanuts, Sunflower Kernels, Almonds, Cashews, and Pepitas</p><p>$7.92 ($0.34 / Ounce)</p><a href="https://www.amazon.com/dp/B07W7ZZJQB?tag=eloabder-20&linkCode=osi&th=1&psc=1">View Product</a></div><div class="product"><a href="https://www.amazon.com/dp/B089LJB5F5?tag=eloabder-20&linkCode=osi&th=1&psc=1"><img src="https://m.media-amazon.com/images/I/51kS4PKIyZL._SL500_.jpg" alt="Product Image"></a><p>Fisher Oven Roasted Never Fried Deluxe Mixed Nuts, 24 Ounces (Pack of 1), Almonds, Cashews, Pecans, Pistachios, Snacks for Adults, Made With Sea Salt, No Added Oil, Artificial Ingredients or Preservatives, Trail Mix, Gluten Free</p><p>$17.09 ($0.71 / Ounce)</p><a href="https://www.amazon.com/dp/B089LJB5F5?tag=eloabder-20&linkCode=osi&th=1&psc=1">View Product</a></div><div class="product"><a href="https://www.amazon.com/dp/B077HZW2FX?tag=eloabder-20&linkCode=osi&th=1&psc=1"><img src="https://m.media-amazon.com/images/I/51AQx+2kfEL._SL500_.jpg" alt="Product Image"></a><p>BetterBody Foods Superfood Organic Super Seeds - Blend of Organic Chia Seeds, Milled Flax Seed, Hemp Hearts, Add to Smoothies Shakes & More, 1lb, 16 oz</p><p>$10.66 ($0.67 / Ounce)</p><a href="https://www.amazon.com/dp/B077HZW2FX?tag=eloabder-20&linkCode=osi&th=1&psc=1">View Product</a></div><div class="product"><a href="https://www.amazon.com/dp/B00PPKSZO8?tag=eloabder-20&linkCode=osi&th=1&psc=1"><img src="https://m.media-amazon.com/images/I/41Q7alFU8RL._SL500_.jpg" alt="Product Image"></a><p>PLANTERS Unsalted Mixed Nuts, Cashews, Almonds, Hazelnuts, Pecans, Pistachios no Shell, Party Snacks, Plant-Based Protein, Quick Snack for Adults, After School Snack, Kosher, 2.16lb Container</p><p>$17.26 ($0.50 / Fl Oz)</p><a href="https://www.amazon.com/dp/B00PPKSZO8?tag=eloabder-20&linkCode=osi&th=1&psc=1">View Product</a></div><div class="product"><a href="https://www.amazon.com/dp/B0CHLKJ7JM?tag=eloabder-20&linkCode=osi&th=1&psc=1"><img src="https://m.media-amazon.com/images/I/51sXps1S2KL._SL500_.jpg" alt="Product Image"></a><p>KIND Seeds Fruit & Nuts Snack Bar, Orange Cranberry | 5g Protein, High Fiber, Gluten Free Bars, 1.4 OZ, 12 Count</p><p>$14.96 ($1.25 / Count)</p><a href="https://www.amazon.com/dp/B0CHLKJ7JM?tag=eloabder-20&linkCode=osi&th=1&psc=1">View Product</a></div><div class="product"><a href="https://www.amazon.com/dp/B0CHLD9ZKL?tag=eloabder-20&linkCode=osi&th=1&psc=1"><img src="https://m.media-amazon.com/images/I/51l78v8NL9L._SL500_.jpg" alt="Product Image"></a><p>KIND Seeds Fruit & Nuts Snack Bar, Strawberry Sunflower Seed | 5g Protein, High Fiber, Gluten Free Bars, 1.4 OZ, 12 Count</p><p>$13.58 ($1.13 / Count)</p><a href="https://www.amazon.com/dp/B0CHLD9ZKL?tag=eloabder-20&linkCode=osi&th=1&psc=1">View Product</a></div><div class="product"><a href="https://www.amazon.com/dp/B079WN7C3F?tag=eloabder-20&linkCode=osi&th=1&psc=1"><img src="https://m.media-amazon.com/images/I/41YqpED33FL._SL500_.jpg" alt="Product Image"></a><p>GERBS Raw Super 7 Seed Snack Trail Mix 1 LBS. | Top 14 Food Allergy Free | Resealable Bulk Bag | Made in USA | Raw Pumpkin | Sunflower | Brown & Golden Flax | Black & White Chia | Hemp | Gluten Free</p><p>$14.99 ($0.94 / Ounce)</p><a href="https://www.amazon.com/dp/B079WN7C3F?tag=eloabder-20&linkCode=osi&th=1&psc=1">View Product</a></div><div class="product"><a href="https://www.amazon.com/dp/B00CYK8DOE?tag=eloabder-20&linkCode=osi&th=1&psc=1"><img src="https://m.media-amazon.com/images/I/41hvbaCdz6L._SL500_.jpg" alt="Product Image"></a><p>Oh! Nuts Roasted Salted Pumpkin Seeds | Resealable 2LB Bulk Bag of Unshelled Pepitas | All-Natural Protein Power for Gluten-Free & Vegan Snacking | Fresh & Healthy Keto Snacks</p><p>$18.81 ($0.59 / Ounce)</p><a href="https://www.amazon.com/dp/B00CYK8DOE?tag=eloabder-20&linkCode=osi&th=1&psc=1">View Product</a></div>

<div class="product"><a href="https://www.amazon.com/dp/B08TTFGPS5?tag=eloabder-20&linkCode=osi&th=1&psc=1"><img src="https://m.media-amazon.com/images/I/51LP-kQBLAL._SL500_.jpg" alt="Product Image"></a><p>Pine River Cheese Spreads - Variety Pack 3 8oz. Sharp Cheddar-Garlic & Herb-Swiss (24oz)</p><p>$21.93 ($0.91 / Ounce)</p><a href="https://www.amazon.com/dp/B08TTFGPS5?tag=eloabder-20&linkCode=osi&th=1&psc=1">View Product</a></div><div class="product"><a href="https://www.amazon.com/dp/B09GW71DPQ?tag=eloabder-20&linkCode=osi&th=1&psc=1"><img src="https://m.media-amazon.com/images/I/41BpjCgQpKL._SL500_.jpg" alt="Product Image"></a><p>Port Wine Cheese Spread 8 Ounce (Pack of 4)</p><p>$26.10 ($0.82 / Ounce)</p><a href="https://www.amazon.com/dp/B09GW71DPQ?tag=eloabder-20&linkCode=osi&th=1&psc=1">View Product</a></div><div class="product"><a href="https://www.amazon.com/dp/B006G4NCT0?tag=eloabder-20&linkCode=osi&th=1&psc=1"><img src="https://m.media-amazon.com/images/I/41-Krj0PbcL._SL500_.jpg" alt="Product Image"></a><p>Sharp Cheddar Cheese Spread 8 Ounce (Pack of 4)</p><p>$25.90 ($1.08 / Ounce)</p><a href="https://www.amazon.com/dp/B006G4NCT0?tag=eloabder-20&linkCode=osi&th=1&psc=1">View Product</a></div><div class="product"><a href="https://www.amazon.com/dp/B09SM3L7LN?tag=eloabder-20&linkCode=osi&th=1&psc=1"><img src="https://m.media-amazon.com/images/I/417W7hKPcvL._SL500_.jpg" alt="Product Image"></a><p>Cheese Snack Spread Variety 4 Pack</p><p>$34.00 ($1.06 / Ounce)</p><a href="https://www.amazon.com/dp/B09SM3L7LN?tag=eloabder-20&linkCode=osi&th=1&psc=1">View Product</a></div>
<div class="product"><a href="https://www.amazon.com/dp/B08CNRQ2C6?tag=eloabder-20&linkCode=osi&th=1&psc=1"><img src="https://m.media-amazon.com/images/I/41ps--esahL._SL500_.jpg" alt="Product Image"></a><p>HOIST Premium Military Hydration Electrolyte Drink, Powerful IV-Level Hydration, Clinically Proven Performance Drink, Peach Mango, 16 Fl Oz (Pack of 12)</p><p>$29.99 ($0.16 / Fl Oz)</p><a href="https://www.amazon.com/dp/B08CNRQ2C6?tag=eloabder-20&linkCode=osi&th=1&psc=1">View Product</a></div><div class="product"><a href="https://www.amazon.com/dp/B082BG3XYZ?tag=eloabder-20&linkCode=osi&th=1&psc=1"><img src="https://m.media-amazon.com/images/I/51+XFCzX3zL._SL500_.jpg" alt="Product Image"></a><p>UPTIME – Blueberry Pomegranate - Zero Sugar (12 Pack), Premium Energy Drink, 12oz Bottles, Natural Caffeine, Sparkling, Natural Flavors, 5 Calories…</p><p>$28.99 ($0.20 / Fl Oz)</p><a href="https://www.amazon.com/dp/B082BG3XYZ?tag=eloabder-20&linkCode=osi&th=1&psc=1">View Product</a></div><div class="product"><a href="https://www.amazon.com/dp/B0BSP3R4JX?tag=eloabder-20&linkCode=osi&th=1&psc=1"><img src="https://m.media-amazon.com/images/I/41TvMVYbcjL._SL500_.jpg" alt="Product Image"></a><p>Barcode Premium Hydration Drink - No Added Sugars, Variety Pack (12 Pack) - Plant-Based Beverage - Adaptogen Drink with Electrolytes for Immunity & Performance</p><p>$29.88 ($0.15 / Fl Oz)</p><a href="https://www.amazon.com/dp/B0BSP3R4JX?tag=eloabder-20&linkCode=osi&th=1&psc=1">View Product</a></div><div class="product"><a href="https://www.amazon.com/dp/B0CYL4CCKM?tag=eloabder-20&linkCode=osi&th=1&psc=1"><img src="https://m.media-amazon.com/images/I/514q0PPV9+L._SL500_.jpg" alt="Product Image"></a><p>ProBaller Ultra Premium Energy Drink - Wild Berry ZERO</p><p>$35.99 ($0.20 / Fl Oz)</p><a href="https://www.amazon.com/dp/B0CYL4CCKM?tag=eloabder-20&linkCode=osi&th=1&psc=1">View Product</a></div><div class="product"><a href="https://www.amazon.com/dp/B0D2BKB2J3?tag=eloabder-20&linkCode=osi&th=1&psc=1"><img src="https://m.media-amazon.com/images/I/41MbnJUx3LL._SL500_.jpg" alt="Product Image"></a><p>ProBaller Ultra Premium Energy Drink - Sugar Free</p><p>$35.99 ($0.20 / Fl Oz)</p><a href="https://www.amazon.com/dp/B0D2BKB2J3?tag=eloabder-20&linkCode=osi&th=1&psc=1">View Product</a></div><div class="product"><a href="https://www.amazon.com/dp/B0CYJXMRKS?tag=eloabder-20&linkCode=osi&th=1&psc=1"><img src="https://m.media-amazon.com/images/I/41gt6X6dVdL._SL500_.jpg" alt="Product Image"></a><p>Joggy Clean Energy Drink - 4-Pack Tart Cherry & Hibiscus - 150mg Organic Guayusa Caffeine - Zero Added Sugar, Vegan, Plant-Based, Natural Healthy Boost, Premium Beverage</p><p>$13.99 ($0.44 / Fl Oz)</p><a href="https://www.amazon.com/dp/B0CYJXMRKS?tag=eloabder-20&linkCode=osi&th=1&psc=1">View Product</a></div><div class="product"><a href="https://www.amazon.com/dp/B081QCCN21?tag=eloabder-20&linkCode=osi&th=1&psc=1"><img src="https://m.media-amazon.com/images/I/61k-oHxeO2L._SL500_.jpg" alt="Product Image"></a><p>Hawaiian Sun Premium Tropical Juice Drink Party Bundle of 10 Assorted Flavors (24 Cans Total)</p><p>$44.95 ($0.16 / Fl Oz )</p><a href="https://www.amazon.com/dp/B081QCCN21?tag=eloabder-20&linkCode=osi&th=1&psc=1">View Product</a></div><div class="product"><a href="https://www.amazon.com/dp/B0CCHW3Q8Q?tag=eloabder-20&linkCode=osi&th=1&psc=1"><img src="https://m.media-amazon.com/images/I/414+SPv3c5L._SL500_.jpg" alt="Product Image"></a><p>Camp Craft Cocktail Mix - Flo'rita | Premium Drink Mixer Infusion Kit with Dehydrated Fruit, Herbs and Vegan Sugar | 16 oz Glass Jar Mixer for Cocktails, Margaritas, and Mocktails - Serves 8</p><p>$25.00 ($1.56 / Fl Oz)</p><a href="https://www.amazon.com/dp/B0CCHW3Q8Q?tag=eloabder-20&linkCode=osi&th=1&psc=1">View Product</a></div><div class="product"><a href="https://www.amazon.com/dp/B0CVQN2NBB?tag=eloabder-20&linkCode=osi&th=1&psc=1"><img src="https://m.media-amazon.com/images/I/51bpS7Tlj2L._SL500_.jpg" alt="Product Image"></a><p>Starbucks Cold Brew Coffee, Vanilla Sweet Cream, 11 fl oz Cans (12 Pack), Premium Coffee Drink, Iced Coffee</p><p>$39.39 ($0.30 / Fl Oz)</p><a href="https://www.amazon.com/dp/B0CVQN2NBB?tag=eloabder-20&linkCode=osi&th=1&psc=1">View Product</a></div>
<div class="product"><a href="https://www.amazon.com/dp/B08PW3LK4T?tag=eloabder-20&linkCode=osi&th=1&psc=1"><img src="https://m.media-amazon.com/images/I/41TLoWBkNWL._SL500_.jpg" alt="Product Image"></a><p>Classic Ginger Beer, Regatta Craft Mixers, All-Natural Ingredients, Non-GMO, 7.5oz, Case of 24 Sleek Cans</p><p>$29.98 ($0.17 / Fl Oz)</p><a href="https://www.amazon.com/dp/B08PW3LK4T?tag=eloabder-20&linkCode=osi&th=1&psc=1">View Product</a></div><div class="product"><a href="https://www.amazon.com/dp/B08KTP2999?tag=eloabder-20&linkCode=osi&th=1&psc=1"><img src="https://m.media-amazon.com/images/I/41tC0pFgGtL._SL500_.jpg" alt="Product Image"></a><p>ABC Crafted Series Beer Making Kit | Beer Making Ingredients for Home Brewing | Yields 6 Gallons of Beer | Brown Ale</p><p>$25.00</p><a href="https://www.amazon.com/dp/B08KTP2999?tag=eloabder-20&linkCode=osi&th=1&psc=1">View Product</a></div><div class="product"><a href="https://www.amazon.com/dp/B01KSD9JKU?tag=eloabder-20&linkCode=osi&th=1&psc=1"><img src="https://m.media-amazon.com/images/I/517aGsVY9qL._SL500_.jpg" alt="Product Image"></a><p>Beer-infused Hot Sauce Variety 3-pack (Includes Asian Sriracha, Garlic Serrano, & Roasty Chipotle) - Craft Beer Gift, Hot Sauce Gift Set, Beer Sauce, BBQ Sauce, Beer Lover, Grill + Man Cave</p><p>$27.99 ($1.87 / Fl Oz)</p><a href="https://www.amazon.com/dp/B01KSD9JKU?tag=eloabder-20&linkCode=osi&th=1&psc=1">View Product</a></div><div class="product"><a href="https://www.amazon.com/dp/B0C9KKG6C6?tag=eloabder-20&linkCode=osi&th=1&psc=1"><img src="https://m.media-amazon.com/images/I/41Rxjjlu5+L._SL500_.jpg" alt="Product Image"></a><p>Plochman, Craft Beer Mustard (Brickstone), 11 oz, Blended Mustard</p><p>$6.99 ($0.64 / Ounce)</p><a href="https://www.amazon.com/dp/B0C9KKG6C6?tag=eloabder-20&linkCode=osi&th=1&psc=1">View Product</a></div><div class="product"><a href="https://www.amazon.com/dp/B01692UXRW?tag=eloabder-20&linkCode=osi&th=1&psc=1"><img src="https://m.media-amazon.com/images/I/51qUU-Fjx5L._SL500_.jpg" alt="Product Image"></a><p>BREW CANDY | Hoppy IPA + Roasty Stout + Honey Ale | Great Craft Beer Gift for Beer Drinkers and Candy Lovers | Perfect for the Man Cave, Brewery, Office, or Home | MADE IN USA</p><p>$9.99 ($2.50 / Ounce)</p><a href="https://www.amazon.com/dp/B01692UXRW?tag=eloabder-20&linkCode=osi&th=1&psc=1">View Product</a></div><div class="product"><a href="https://www.amazon.com/dp/B07L1M2P57?tag=eloabder-20&linkCode=osi&th=1&psc=1"><img src="https://m.media-amazon.com/images/I/415wGhwZDvL._SL500_.jpg" alt="Product Image"></a><p>Unique Snacks Sourdough Craft Beer Pretzel Rings, Delicious Homestyle Baked Snack Bag, Vegan, OU Kosher, and Non-GMO Food, No Artificial Flavor, 11 Oz. Bag, Pack of 6</p><p>$24.99 ($0.38 / Ounce)</p><a href="https://www.amazon.com/dp/B07L1M2P57?tag=eloabder-20&linkCode=osi&th=1&psc=1">View Product</a></div>
<div class="product"><a href="https://www.amazon.com/dp/B0CD79R3QZ?tag=eloabder-20&linkCode=osi&th=1&psc=1"><img src="https://m.media-amazon.com/images/I/21X3VVYgpXL._SL500_.jpg" alt="Product Image"></a><p>French Bloom Le Blanc Alcohol-Free Sparkling Wine, 750ml - Certified Organic, Vegan, Halal, Low Calorie, Sulfite Free - Made with Fine Organic Wine, No Preservatives or Added Sugar</p><p>$41.00 ($1.61 / Fl Oz)</p><a href="https://www.amazon.com/dp/B0CD79R3QZ?tag=eloabder-20&linkCode=osi&th=1&psc=1">View Product</a></div><div class="product"><a href="https://www.amazon.com/dp/B0D6HWD369?tag=eloabder-20&linkCode=osi&th=1&psc=1"><img src="https://m.media-amazon.com/images/I/31U1YybAm5L._SL500_.jpg" alt="Product Image"></a><p>Saint Viviana Non-Alcoholic Sauvignon Blanc, Crisp Dry White Wine with Fresh Fruit Flavor & Floral Notes, Made in Washington State, 24.6 Fl Oz Bottle</p><p>$22.99 ($0.93 / Fl Oz)</p><a href="https://www.amazon.com/dp/B0D6HWD369?tag=eloabder-20&linkCode=osi&th=1&psc=1">View Product</a></div><div class="product"><a href="https://www.amazon.com/dp/B0D244C3VJ?tag=eloabder-20&linkCode=osi&th=1&psc=1"><img src="https://m.media-amazon.com/images/I/416UnLmeDPL._SL500_.jpg" alt="Product Image"></a><p>Monari Marsala Fine Wine PDO Glaze| 9 Ounce, Pack of 6</p><p>$37.99 ($6.33 / Count)</p><a href="https://www.amazon.com/dp/B0D244C3VJ?tag=eloabder-20&linkCode=osi&th=1&psc=1">View Product</a></div><div class="product"><a href="https://www.amazon.com/dp/B0054KSA5I?tag=eloabder-20&linkCode=osi&th=1&psc=1"><img src="https://m.media-amazon.com/images/I/41Dk7Gmm5xL._SL500_.jpg" alt="Product Image"></a><p>Regina Fine Red Wine Vinegar, 12 Fl Oz</p><p>$12.94 ($1.08 / Fl Oz)</p><a href="https://www.amazon.com/dp/B0054KSA5I?tag=eloabder-20&linkCode=osi&th=1&psc=1">View Product</a></div><div class="product"><a href="https://www.amazon.com/dp/B0CC6JY2CM?tag=eloabder-20&linkCode=osi&th=1&psc=1"><img src="https://m.media-amazon.com/images/I/31FVY0Kg2cL._SL500_.jpg" alt="Product Image"></a><p>ST. REGIS Cabernet Sauvignon 25.4 Fl Oz (1 Pack) - Low Calorie and Sugar - Fruity & Spicy Rich Flavor from North of Spain Vineyards</p><p>$17.95 ($0.71 / Fl Oz)</p><a href="https://www.amazon.com/dp/B0CC6JY2CM?tag=eloabder-20&linkCode=osi&th=1&psc=1">View Product</a></div><div class="product"><a href="https://www.amazon.com/dp/B0CLYLY93H?tag=eloabder-20&linkCode=osi&th=1&psc=1"><img src="https://m.media-amazon.com/images/I/31cSVgLe1sL._SL500_.jpg" alt="Product Image"></a><p>Chateau del ISH Sparkling Rosé | Award-Winning Non-Alcoholic Sparkling Wine | De-Alcoholized Blend of Merlot & Pinot Noir Grapes | Only 9 grams of Sugar | 45 Calories per Serving | 750 ml Bottle</p><p>$23.99 ($0.94 / Fl Oz)</p><a href="https://www.amazon.com/dp/B0CLYLY93H?tag=eloabder-20&linkCode=osi&th=1&psc=1">View Product</a></div><div class="product"><a href="https://www.amazon.com/dp/B00075WK10?tag=eloabder-20&linkCode=osi&th=1&psc=1"><img src="https://m.media-amazon.com/images/I/41wn5BC9e3L._SL500_.jpg" alt="Product Image"></a><p>Mantova Italian White Wine Vinegar 17 oz (Pack of 2). Made with traditional methods and aged in fine wood casks, it retains the flavor of the wine, accented by the crisp character of the vinegar.</p><p>$12.97 ($7.21 / Fl Oz)</p><a href="https://www.amazon.com/dp/B00075WK10?tag=eloabder-20&linkCode=osi&th=1&psc=1">View Product</a></div><div class="product"><a href="https://www.amazon.com/dp/B0B6Y4LGT8?tag=eloabder-20&linkCode=osi&th=1&psc=1"><img src="https://m.media-amazon.com/images/I/31DYvJX17cL._SL500_.jpg" alt="Product Image"></a><p>Wander + Found Non-Alcoholic Wine, Pinot Noir, Award Winning Red Wine from Germany, Non-GMO Dealcoholized Wine, 750 ml (1 Bottle)</p><p>$25.99 ($1.02 / Fl Oz)</p><a href="https://www.amazon.com/dp/B0B6Y4LGT8?tag=eloabder-20&linkCode=osi&th=1&psc=1">View Product</a></div><div class="product"><a href="https://www.amazon.com/dp/B08FBLJFL3?tag=eloabder-20&linkCode=osi&th=1&psc=1"><img src="https://m.media-amazon.com/images/I/31xcotQJiQL._SL500_.jpg" alt="Product Image"></a><p>Lussory Organic Merlot Dealcoholized 0.0% Non-Alcoholic Red From Spain, Low Calories, Organic, Vegan (750ml, 1 Bottle)</p><p>$27.99 ($1.10 / Fl Oz)</p><a href="https://www.amazon.com/dp/B08FBLJFL3?tag=eloabder-20&linkCode=osi&th=1&psc=1">View Product</a></div>
<div class="product"><a href="https://www.amazon.com/dp/B08RD41V4Y?tag=eloabder-20&linkCode=osi&th=1&psc=1"><img src="https://m.media-amazon.com/images/I/41Ctrzm6OdL._SL500_.jpg" alt="Product Image"></a><p>Pure Organic Layered Fruit Bars Variety Pack 28 count (Pack of 1).</p><p>$13.99 ($0.40 / Ounce)</p><a href="https://www.amazon.com/dp/B08RD41V4Y?tag=eloabder-20&linkCode=osi&th=1&psc=1">View Product</a></div><div class="product"><a href="https://www.amazon.com/dp/B06X6JR48M?tag=eloabder-20&linkCode=osi&th=1&psc=1"><img src="https://m.media-amazon.com/images/I/51QhYDgoJFL._SL500_.jpg" alt="Product Image"></a><p>Nature's Garden Organic Trail Mix Snack Packs, Multi Pack 1.2 oz - Pack of 24 (Total 28.8 oz)</p><p>$14.89 ($0.52 / Ounce)</p><a href="https://www.amazon.com/dp/B06X6JR48M?tag=eloabder-20&linkCode=osi&th=1&psc=1">View Product</a></div><div class="product"><a href="https://www.amazon.com/dp/B0BQTL31PR?tag=eloabder-20&linkCode=osi&th=1&psc=1"><img src="https://m.media-amazon.com/images/I/512GxWL1ejL._SL500_.jpg" alt="Product Image"></a><p>Annie's Organic Birthday Cake Bunny Grahams and Cheddar Bunnies Snack Pack 36 Count, 36 oz</p><p>$16.99 ($0.47 / Ounce)</p><a href="https://www.amazon.com/dp/B0BQTL31PR?tag=eloabder-20&linkCode=osi&th=1&psc=1">View Product</a></div><div class="product"><a href="https://www.amazon.com/dp/B0C17SW6V1?tag=eloabder-20&linkCode=osi&th=1&psc=1"><img src="https://m.media-amazon.com/images/I/51JwHhUMp-L._SL500_.jpg" alt="Product Image"></a><p>Annie's Organic Bunny Fruit Snacks, Variety Pack, Gluten Free, 22 ct, 15.4 oz</p><p>$9.98 ($0.45 / Count)</p><a href="https://www.amazon.com/dp/B0C17SW6V1?tag=eloabder-20&linkCode=osi&th=1&psc=1">View Product</a></div><div class="product"><a href="https://www.amazon.com/dp/B079LY41VY?tag=eloabder-20&linkCode=osi&th=1&psc=1"><img src="https://m.media-amazon.com/images/I/51hNBmR-vOL._SL500_.jpg" alt="Product Image"></a><p>MadeGood Healthy Snacks Variety Pack (40 Count) Organic Assortment of Granola Bars, Granola Mini and Crispy Squares; Individually Wrapped Snacks</p><p>$29.99</p><a href="https://www.amazon.com/dp/B079LY41VY?tag=eloabder-20&linkCode=osi&th=1&psc=1">View Product</a></div><div class="product"><a href="https://www.amazon.com/dp/B0B88WYZVC?tag=eloabder-20&linkCode=osi&th=1&psc=1"><img src="https://m.media-amazon.com/images/I/41jnzaqqPlL._SL500_.jpg" alt="Product Image"></a><p>YumEarth Organic Fruit Snacks Box, 0.7 Ounce (Pack of 10)</p><p>$6.49 ($0.93 / Ounce)</p><a href="https://www.amazon.com/dp/B0B88WYZVC?tag=eloabder-20&linkCode=osi&th=1&psc=1">View Product</a></div><div class="product"><a href="https://www.amazon.com/dp/B087HBLXSM?tag=eloabder-20&linkCode=osi&th=1&psc=1"><img src="https://m.media-amazon.com/images/I/4103I3BvCSL._SL500_.jpg" alt="Product Image"></a><p>Tropical Fields Organic Crispy Coconut Rolls, 11 Oz</p><p>$9.94 ($0.90 / Ounce)</p><a href="https://www.amazon.com/dp/B087HBLXSM?tag=eloabder-20&linkCode=osi&th=1&psc=1">View Product</a></div><div class="product"><a href="https://www.amazon.com/dp/B08L4XZBS1?tag=eloabder-20&linkCode=osi&th=1&psc=1"><img src="https://m.media-amazon.com/images/I/51IN3a2zpZL._SL500_.jpg" alt="Product Image"></a><p>Annie's Organic Fruit Peel-A-Parts Fruit Snacks, Strawberry and Fruit Punch, 12 packs, 6.7 oz.</p><p>$9.99 ($0.83 / Count)</p><a href="https://www.amazon.com/dp/B08L4XZBS1?tag=eloabder-20&linkCode=osi&th=1&psc=1">View Product</a></div><div class="product"><a href="https://www.amazon.com/dp/B088PRVMXL?tag=eloabder-20&linkCode=osi&th=1&psc=1"><img src="https://m.media-amazon.com/images/I/51Lye-KMCNL._SL500_.jpg" alt="Product Image"></a><p>Gimme Seaweed - Sea Salt & Avocado Oil - 20 Count - Organic Roasted Seaweed Sheets - Keto, Vegan, Gluten Free - Great Source of Iodine & Omega 3’s - Healthy On-The-Go Snack for Kids & Adults</p><p>$14.43 ($4.51 / Ounce)</p><a href="https://www.amazon.com/dp/B088PRVMXL?tag=eloabder-20&linkCode=osi&th=1&psc=1">View Product</a></div><div class="product"><a href="https://www.amazon.com/dp/B0792LF5DZ?tag=eloabder-20&linkCode=osi&th=1&psc=1"><img src="https://m.media-amazon.com/images/I/51Ogpal4rKL._SL500_.jpg" alt="Product Image"></a><p>Simply, Variety Pack Snacks, 0.875 Ounce (Pack of 36)</p><p>$22.43 ($0.71 / Ounce)</p><a href="https://www.amazon.com/dp/B0792LF5DZ?tag=eloabder-20&linkCode=osi&th=1&psc=1">View Product</a></div>
<div class="product"><a href="https://www.amazon.com/dp/B07D83162X?tag=eloabder-20&linkCode=osi&th=1&psc=1"><img src="https://m.media-amazon.com/images/I/515OpZM7eUL._SL500_.jpg" alt="Product Image"></a><p>CLIF BAR - Energy Bars - Variety Pack - Made with Organic Oats - 9-11g Protein - Non-GMO - Plant Based - 2.4 oz. (16 Count)</p><p>$25.98 ($0.68 / Ounce)</p><a href="https://www.amazon.com/dp/B07D83162X?tag=eloabder-20&linkCode=osi&th=1&psc=1">View Product</a></div><div class="product"><a href="https://www.amazon.com/dp/B0CXQ6QP2B?tag=eloabder-20&linkCode=osi&th=1&psc=1"><img src="https://m.media-amazon.com/images/I/41zGg7iGu+L._SL500_.jpg" alt="Product Image"></a><p>CLIF BAR - Crunchy Peanut Butter - Made with Organic Oats - 11g Protein - Non-GMO - Plant Based - Energy Bars - 2.4 oz. (15 Pack)</p><p>$17.24 ($0.48 / Ounce)</p><a href="https://www.amazon.com/dp/B0CXQ6QP2B?tag=eloabder-20&linkCode=osi&th=1&psc=1">View Product</a></div><div class="product"><a href="https://www.amazon.com/dp/B00GJ82VK4?tag=eloabder-20&linkCode=osi&th=1&psc=1"><img src="https://m.media-amazon.com/images/I/51j2KOV9-+L._SL500_.jpg" alt="Product Image"></a><p>Pure Protein Bars, High Protein, Nutritious Snacks to Support Energy, Low Sugar, Gluten Free, Chocolate Peanut Butter, 1.76oz, 12 Count (Packaging May Vary)</p><p>$15.55 ($0.73 / Ounce)</p><a href="https://www.amazon.com/dp/B00GJ82VK4?tag=eloabder-20&linkCode=osi&th=1&psc=1">View Product</a></div><div class="product"><a href="https://www.amazon.com/dp/B084R2FJVV?tag=eloabder-20&linkCode=osi&th=1&psc=1"><img src="https://m.media-amazon.com/images/I/51mGjMQ-PjL._SL500_.jpg" alt="Product Image"></a><p>KIND Energy Bars, Chocolate Chunk, Healthy Snacks, Gluten Free, 30 Count</p><p>$35.45 ($0.56 / Ounce)</p><a href="https://www.amazon.com/dp/B084R2FJVV?tag=eloabder-20&linkCode=osi&th=1&psc=1">View Product</a></div><div class="product"><a href="https://www.amazon.com/dp/B0BHMRSNWX?tag=eloabder-20&linkCode=osi&th=1&psc=1"><img src="https://m.media-amazon.com/images/I/51mha5Z8vAL._SL500_.jpg" alt="Product Image"></a><p>Verb Energy - Variety Pack Caffeinated Snack Bars - 110-Calorie Low Sugar Energy Bar - Nutrition Bars - Vegan Snacks - Gluten Free Breakfast Bars with Organic Green Tea, 26g (Pack of 16)</p><p>$28.95 ($1.97 / Ounce)</p><a href="https://www.amazon.com/dp/B0BHMRSNWX?tag=eloabder-20&linkCode=osi&th=1&psc=1">View Product</a></div><div class="product"><a href="https://www.amazon.com/dp/B08939X5HL?tag=eloabder-20&linkCode=osi&th=1&psc=1"><img src="https://m.media-amazon.com/images/I/51RKwNvJZiL._SL500_.jpg" alt="Product Image"></a><p>Nature Valley Chewy Fruit and Nut Granola Bars, Trail Mix, 1.2 oz, 15 ct</p><p>$6.24 ($0.35 / Ounce)</p><a href="https://www.amazon.com/dp/B08939X5HL?tag=eloabder-20&linkCode=osi&th=1&psc=1">View Product</a></div><div class="product"><a href="https://www.amazon.com/dp/B004XEDS5I?tag=eloabder-20&linkCode=osi&th=1&psc=1"><img src="https://m.media-amazon.com/images/I/51dc89OLXjL._SL500_.jpg" alt="Product Image"></a><p>CLIF BAR - Chocolate Chip - Made with Organic Oats - Non-GMO - Plant Based - Energy Bars - 2.4 oz. (12 Pack)</p><p>$15.17 ($0.53 / Ounce)</p><a href="https://www.amazon.com/dp/B004XEDS5I?tag=eloabder-20&linkCode=osi&th=1&psc=1">View Product</a></div><div class="product"><a href="https://www.amazon.com/dp/B07HHK51J9?tag=eloabder-20&linkCode=osi&th=1&psc=1"><img src="https://m.media-amazon.com/images/I/41h0pofx49L._SL500_.jpg" alt="Product Image"></a><p>Quantum Energy Square: Energy Bar with Caffeine & 10g Protein. Delicious Healthy Snack On The Go. (Vegan, Gluten-free, Soy-free, Dairy-free). Flavor: Variety 8Pk</p><p>$19.95 ($1.48 / Ounce)</p><a href="https://www.amazon.com/dp/B07HHK51J9?tag=eloabder-20&linkCode=osi&th=1&psc=1">View Product</a></div><div class="product"><a href="https://www.amazon.com/dp/B0BY3NL6N3?tag=eloabder-20&linkCode=osi&th=1&psc=1"><img src="https://m.media-amazon.com/images/I/61a84haNQXL._SL500_.jpg" alt="Product Image"></a><p>Atkins Soft Baked Energy Bars, Blueberry, 15g Protein,2g Sugar, Excellent Source of Fiber, Low Carb, 4 Packs (5 Bars Each)</p><p>$40.00 ($2.00 / Count)</p><a href="https://www.amazon.com/dp/B0BY3NL6N3?tag=eloabder-20&linkCode=osi&th=1&psc=1">View Product</a></div><div class="product"><a href="https://www.amazon.com/dp/B0767X1YGZ?tag=eloabder-20&linkCode=osi&th=1&psc=1"><img src="https://m.media-amazon.com/images/I/41wLM+HSd7L._SL500_.jpg" alt="Product Image"></a><p>SKRATCH LABS Energy Bar | Cherry + Pistachio (12 pack) | Plant Based Healthy Snack | Low Sugar - 5g Protein | non-gmo, gluten free, soy free, vegan, kosher</p><p>$29.95 ($1.41 / Ounce)</p><a href="https://www.amazon.com/dp/B0767X1YGZ?tag=eloabder-20&linkCode=osi&th=1&psc=1">View Product</a></div>
<div class="product"><a href="https://www.amazon.com/dp/B00819SSGK?tag=eloabder-20&linkCode=osi&th=1&psc=1"><img src="https://m.media-amazon.com/images/I/51OoPlQlUFL._SL500_.jpg" alt="Product Image"></a><p>Orville Redenbacher's Original Gourmet Popping Corn Kernels, 8 lb.</p><p>$13.28 ($0.10 / Ounce)</p><a href="https://www.amazon.com/dp/B00819SSGK?tag=eloabder-20&linkCode=osi&th=1&psc=1">View Product</a></div><div class="product"><a href="https://www.amazon.com/dp/B0C8QMKF7K?tag=eloabder-20&linkCode=osi&th=1&psc=1"><img src="https://m.media-amazon.com/images/I/41Q1zRw163L._SL500_.jpg" alt="Product Image"></a><p>Extra Buttery Caramel Gourmet Popcorn | 6 Cups Total | Made From Scratch, Made in USA, & GMO-Free | Great as a Snack, Gift, Thank You, & Movie Night - (10.8oz Total)</p><p>$8.99 ($0.83 / Ounce)</p><a href="https://www.amazon.com/dp/B0C8QMKF7K?tag=eloabder-20&linkCode=osi&th=1&psc=1">View Product</a></div><div class="product"><a href="https://www.amazon.com/dp/B0CKLW62T5?tag=eloabder-20&linkCode=osi&th=1&psc=1"><img src="https://m.media-amazon.com/images/I/51UzqTDjfaL._SL500_.jpg" alt="Product Image"></a><p>Garrett Popcorn Garrett Mix, 6.0oz, 4 Bags, Cheese and Caramel Gourmet Popcorn, Gluten Free, Sweet and Salty Snack, Popped Popcorn Bags</p><p>$24.95 ($1.04 / Ounce)</p><a href="https://www.amazon.com/dp/B0CKLW62T5?tag=eloabder-20&linkCode=osi&th=1&psc=1">View Product</a></div><div class="product"><a href="https://www.amazon.com/dp/B07JN5467R?tag=eloabder-20&linkCode=osi&th=1&psc=1"><img src="https://m.media-amazon.com/images/I/51vsJLZ79WL._SL500_.jpg" alt="Product Image"></a><p>Urban Accents MOVIE NIGHT Popcorn Kernels and Popcorn Seasoning Variety Pack (set of 8) - 3 Non-GMO Popcorn Kernel Packs and 5 Gourmet Popcorn Snack Seasoning</p><p>$22.00 ($1.01 / Ounce)</p><a href="https://www.amazon.com/dp/B07JN5467R?tag=eloabder-20&linkCode=osi&th=1&psc=1">View Product</a></div><div class="product"><a href="https://www.amazon.com/dp/B0C9592XTW?tag=eloabder-20&linkCode=osi&th=1&psc=1"><img src="https://m.media-amazon.com/images/I/41DvOymNLML._SL500_.jpg" alt="Product Image"></a><p>Funky Chunky Gourmet Popcorn, Chocolatey Popcorn, Pretzel, and Nutty Mixes, Peanut Butter Cup Popcorn, 19-Ounce Large Bag (Pack of 1)</p><p>$15.00 ($0.79 / Ounce)</p><a href="https://www.amazon.com/dp/B0C9592XTW?tag=eloabder-20&linkCode=osi&th=1&psc=1">View Product</a></div><div class="product"><a href="https://www.amazon.com/dp/B0D3FH1GW4?tag=eloabder-20&linkCode=osi&th=1&psc=1"><img src="https://m.media-amazon.com/images/I/51hBtOn2I4L._SL500_.jpg" alt="Product Image"></a><p>Garrett Popcorn Garrett Mix, 1.9oz, 12 Bags, Cheese and Caramel Gourmet Popcorn, Gluten Free, Sweet and Salty Snack Bags, Popped Popcorn Bags, Multipack</p><p>$29.95 ($1.31 / Ounce)</p><a href="https://www.amazon.com/dp/B0D3FH1GW4?tag=eloabder-20&linkCode=osi&th=1&psc=1">View Product</a></div><div class="product"><a href="https://www.amazon.com/dp/B00Q0PWE7Q?tag=eloabder-20&linkCode=osi&th=1&psc=1"><img src="https://m.media-amazon.com/images/I/51jM1d0eF8L._SL500_.jpg" alt="Product Image"></a><p>Popcornopolis Gourmet Caramel Corn Popcorn, Popped Popcorn Snack Bags 9.5 Oz</p><p>$8.99 ($0.95 / Ounce)</p><a href="https://www.amazon.com/dp/B00Q0PWE7Q?tag=eloabder-20&linkCode=osi&th=1&psc=1">View Product</a></div><div class="product"><a href="https://www.amazon.com/dp/B00D2H6LOW?tag=eloabder-20&linkCode=osi&th=1&psc=1"><img src="https://m.media-amazon.com/images/I/41iePRgsY5L._SL500_.jpg" alt="Product Image"></a><p>Thatcher's Gourmet Specialties Fruit Medley, 8 Oz (Pack of 1)</p><p>$6.25 ($0.78 / Ounce)</p><a href="https://www.amazon.com/dp/B00D2H6LOW?tag=eloabder-20&linkCode=osi&th=1&psc=1">View Product</a></div>
<div class="product"><a href="https://www.amazon.com/dp/B07ZXN7LPC?tag=eloabder-20&linkCode=osi&th=1&psc=1"><img src="https://m.media-amazon.com/images/I/51YkD3V1JyL._SL500_.jpg" alt="Product Image"></a><p>Mantova Organic Italian Specialty Pasta, Caserecce (2 packs of 1 lb. each) - Artisan Pasta, Non-GMO, Vegan, Kosher Certified, and Imported From Italy, Premium Quality</p><p>$12.99 ($0.41 / Ounce)</p><a href="https://www.amazon.com/dp/B07ZXN7LPC?tag=eloabder-20&linkCode=osi&th=1&psc=1">View Product</a></div><div class="product"><a href="https://www.amazon.com/dp/B01F2Z8ZOU?tag=eloabder-20&linkCode=osi&th=1&psc=1"><img src="https://m.media-amazon.com/images/I/51MK8iWLCgL._SL500_.jpg" alt="Product Image"></a><p>Mantova Organic Italian Specialty Pasta, Lumaconi, 1 lb (Pack of 2)</p><p>$13.99 ($0.87 / Ounce)</p><a href="https://www.amazon.com/dp/B01F2Z8ZOU?tag=eloabder-20&linkCode=osi&th=1&psc=1">View Product</a></div><div class="product"><a href="https://www.amazon.com/dp/B004N5HA6A?tag=eloabder-20&linkCode=osi&th=1&psc=1"><img src="https://m.media-amazon.com/images/I/517oR0RhHgL._SL500_.jpg" alt="Product Image"></a><p>Morelli Gourmet Pasta Italian Gift Basket From Italy - Tricolor Pasta Linguine Set - Red Chili, Garlic & Basil, and Lemon Pasta - Tricolored Organic Pasta from Italy, Made in Italy (3x 8.8 Ounce)</p><p>$31.99 ($1.21 / Ounce)</p><a href="https://www.amazon.com/dp/B004N5HA6A?tag=eloabder-20&linkCode=osi&th=1&psc=1">View Product</a></div><div class="product"><a href="https://www.amazon.com/dp/B00I8R5HSW?tag=eloabder-20&linkCode=osi&th=1&psc=1"><img src="https://m.media-amazon.com/images/I/41miThBoNtL._SL500_.jpg" alt="Product Image"></a><p>Mafaldine Italian Pasta di Gragnano | I.G.P. Protected | USDA Certified Organic | 17.6 Ounce | 500 Gram</p><p>$12.95 ($0.73 / Ounce)</p><a href="https://www.amazon.com/dp/B00I8R5HSW?tag=eloabder-20&linkCode=osi&th=1&psc=1">View Product</a></div><div class="product"><a href="https://www.amazon.com/dp/B0B1469JM5?tag=eloabder-20&linkCode=osi&th=1&psc=1"><img src="https://m.media-amazon.com/images/I/51spzGwiJ9L._SL500_.jpg" alt="Product Image"></a><p>Morelli Busiate, Pici, and Bucatini Organic Pasta Variety Pack - Imported Italian Pasta Sampler - Specialty Assortment Includes Three-17.6 oz Packages of Gourmet Pasta from Italy</p><p>$39.99 ($0.76 / Ounce)</p><a href="https://www.amazon.com/dp/B0B1469JM5?tag=eloabder-20&linkCode=osi&th=1&psc=1">View Product</a></div><div class="product"><a href="https://www.amazon.com/dp/B083X2P94L?tag=eloabder-20&linkCode=osi&th=1&psc=1"><img src="https://m.media-amazon.com/images/I/51APpkv+ImL._SL500_.jpg" alt="Product Image"></a><p>Pasta Deliziosa! Handcrafted Pasta Variety Pack, All Flavors, 12 Ounce (Pack of 6)</p><p>$38.99 ($3.25 / Ounce)</p><a href="https://www.amazon.com/dp/B083X2P94L?tag=eloabder-20&linkCode=osi&th=1&psc=1">View Product</a></div><div class="product"><a href="https://www.amazon.com/dp/B0793LPXRN?tag=eloabder-20&linkCode=osi&th=1&psc=1"><img src="https://m.media-amazon.com/images/I/41zIY0jxDdL._SL500_.jpg" alt="Product Image"></a><p>La Molisana Pasta Anellini Siciliani, 16 oz</p><p>$6.95 ($0.43 / Ounce)</p><a href="https://www.amazon.com/dp/B0793LPXRN?tag=eloabder-20&linkCode=osi&th=1&psc=1">View Product</a></div><div class="product"><a href="https://www.amazon.com/dp/B006ODJEBS?tag=eloabder-20&linkCode=osi&th=1&psc=1"><img src="https://m.media-amazon.com/images/I/51x4T3SOw1L._SL500_.jpg" alt="Product Image"></a><p>La Molisana Pasta Fusilli Bucati Cort, 1 Pound (Pack of 1)</p><p>$7.99 ($0.05 / Ounce)</p><a href="https://www.amazon.com/dp/B006ODJEBS?tag=eloabder-20&linkCode=osi&th=1&psc=1">View Product</a></div><div class="product"><a href="https://www.amazon.com/dp/B0095F92HS?tag=eloabder-20&linkCode=osi&th=1&psc=1"><img src="https://m.media-amazon.com/images/I/51IXE-gW1gL._SL500_.jpg" alt="Product Image"></a><p>De Cecco Pasta, Egg Pappardelle, 8.8 Ounce</p><p>$2.50 ($0.28 / Ounce)</p><a href="https://www.amazon.com/dp/B0095F92HS?tag=eloabder-20&linkCode=osi&th=1&psc=1">View Product</a></div><div class="product"><a href="https://www.amazon.com/dp/B000LRH8AM?tag=eloabder-20&linkCode=osi&th=1&psc=1"><img src="https://m.media-amazon.com/images/I/517Gsx3xbQL._SL500_.jpg" alt="Product Image"></a><p>RiceSelect Tri-Color Orzo Rice-Shaped Pasta, Premium Spinach- and Tomato-Flavored Non-GMO Orzo Pasta, 32-Ounce Jar</p><p>$7.29 ($0.28 / Ounce)</p><a href="https://www.amazon.com/dp/B000LRH8AM?tag=eloabder-20&linkCode=osi&th=1&psc=1">View Product</a></div>
<div class="product"><a href="https://www.amazon.com/dp/B00LUK2TGC?tag=eloabder-20&linkCode=osi&th=1&psc=1"><img src="https://m.media-amazon.com/images/I/51-6ifc3VmL._SL500_.jpg" alt="Product Image"></a><p>The Gourmet Choice Gift Basket by Wine Country Gift Baskets</p><p>$83.35</p><a href="https://www.amazon.com/dp/B00LUK2TGC?tag=eloabder-20&linkCode=osi&th=1&psc=1">View Product</a></div><div class="product"><a href="https://www.amazon.com/dp/B009LHPJ1S?tag=eloabder-20&linkCode=osi&th=1&psc=1"><img src="https://m.media-amazon.com/images/I/51cf0AEkjgL._SL500_.jpg" alt="Product Image"></a><p>Wine Country Gift Baskets Gourmet Feast Perfect For Family, Friends, Co-Workers, Loved Ones and Clients</p><p>$59.95</p><a href="https://www.amazon.com/dp/B009LHPJ1S?tag=eloabder-20&linkCode=osi&th=1&psc=1">View Product</a></div><div class="product"><a href="https://www.amazon.com/dp/B004D9XYWU?tag=eloabder-20&linkCode=osi&th=1&psc=1"><img src="https://m.media-amazon.com/images/I/515H6eRSagL._SL500_.jpg" alt="Product Image"></a><p>A Gift Inside Chocolate, Caramel and Crunch Grand Gift Basket</p><p>$42.95</p><a href="https://www.amazon.com/dp/B004D9XYWU?tag=eloabder-20&linkCode=osi&th=1&psc=1">View Product</a></div><div class="product"><a href="https://www.amazon.com/dp/B00BY78O7Y?tag=eloabder-20&linkCode=osi&th=1&psc=1"><img src="https://m.media-amazon.com/images/I/51sFeewMqVL._SL500_.jpg" alt="Product Image"></a><p>The Bon Appetit Gourmet Gift Basket by Wine Country Gift Baskets Gift for Families College Students Appreciation Thank You Congratulations Get Well Soon Care Package</p><p>$49.95</p><a href="https://www.amazon.com/dp/B00BY78O7Y?tag=eloabder-20&linkCode=osi&th=1&psc=1">View Product</a></div><div class="product"><a href="https://www.amazon.com/dp/B07CHSN691?tag=eloabder-20&linkCode=osi&th=1&psc=1"><img src="https://m.media-amazon.com/images/I/51-Qvkf4yFL._SL500_.jpg" alt="Product Image"></a><p>Dried Fruit Gift Basket– Healthy Gourmet Snack Box - Holiday Food Tray - Variety Snacks - Birthday, Sympathy, Mom, Dad, Corporate Tray - Bonnie & Pop</p><p>$37.99</p><a href="https://www.amazon.com/dp/B07CHSN691?tag=eloabder-20&linkCode=osi&th=1&psc=1">View Product</a></div><div class="product"><a href="https://www.amazon.com/dp/B00FBGKCHE?tag=eloabder-20&linkCode=osi&th=1&psc=1"><img src="https://m.media-amazon.com/images/I/51anmoX7EkL._SL500_.jpg" alt="Product Image"></a><p>Broadway Basketeers Chocolate Gift Basket Snack Gifts for Women, Men, Families, College, Appreciation, Thank You, Birthday, Corporate, Get Well Soon, Sympathy Care Package</p><p>$48.70 ($48.70 / Count)</p><a href="https://www.amazon.com/dp/B00FBGKCHE?tag=eloabder-20&linkCode=osi&th=1&psc=1">View Product</a></div><div class="product"><a href="https://www.amazon.com/dp/B00BY78O60?tag=eloabder-20&linkCode=osi&th=1&psc=1"><img src="https://m.media-amazon.com/images/I/51vKfvc7JTL._SL500_.jpg" alt="Product Image"></a><p>Wine Country Gift Baskets The Connoisseur Gourmet Gift Basket Food Gift Basket for Families College Students Appreciation Thank You Congratulations Get Well Soon Care Package</p><p>$56.36</p><a href="https://www.amazon.com/dp/B00BY78O60?tag=eloabder-20&linkCode=osi&th=1&psc=1">View Product</a></div><div class="product"><a href="https://www.amazon.com/dp/B07FT598PM?tag=eloabder-20&linkCode=osi&th=1&psc=1"><img src="https://m.media-amazon.com/images/I/51OJVHYoRsL._SL500_.jpg" alt="Product Image"></a><p>Wine Country Gift Baskets Gourmet Deluxe Gift Basket</p><p>$99.95</p><a href="https://www.amazon.com/dp/B07FT598PM?tag=eloabder-20&linkCode=osi&th=1&psc=1">View Product</a></div>
<div class="product"><a href="https://www.amazon.com/dp/B0B5ZTZL6G?tag=eloabder-20&linkCode=osi&th=1&psc=1"><img src="https://m.media-amazon.com/images/I/51rZYLnRlVL._SL500_.jpg" alt="Product Image"></a><p>Reinmoson Tea Strainers for Loose Tea, Extra Fine Mesh Tea Infuser, 304 Stainless Steel & Updated Slim Threaded Lid, Loose Leaf Tea Steeper for Black Tea, Rooibos, etc</p><p>$9.99</p><a href="https://www.amazon.com/dp/B0B5ZTZL6G?tag=eloabder-20&linkCode=osi&th=1&psc=1">View Product</a></div><div class="product"><a href="https://www.amazon.com/dp/B00SBTK5KW?tag=eloabder-20&linkCode=osi&th=1&psc=1"><img src="https://m.media-amazon.com/images/I/414cqIbd9eL._SL500_.jpg" alt="Product Image"></a><p>Tea Forte Single Steeps Loose Leaf Lotus Tea Sampler, Assorted Variety Tea Box, Serve Pouches,15 Count (Pack of 1)</p><p>$18.00 ($9.33 / Ounce)</p><a href="https://www.amazon.com/dp/B00SBTK5KW?tag=eloabder-20&linkCode=osi&th=1&psc=1">View Product</a></div><div class="product"><a href="https://www.amazon.com/dp/B08VMR4MXN?tag=eloabder-20&linkCode=osi&th=1&psc=1"><img src="https://m.media-amazon.com/images/I/51qQv4-VV3L._SL500_.jpg" alt="Product Image"></a><p>Twinings Tea Sampler Set 12 Flavors Assortment 48 Assorted Tea Bags with 20 Honey Sticks for Tea, Straws and Naturally Caffeine Free Herbal Tea Set…</p><p>$22.96 ($22.96 / Count)</p><a href="https://www.amazon.com/dp/B08VMR4MXN?tag=eloabder-20&linkCode=osi&th=1&psc=1">View Product</a></div><div class="product"><a href="https://www.amazon.com/dp/B074T2FWJY?tag=eloabder-20&linkCode=osi&th=1&psc=1"><img src="https://m.media-amazon.com/images/I/41n1uoomGAL._SL500_.jpg" alt="Product Image"></a><p>10Pcs Heart Tea Infuser for Loose Leaf Tea Steeper - Tea Diffusers for Loose Tea Leaf Steeper Tea Strainers for Loose Tea Infuser Spoon - Tea Steeper for Loose Tea Strainer Heart Shaped Tea Infuser</p><p>$9.98 ($1.00 / Count)</p><a href="https://www.amazon.com/dp/B074T2FWJY?tag=eloabder-20&linkCode=osi&th=1&psc=1">View Product</a></div><div class="product"><a href="https://www.amazon.com/dp/B074L4MZRY?tag=eloabder-20&linkCode=osi&th=1&psc=1"><img src="https://m.media-amazon.com/images/I/418v4F8ZhkL._SL500_.jpg" alt="Product Image"></a><p>VAHDAM Perfect Measure Loose Leaf Tea Spoon | Premium Quality Stainless Steel Tea Scoop | Perfect Measuring Teaspoons To Brew 1 Cup Of Loose Leaf Tea & Matcha</p><p>$7.99</p><a href="https://www.amazon.com/dp/B074L4MZRY?tag=eloabder-20&linkCode=osi&th=1&psc=1">View Product</a></div><div class="product"><a href="https://www.amazon.com/dp/B09FF6P7BL?tag=eloabder-20&linkCode=osi&th=1&psc=1"><img src="https://m.media-amazon.com/images/I/41oGPC0w7ML._SL500_.jpg" alt="Product Image"></a><p>Cute Tea Infuser by OTOTO - Loose Leaf Tea Steeper, Tea Accessories, Tea Diffusers, Tea Infuser for Loose Leaf Tea, Tea Strainers, Cute Gifts, Tea Gift Set, Kitchen Gifts, Cooking Gadgets</p><p>$14.95</p><a href="https://www.amazon.com/dp/B09FF6P7BL?tag=eloabder-20&linkCode=osi&th=1&psc=1">View Product</a></div><div class="product"><a href="https://www.amazon.com/dp/B072XP4FQK?tag=eloabder-20&linkCode=osi&th=1&psc=1"><img src="https://m.media-amazon.com/images/I/31Lfv+7oU6L._SL500_.jpg" alt="Product Image"></a><p>Tea Infuser (Set of 2 Pyramid & Square) with Tea Scoop | Ultra Fine Tea Strainer for Loose Leaf Tea | Stainless Steel Tea Steeper for a Superior Brewing Experience</p><p>$9.99</p><a href="https://www.amazon.com/dp/B072XP4FQK?tag=eloabder-20&linkCode=osi&th=1&psc=1">View Product</a></div><div class="product"><a href="https://www.amazon.com/dp/B0D2SCT4C4?tag=eloabder-20&linkCode=osi&th=1&psc=1"><img src="https://m.media-amazon.com/images/I/51vJnfc4-JL._SL500_.jpg" alt="Product Image"></a><p>Organic Tea Gift Set with Portable Kettle - 36 Piece Tea Gifts for Tea Lovers - Includes Insulated Mug, Assorted Organic Teas, Honey Sticks & Tea Accessories - Ultimate Brewing Experience</p><p>$56.90</p><a href="https://www.amazon.com/dp/B0D2SCT4C4?tag=eloabder-20&linkCode=osi&th=1&psc=1">View Product</a></div>
<div class="product"><a href="https://www.amazon.com/dp/B01NAV05XS?tag=eloabder-20&linkCode=osi&th=1&psc=1"><img src="https://m.media-amazon.com/images/I/51xpd-egLaL._SL500_.jpg" alt="Product Image"></a><p>Torani Variety Pack Caramel, French Vanilla, Vanilla & Hazelnut, 25.4 Ounces (Pack of 4)</p><p>$35.99 ($0.35 / Fl Oz)</p><a href="https://www.amazon.com/dp/B01NAV05XS?tag=eloabder-20&linkCode=osi&th=1&psc=1">View Product</a></div><div class="product"><a href="https://www.amazon.com/dp/B084NVN1J6?tag=eloabder-20&linkCode=osi&th=1&psc=1"><img src="https://m.media-amazon.com/images/I/51Vz7p8hhyL._SL500_.jpg" alt="Product Image"></a><p>Bones Coffee Company Cookies 'N Dreams Coffee Beans, Cookies & Cream Flavor, Low Acid Flavored Coffee, Made with Arabica Coffee Beans, Medium Roast Gourmet Coffee (12 oz)</p><p>$17.99 ($1.50 / Ounce)</p><a href="https://www.amazon.com/dp/B084NVN1J6?tag=eloabder-20&linkCode=osi&th=1&psc=1">View Product</a></div><div class="product"><a href="https://www.amazon.com/dp/B0C2DHCBD6?tag=eloabder-20&linkCode=osi&th=1&psc=1"><img src="https://m.media-amazon.com/images/I/51wa33jmF7L._SL500_.jpg" alt="Product Image"></a><p>Torani Puremade Sauce Variety Pack, 4 Flavors, 16.5 Ounces Bottle (Set of 4)</p><p>$25.99 ($0.39 / Ounce)</p><a href="https://www.amazon.com/dp/B0C2DHCBD6?tag=eloabder-20&linkCode=osi&th=1&psc=1">View Product</a></div><div class="product"><a href="https://www.amazon.com/dp/B000S75D66?tag=eloabder-20&linkCode=osi&th=1&psc=1"><img src="https://m.media-amazon.com/images/I/41AZMaoxbWL._SL500_.jpg" alt="Product Image"></a><p>illy Ground Coffee Moka - 100% Arabica Flavored Coffee Ground - Rich Aromatic Coffee Grounds Profile – Classico Medium Roast - Notes of Caramel, Orange Blossom & Jasmine - No Preservatives – 8.8 Ounce</p><p>$13.85 ($1.57 / Ounce)</p><a href="https://www.amazon.com/dp/B000S75D66?tag=eloabder-20&linkCode=osi&th=1&psc=1">View Product</a></div><div class="product"><a href="https://www.amazon.com/dp/B0BBY6V5T3?tag=eloabder-20&linkCode=osi&th=1&psc=1"><img src="https://m.media-amazon.com/images/I/515wvEFTD7L._SL500_.jpg" alt="Product Image"></a><p>Bones Coffee Company NEW World Tour Sample Pack | Ground Coffee Beans Sampler Gift Box Set | 4 oz Pack of 5 Assorted Single-Origin Gourmet Coffee Gifts | Medium Roast Coffee Beverages (Ground)</p><p>$34.99 ($1.75 / Ounce)</p><a href="https://www.amazon.com/dp/B0BBY6V5T3?tag=eloabder-20&linkCode=osi&th=1&psc=1">View Product</a></div>

<div class="product"><a href="https://www.amazon.com/dp/B01E4C982U?tag=eloabder-20&linkCode=osi&th=1&psc=1"><img src="https://m.media-amazon.com/images/I/51nAunBrSiL._SL500_.jpg" alt="Product Image"></a><p>Green Tea leaves Sencha, JAS Certified Organic, Japanese Tea, Uji-Kyoto, 80g Bag 【YAMASAN】</p><p>$14.70 ($5.25 / Ounce)</p><a href="https://www.amazon.com/dp/B01E4C982U?tag=eloabder-20&linkCode=osi&th=1&psc=1">View Product</a></div><div class="product"><a href="https://www.amazon.com/dp/B000SARJF6?tag=eloabder-20&linkCode=osi&th=1&psc=1"><img src="https://m.media-amazon.com/images/I/51hE2hmSzuL._SL500_.jpg" alt="Product Image"></a><p>Davidson's Tea Bulk, English Breakfast, 16 Ounce</p><p>$15.99 ($1.00 / Ounce)</p><a href="https://www.amazon.com/dp/B000SARJF6?tag=eloabder-20&linkCode=osi&th=1&psc=1">View Product</a></div><div class="product"><a href="https://www.amazon.com/dp/B008FOLQRE?tag=eloabder-20&linkCode=osi&th=1&psc=1"><img src="https://m.media-amazon.com/images/I/51F0rcvhhvL._SL500_.jpg" alt="Product Image"></a><p>Traditional Medicinals Organic Raspberry Leaf Herbal Tea, Eases Menstrual Cramps & Supports Healthy Pregnancy, (Pack of 1) - 16 Tea Bags</p><p>$4.92 ($5.79 / Ounce)</p><a href="https://www.amazon.com/dp/B008FOLQRE?tag=eloabder-20&linkCode=osi&th=1&psc=1">View Product</a></div><div class="product"><a href="https://www.amazon.com/dp/B00136MKEO?tag=eloabder-20&linkCode=osi&th=1&psc=1"><img src="https://m.media-amazon.com/images/I/41Ll68Q3iLL._SL500_.jpg" alt="Product Image"></a><p>Ahmad Tea Earl Grey Aromatic Loose Tea, Ceylon Caddy, 17.6 Oz</p><p>$14.87 ($0.84 / Ounce)</p><a href="https://www.amazon.com/dp/B00136MKEO?tag=eloabder-20&linkCode=osi&th=1&psc=1">View Product</a></div><div class="product"><a href="https://www.amazon.com/dp/B087G3NQGN?tag=eloabder-20&linkCode=osi&th=1&psc=1"><img src="https://m.media-amazon.com/images/I/51wev+SayvL._SL500_.jpg" alt="Product Image"></a><p>TIAN HU SHAN Premium Green Tea Loose Leaf 16 Ounce (454g)</p><p>$14.98 ($0.94 / Ounce)</p><a href="https://www.amazon.com/dp/B087G3NQGN?tag=eloabder-20&linkCode=osi&th=1&psc=1">View Product</a></div><div class="product"><a href="https://www.amazon.com/dp/B007Y94GN2?tag=eloabder-20&linkCode=osi&th=1&psc=1"><img src="https://m.media-amazon.com/images/I/51hqdPaNJYL._SL500_.jpg" alt="Product Image"></a><p>The Tao of Tea, Hibiscus Ginger Tea, Loose Leaf, 3.0 Ounce Tin to make 50 cups</p><p>$10.90 ($3.63 / Ounce)</p><a href="https://www.amazon.com/dp/B007Y94GN2?tag=eloabder-20&linkCode=osi&th=1&psc=1">View Product</a></div><div class="product"><a href="https://www.amazon.com/dp/B0D3WN5RG3?tag=eloabder-20&linkCode=osi&th=1&psc=1"><img src="https://m.media-amazon.com/images/I/5109jIe8NoL._SL500_.jpg" alt="Product Image"></a><p>Mevlana Ceylon Tea, Loose Leaf, 1 Lbs - Best Ceylon Black Tea Leaves from Sri Lanka - Loose Leaf Black Tea</p><p>$14.99 ($0.94 / Ounce)</p><a href="https://www.amazon.com/dp/B0D3WN5RG3?tag=eloabder-20&linkCode=osi&th=1&psc=1">View Product</a></div><div class="product"><a href="https://www.amazon.com/dp/B087G345SM?tag=eloabder-20&linkCode=osi&th=1&psc=1"><img src="https://m.media-amazon.com/images/I/51gQfgKqklL._SL500_.jpg" alt="Product Image"></a><p>TIAN HU SHAN Premium Oolong Tea Loose Leaf 14 Ounce (400g)</p><p>$14.99 ($1.07 / Ounce)</p><a href="https://www.amazon.com/dp/B087G345SM?tag=eloabder-20&linkCode=osi&th=1&psc=1">View Product</a></div>
<div class="product"><a href="https://www.amazon.com/dp/B08XWVFTKS?tag=eloabder-20&linkCode=osi&th=1&psc=1"><img src="https://m.media-amazon.com/images/I/41hJk3cTdnL._SL500_.jpg" alt="Product Image"></a><p>Lindt Gourmet Chocolate Truffles Gift Box, Assorted Chocolate Truffles, Great for gift giving, 14.7 Ounces</p><p>$24.99 ($1.70 / Ounce)</p><a href="https://www.amazon.com/dp/B08XWVFTKS?tag=eloabder-20&linkCode=osi&th=1&psc=1">View Product</a></div>
<div class="product"><a href="https://www.amazon.com/dp/B0CJ3XYPV3?tag=eloabder-20&linkCode=osi&th=1&psc=1"><img src="https://m.media-amazon.com/images/I/519ufxoFyDL._SL500_.jpg" alt="Product Image"></a><p>Blue House VARIETY Handcrafted Gourmet Caramel Candies Gift Box, Maple, Raspberry, Coffee, and Sea Salt</p><p>$26.98 ($1.35 / Count)</p><a href="https://www.amazon.com/dp/B0CJ3XYPV3?tag=eloabder-20&linkCode=osi&th=1&psc=1">View Product</a></div><div class="product"><a href="https://www.amazon.com/dp/B06VW4Z7B1?tag=eloabder-20&linkCode=osi&th=1&psc=1"><img src="https://m.media-amazon.com/images/I/516NdD4b5nL._SL500_.jpg" alt="Product Image"></a><p>BALI'S BEST Coffee Candy - Original Flavor | 1lb Jar | Rich, Smooth Taste | Indulge in Gourmet Coffee Delight - For Coffee Lovers, Delicious Treat for Any Occasion</p><p>$9.87 ($0.62 / Ounce)</p><a href="https://www.amazon.com/dp/B06VW4Z7B1?tag=eloabder-20&linkCode=osi&th=1&psc=1">View Product</a></div><div class="product"><a href="https://www.amazon.com/dp/B086N119VC?tag=eloabder-20&linkCode=osi&th=1&psc=1"><img src="https://m.media-amazon.com/images/I/41xKAcovvCS._SL500_.jpg" alt="Product Image"></a><p>Cerez Pazari Turkish Delight Candy with Assorted Mix Flavours 16 oz Gourmet Medium Size Snacks Gift Box | No Nuts Sweet Luxury Traditional Confectionery Vegan Lokum Loukoumi Approx.42 Pcs</p><p>$13.49 ($0.96 / Ounce)</p><a href="https://www.amazon.com/dp/B086N119VC?tag=eloabder-20&linkCode=osi&th=1&psc=1">View Product</a></div>
<div class="product"><a href="https://www.amazon.com/dp/B07CJLPR4P?tag=eloabder-20&linkCode=osi&th=1&psc=1"><img src="https://m.media-amazon.com/images/I/41vviwnqT4L._SL500_.jpg" alt="Product Image"></a><p>Funky Chunky Gourmet Popcorn Sampler Variety Pack with all 5 flavors: Sea Salt Caramel, Nutty Choco Pop, Peanut Butter Cup, Chip Zel Pop, and Chocolate Pretzel, 2 oz (5 Bags)</p><p>$20.00 ($2.00 / Ounce)</p><a href="https://www.amazon.com/dp/B07CJLPR4P?tag=eloabder-20&linkCode=osi&th=1&psc=1">View Product</a></div><div class="product"><a href="https://www.amazon.com/dp/B0CB1Q5YQ1?tag=eloabder-20&linkCode=osi&th=1&psc=1"><img src="https://m.media-amazon.com/images/I/61Xzv3ZgRIL._SL500_.jpg" alt="Product Image"></a><p>Italian Cracker Assortment - Pack of 30 - Snack Size Cracker Packs - Great Mother's Day Gift - Gourmet Artisan Cracker Variety Pack - Rosemary, Olive, Sesame, Poppy & Sesame, Pizza Flavors - Gourmet Crackers for Charcuterie Party - Cracker Gift Box - Kosher, Preservative Free</p><p>$29.99 ($34.01 / Ounce)</p><a href="https://www.amazon.com/dp/B0CB1Q5YQ1?tag=eloabder-20&linkCode=osi&th=1&psc=1">View Product</a></div><div class="product"><a href="https://www.amazon.com/dp/B0BLMMSPLW?tag=eloabder-20&linkCode=osi&th=1&psc=1"><img src="https://m.media-amazon.com/images/I/61jdT7ZVojL._SL500_.jpg" alt="Product Image"></a><p>International Snack Box, 30 Pcs Premium Foreign Rare Snack Food Gifts with Suprise Item,European Snacks for Adults and Kids for Easter Day</p><p>$39.95 ($0.62 / Ounce)</p><a href="https://www.amazon.com/dp/B0BLMMSPLW?tag=eloabder-20&linkCode=osi&th=1&psc=1">View Product</a></div><div class="product"><a href="https://www.amazon.com/dp/B07Z9SBTTC?tag=eloabder-20&linkCode=osi&th=1&psc=1"><img src="https://m.media-amazon.com/images/I/51P13LVLpjL._SL500_.jpg" alt="Product Image"></a><p>Sahale Snacks Glazed Mix Nut Blend Variety Pack, 1.5 Oz Grab & Go Bags (12 Total Packs) - Four Different Dry-Roasted Deluxe Mixed Nuts Blends Included - Non-GMO Kosher & Certified Gluten-Free Snacks</p><p>$42.20 ($2.34 / Ounce)</p><a href="https://www.amazon.com/dp/B07Z9SBTTC?tag=eloabder-20&linkCode=osi&th=1&psc=1">View Product</a></div><div class="product"><a href="https://www.amazon.com/dp/B00LAQ4Z1I?tag=eloabder-20&linkCode=osi&th=1&psc=1"><img src="https://m.media-amazon.com/images/I/41PkJ7khWFL._SL500_.jpg" alt="Product Image"></a><p>Sheila G's Brownie Brittle – Chocolate Chip & Salted Caramel Thin and Crispy Sweet Snacks (Pack of 20, 1 oz), Rich Gourmet Brownie Bites Dessert</p><p>$29.70 ($1.48 / Ounce)</p><a href="https://www.amazon.com/dp/B00LAQ4Z1I?tag=eloabder-20&linkCode=osi&th=1&psc=1">View Product</a></div><div class="product"><a href="https://www.amazon.com/dp/B09GW1NT5C?tag=eloabder-20&linkCode=osi&th=1&psc=1"><img src="https://m.media-amazon.com/images/I/613yB5WvmhL._SL500_.jpg" alt="Product Image"></a><p>CRAVEBOX Gourmet Specialty Snacks Box Care Package Boxes for College Students Adults Healthy Cookies Bar Organic Variety Gift Pack Assortment Basket Mix Sampler Treat Final Exam Office Men Women Halloween Back to School</p><p>$36.95 ($36.95 / Count)</p><a href="https://www.amazon.com/dp/B09GW1NT5C?tag=eloabder-20&linkCode=osi&th=1&psc=1">View Product</a></div>

Aucun résultat trouvé.
<div class="product"><a href="https://www.amazon.com/dp/B07BQXJ123?tag=eloabder-20&linkCode=osi&th=1&psc=1"><img src="https://m.media-amazon.com/images/I/41h4IsgjbZL._SL500_.jpg" alt="Product Image"></a><p>Squirrel Brand Sweet Brown Butter Cashews, 3.5 Ounces Resealable Bag, Gluten Free, Vegetarian</p><p>$2.74 ($0.78 / Fl Oz)</p><a href="https://www.amazon.com/dp/B07BQXJ123?tag=eloabder-20&linkCode=osi&th=1&psc=1">View Product</a></div><div class="product"><a href="https://www.amazon.com/dp/B003P02EGU?tag=eloabder-20&linkCode=osi&th=1&psc=1"><img src="https://m.media-amazon.com/images/I/51aUMBXF71L._SL500_.jpg" alt="Product Image"></a><p>Sparkling Ice, Black Raspberry Sparkling Water, Zero Sugar Flavored Water, with Vitamins and Antioxidants, Low Calorie Beverage, 17 fl oz Bottles (Pack of 12)</p><p>$9.98 ($0.05 / Fl Oz)</p><a href="https://www.amazon.com/dp/B003P02EGU?tag=eloabder-20&linkCode=osi&th=1&psc=1">View Product</a></div><div class="product"><a href="https://www.amazon.com/dp/B0C6RG22VN?tag=eloabder-20&linkCode=osi&th=1&psc=1"><img src="https://m.media-amazon.com/images/I/31fjAuuWWNL._SL500_.jpg" alt="Product Image"></a><p>Bauducco Vanilla Wafers - Crispy Wafer Cookies With 3 Delicious, Indulgent, Decadent Layers of Vanilla Flavored Cream - Delicious Sweet Snack or Desert - 5.0 oz (Pack of 1)</p><p>$1.59 ($0.32 / Ounce)</p><a href="https://www.amazon.com/dp/B0C6RG22VN?tag=eloabder-20&linkCode=osi&th=1&psc=1">View Product</a></div><div class="product"><a href="https://www.amazon.com/dp/B09W5ZVDD2?tag=eloabder-20&linkCode=osi&th=1&psc=1"><img src="https://m.media-amazon.com/images/I/41SSfHVmdrL._SL500_.jpg" alt="Product Image"></a><p>Cinnamon Toast Crunch Creamy Cinnamon Spread, 10 Ounce</p><p>$2.48 ($0.25 / Ounce)</p><a href="https://www.amazon.com/dp/B09W5ZVDD2?tag=eloabder-20&linkCode=osi&th=1&psc=1">View Product</a></div><div class="product"><a href="https://www.amazon.com/dp/B00L2MWLMK?tag=eloabder-20&linkCode=osi&th=1&psc=1"><img src="https://m.media-amazon.com/images/I/51dBawJ2u9L._SL500_.jpg" alt="Product Image"></a><p>Duncan Hines Dark Chocolate Fudge Brownie Mix, 18.2 OZ</p><p>$1.54 ($0.08 / Ounce)</p><a href="https://www.amazon.com/dp/B00L2MWLMK?tag=eloabder-20&linkCode=osi&th=1&psc=1">View Product</a></div><div class="product"><a href="https://www.amazon.com/dp/B004M15U12?tag=eloabder-20&linkCode=osi&th=1&psc=1"><img src="https://m.media-amazon.com/images/I/51WF3t7pADL._SL500_.jpg" alt="Product Image"></a><p>PLANTERS Deluxe Salted Whole Cashews, Party Snacks, Plant-Based Protein, Quick Snack for Adults, After School Snack, Roasted Cashew Flavored with Sea Salt, Bulk Nuts, Kosher, 1 lb 2.25oz Canister</p><p>$9.98 ($0.55 / Ounce)</p><a href="https://www.amazon.com/dp/B004M15U12?tag=eloabder-20&linkCode=osi&th=1&psc=1">View Product</a></div><div class="product"><a href="https://www.amazon.com/dp/B078J62RYJ?tag=eloabder-20&linkCode=osi&th=1&psc=1"><img src="https://m.media-amazon.com/images/I/51AXLNUF66L._SL500_.jpg" alt="Product Image"></a><p>PLANTERS Deluxe Mixed Nuts, Cashews, Almonds, Pecans, Pistachios, Hazelnuts, Roasted with Sea Salt, Party Snacks, Plant-Based Protein, Quick Snack for Adults, After School Snack, 27oz Container</p><p>$17.51 ($0.65 / Ounce)</p><a href="https://www.amazon.com/dp/B078J62RYJ?tag=eloabder-20&linkCode=osi&th=1&psc=1">View Product</a></div><div class="product"><a href="https://www.amazon.com/dp/B0BSB1D65T?tag=eloabder-20&linkCode=osi&th=1&psc=1"><img src="https://m.media-amazon.com/images/I/51u9sSRdlIL._SL500_.jpg" alt="Product Image"></a><p>PLANTERS Cashews Cinnamon & Brown Sugar, Party Snacks, 5 Oz Bag</p><p>$3.50 ($0.70 / Ounce)</p><a href="https://www.amazon.com/dp/B0BSB1D65T?tag=eloabder-20&linkCode=osi&th=1&psc=1">View Product</a></div><div class="product"><a href="https://www.amazon.com/dp/B0BN4LZ5P3?tag=eloabder-20&linkCode=osi&th=1&psc=1"><img src="https://m.media-amazon.com/images/I/51OLBHQEeSL._SL500_.jpg" alt="Product Image"></a><p>Planters Dry Roasted Bold & Savory Peanuts, Party Snacks, Plant-Based Protein, 16 Oz Jar</p><p>$2.98 ($0.19 / Ounce)</p><a href="https://www.amazon.com/dp/B0BN4LZ5P3?tag=eloabder-20&linkCode=osi&th=1&psc=1">View Product</a></div>

<div class="product"><a href="https://www.amazon.com/dp/B0CJQJYYVQ?tag=eloabder-20&linkCode=osi&th=1&psc=1"><img src="https://m.media-amazon.com/images/I/51mbf3FOrUL._SL500_.jpg" alt="Product Image"></a><p>Dried Fruit and Nuts Gift Baskets, 9 Healthy Varieties of Nuts & Dried Fruit Gifts, Gourmet Prime Candy Basket Delivery, Family Edible Food Ideas for All, Anniversary, Birthday, Care Package, Corporate Gifts</p><p>$24.99 ($24.99 / Count)</p><a href="https://www.amazon.com/dp/B0CJQJYYVQ?tag=eloabder-20&linkCode=osi&th=1&psc=1">View Product</a></div><div class="product"><a href="https://www.amazon.com/dp/B0BRYN42RF?tag=eloabder-20&linkCode=osi&th=1&psc=1"><img src="https://m.media-amazon.com/images/I/61sztsxabsL._SL500_.jpg" alt="Product Image"></a><p>Dried Fruit & Nuts Gift Basket Arrangement Platter, Gourmet Food Snack Box, For Fathers Day, Birthday Care Package, Healthy Kosher - Her Him - 12 Snackberry Assortment (Single)</p><p>$24.99 ($1.03 / Ounce)</p><a href="https://www.amazon.com/dp/B0BRYN42RF?tag=eloabder-20&linkCode=osi&th=1&psc=1">View Product</a></div><div class="product"><a href="https://www.amazon.com/dp/B0CZ4H5N2S?tag=eloabder-20&linkCode=osi&th=1&psc=1"><img src="https://m.media-amazon.com/images/I/51NLO50v2cL._SL500_.jpg" alt="Product Image"></a><p>Variety Dried Fuit Gift Basket, Fathers Day Gift Basket, Gift Box for Birthday. Anniversary, Get Well Gift, Gift for Him, Her and Family, Snackberry (1 Pack)</p><p>$9.99 ($0.62 / Ounce)</p><a href="https://www.amazon.com/dp/B0CZ4H5N2S?tag=eloabder-20&linkCode=osi&th=1&psc=1">View Product</a></div><div class="product"><a href="https://www.amazon.com/dp/B09HW1C373?tag=eloabder-20&linkCode=osi&th=1&psc=1"><img src="https://m.media-amazon.com/images/I/418cDyDC0eL._SL500_.jpg" alt="Product Image"></a><p>Farm Fresh Assorted Nuts Gift Basket - Artfully Arranged Gourmet Nuts and Dried Fruit Collection - Prime Arrangement Platter - Makes a Delicious, Healthy Gift Basket For Holidays, Parties, Corporate Gifts, and More</p><p>$12.99 ($12.99 / Count)</p><a href="https://www.amazon.com/dp/B09HW1C373?tag=eloabder-20&linkCode=osi&th=1&psc=1">View Product</a></div><div class="product"><a href="https://www.amazon.com/dp/B0CRD2MWB9?tag=eloabder-20&linkCode=osi&th=1&psc=1"><img src="https://m.media-amazon.com/images/I/51tT9Jj4hKL._SL500_.jpg" alt="Product Image"></a><p>Happy Birthday Dried Fruit & Nuts Gift Basket Arrangement Platter, Gourmet Food Snack Box, Birthday Care Package, Healthy Kosher, Her Him (9 Assortments)</p><p>$19.99 ($19.99 / Count)</p><a href="https://www.amazon.com/dp/B0CRD2MWB9?tag=eloabder-20&linkCode=osi&th=1&psc=1">View Product</a></div><div class="product"><a href="https://www.amazon.com/dp/B0CHCJK5GN?tag=eloabder-20&linkCode=osi&th=1&psc=1"><img src="https://m.media-amazon.com/images/I/61dpK7BoYbL._SL500_.jpg" alt="Product Image"></a><p>Broadway Basketeers Deluxe Thank You Dried Fruit And Nuts Gift Basket - A Premium Healthy Appreciation Gift - Corporate, Family & Friends</p><p>$32.06</p><a href="https://www.amazon.com/dp/B0CHCJK5GN?tag=eloabder-20&linkCode=osi&th=1&psc=1">View Product</a></div>
<div class="product"><a href="https://www.amazon.com/dp/B078SZHZ82?tag=eloabder-20&linkCode=osi&th=1&psc=1"><img src="https://m.media-amazon.com/images/I/51S82IO04jL._SL500_.jpg" alt="Product Image"></a><p>DEL MONTE FRESH CUT BLUE LAKE Cut Green Beans Canned Vegetables,14.5 Ounce (Pack of 12)</p><p>$12.99 ($0.07 / Ounce)</p><a href="https://www.amazon.com/dp/B078SZHZ82?tag=eloabder-20&linkCode=osi&th=1&psc=1">View Product</a></div>
<div class="product"><a href="https://www.amazon.com/dp/B0C94YG17L?tag=eloabder-20&linkCode=osi&th=1&psc=1"><img src="https://m.media-amazon.com/images/I/51VfC5jp4OL._SL500_.jpg" alt="Product Image"></a><p>Hickory Farms Farmhouse Sausage & Cheese Medium Gift Box | Gourmet Food Basket | Charcuterie | Father's Day Gift | Perfect For Family, Birthday, Sympathy, Congratulations, Retirement, Thinking of You, Father's Day Gift</p><p>$34.99 ($34.99 / Count)</p><a href="https://www.amazon.com/dp/B0C94YG17L?tag=eloabder-20&linkCode=osi&th=1&psc=1">View Product</a></div><div class="product"><a href="https://www.amazon.com/dp/B00K35V3F8?tag=eloabder-20&linkCode=osi&th=1&psc=1"><img src="https://m.media-amazon.com/images/I/41bd0TKnKfL._SL500_.jpg" alt="Product Image"></a><p>Farmers' Market Charcuterie Gift for Summer, Wisconsin Cheese, Hickory Smoked Meat, Shelf Stable, Gourmet Meat and Cheese Platter, Large Original</p><p>$39.99</p><a href="https://www.amazon.com/dp/B00K35V3F8?tag=eloabder-20&linkCode=osi&th=1&psc=1">View Product</a></div><div class="product"><a href="https://www.amazon.com/dp/B0994V3KXV?tag=eloabder-20&linkCode=osi&th=1&psc=1"><img src="https://m.media-amazon.com/images/I/61Zr7E45qvL._SL500_.jpg" alt="Product Image"></a><p>Wisconsin Cheese Company - Specialty 100% Wisconsin Cheese Block Assortment 4 oz. (Pack of 7 Blocks) Cheddar, Pepper Jack, Swiss, Gouda, Cheddar Salami, Smoked Cheddar & Tomato Basil Cheese - Cheese Sampler Gift Set</p><p>$39.99 ($1.43 / Ounce)</p><a href="https://www.amazon.com/dp/B0994V3KXV?tag=eloabder-20&linkCode=osi&th=1&psc=1">View Product</a></div><div class="product"><a href="https://www.amazon.com/dp/B009Y7I2F0?tag=eloabder-20&linkCode=osi&th=1&psc=1"><img src="https://m.media-amazon.com/images/I/41VgrnxieeL._SL500_.jpg" alt="Product Image"></a><p>Wisconsin Cheese Company - 100% Wisconsin Cheddar & Pepper Jack Cheese and Cracker Gift Basket. Large Gourmet Gift Box Assortment. Great for Charcuterie Boards & Gifts.</p><p>$29.99 ($2.11 / Ounce)</p><a href="https://www.amazon.com/dp/B009Y7I2F0?tag=eloabder-20&linkCode=osi&th=1&psc=1">View Product</a></div><div class="product"><a href="https://www.amazon.com/dp/B00FY43IJ2?tag=eloabder-20&linkCode=osi&th=1&psc=1"><img src="https://m.media-amazon.com/images/I/41QN9RXV4RL._SL500_.jpg" alt="Product Image"></a><p>California Delicious Gourmet Cheeseboard Gift, 8 piece set</p><p>$47.98 ($6.00 / Count)</p><a href="https://www.amazon.com/dp/B00FY43IJ2?tag=eloabder-20&linkCode=osi&th=1&psc=1">View Product</a></div><div class="product"><a href="https://www.amazon.com/dp/B0CRM55TF8?tag=eloabder-20&linkCode=osi&th=1&psc=1"><img src="https://m.media-amazon.com/images/I/51Vz3kt14-L._SL500_.jpg" alt="Product Image"></a><p>Farmers' Market Cheese Block Assortment 7oz 6-Pack, Shelf Stable, Pasteurized, Locally Sourced Wisconsin Cheese (Assortment, 6 Count)</p><p>$29.99 ($0.71 / Ounce)</p><a href="https://www.amazon.com/dp/B0CRM55TF8?tag=eloabder-20&linkCode=osi&th=1&psc=1">View Product</a></div>
<div class="product"><a href="https://www.amazon.com/dp/B006GXQHKW?tag=eloabder-20&linkCode=osi&th=1&psc=1"><img src="https://m.media-amazon.com/images/I/41gffgWPG4L._SL500_.jpg" alt="Product Image"></a><p>Old Wisconsin Premium Summer Sausage, 100% Natural Meat, Charcuterie, Ready to Eat, High Protein, Low Carb, Keto, Gluten Free, Original Flavor, 8 Ounce</p><p>$6.09 ($0.76 / Count)</p><a href="https://www.amazon.com/dp/B006GXQHKW?tag=eloabder-20&linkCode=osi&th=1&psc=1">View Product</a></div><div class="product"><a href="https://www.amazon.com/dp/B07PNM9SNJ?tag=eloabder-20&linkCode=osi&th=1&psc=1"><img src="https://m.media-amazon.com/images/I/51XUGii8qrL._SL500_.jpg" alt="Product Image"></a><p>Meat Shredz - Premium Dried Pulled Pork (Variety, 6 Pack) | Gluten Free | High Protein & Low Sugar | Bacon Bits | Dehydrated Backpacking & Camping Food | Shredded, Dried Jerky Chew Snack</p><p>$42.95 ($52.06 / lb)</p><a href="https://www.amazon.com/dp/B07PNM9SNJ?tag=eloabder-20&linkCode=osi&th=1&psc=1">View Product</a></div><div class="product"><a href="https://www.amazon.com/dp/B0CVQWPGC5?tag=eloabder-20&linkCode=osi&th=1&psc=1"><img src="https://m.media-amazon.com/images/I/41M9k0m4dOL._SL500_.jpg" alt="Product Image"></a><p>Olympic Delights Premium Meats and Cheese Gift Box by Dan the Sausageman featuring Summer Sausage, Stuffed Olives, Crackers and Mustard</p><p>$68.95</p><a href="https://www.amazon.com/dp/B0CVQWPGC5?tag=eloabder-20&linkCode=osi&th=1&psc=1">View Product</a></div><div class="product"><a href="https://www.amazon.com/dp/B000FIUQAQ?tag=eloabder-20&linkCode=osi&th=1&psc=1"><img src="https://m.media-amazon.com/images/I/51-jFNA-ZgL._SL500_.jpg" alt="Product Image"></a><p>Hormel Premium No Salt Added Canned Chunk Chicken Breast in Water, 5 Ounce (Pack of 12)</p><p>$25.44 ($0.42 / Ounce)</p><a href="https://www.amazon.com/dp/B000FIUQAQ?tag=eloabder-20&linkCode=osi&th=1&psc=1">View Product</a></div><div class="product"><a href="https://www.amazon.com/dp/B07Y936YWY?tag=eloabder-20&linkCode=osi&th=1&psc=1"><img src="https://m.media-amazon.com/images/I/51cpUvuRIzL._SL500_.jpg" alt="Product Image"></a><p>Jack Link's Beef Jerky, Sweet & Hot, ½ Pounder Bag - Flavorful Meat Snack, 9g of Protein and 80 Calories, Made with Premium Beef - 96 Percent Fat Free, No Added MSG or Nitrates/Nitrites</p><p>$9.99 ($1.25 / Ounce)</p><a href="https://www.amazon.com/dp/B07Y936YWY?tag=eloabder-20&linkCode=osi&th=1&psc=1">View Product</a></div><div class="product"><a href="https://www.amazon.com/dp/B000FK7G20?tag=eloabder-20&linkCode=osi&th=1&psc=1"><img src="https://m.media-amazon.com/images/I/414A4Q9AvAL._SL500_.jpg" alt="Product Image"></a><p>Swanson White and Dark Premium Chunk Canned Chicken Breast in Water, Fully Cooked Chicken, 9.75 OZ Can (Case of 12)</p><p>$35.76 ($0.31 / Ounce)</p><a href="https://www.amazon.com/dp/B000FK7G20?tag=eloabder-20&linkCode=osi&th=1&psc=1">View Product</a></div>
<div class="product"><a href="https://www.amazon.com/dp/B072126PMY?tag=eloabder-20&linkCode=osi&th=1&psc=1"><img src="https://m.media-amazon.com/images/I/51nw4J9x8YL._SL500_.jpg" alt="Product Image"></a><p>Simple Mills Almond Flour Baking Mix, Artisan Bread Mix - Gluten Free, Plant Based, Paleo Friendly, 10.4 Ounce (Pack of 3)</p><p>$23.97 ($0.77 / Ounce)</p><a href="https://www.amazon.com/dp/B072126PMY?tag=eloabder-20&linkCode=osi&th=1&psc=1">View Product</a></div><div class="product"><a href="https://www.amazon.com/dp/B081VPXGJS?tag=eloabder-20&linkCode=osi&th=1&psc=1"><img src="https://m.media-amazon.com/images/I/51j0-+rAaZL._SL500_.jpg" alt="Product Image"></a><p>Essential Baking Company Organic Artisan Sourdough Bread, 18.2 Ounce (Pack of 3)</p><p>$28.65 ($0.52 / Ounce)</p><a href="https://www.amazon.com/dp/B081VPXGJS?tag=eloabder-20&linkCode=osi&th=1&psc=1">View Product</a></div><div class="product"><a href="https://www.amazon.com/dp/B08HSPX7LM?tag=eloabder-20&linkCode=osi&th=1&psc=1"><img src="https://m.media-amazon.com/images/I/41RUhxZCnNL._SL500_.jpg" alt="Product Image"></a><p>Giusto's Vita-Grain All-Natural Artisan Malted Unbleached Bread Flour, 5lb Bag</p><p>$10.95 ($0.14 / Ounce)</p><a href="https://www.amazon.com/dp/B08HSPX7LM?tag=eloabder-20&linkCode=osi&th=1&psc=1">View Product</a></div>
<div class="product"><a href="https://www.amazon.com/dp/B001DDD4DS?tag=eloabder-20&linkCode=osi&th=1&psc=1"><img src="https://m.media-amazon.com/images/I/51osI10x5HL._SL500_.jpg" alt="Product Image"></a><p>Mantova Flavored Extra Virgin Olive Oil Variety Pack: Garlic, Basil, Chili, Lemon Organic Extra Virgin Olive Oil, 8.5-Ounce Per Bottle (Pack of 4) Great Gift Item</p><p>$36.99 ($1.09 / Fl Oz)</p><a href="https://www.amazon.com/dp/B001DDD4DS?tag=eloabder-20&linkCode=osi&th=1&psc=1">View Product</a></div><div class="product"><a href="https://www.amazon.com/dp/B001DDD4E2?tag=eloabder-20&linkCode=osi&th=1&psc=1"><img src="https://m.media-amazon.com/images/I/51cFWLj1kiL._SL500_.jpg" alt="Product Image"></a><p>Mantova Grand’Aroma Flavored Extra Virgin Olive Oils, Variety Gift Set, made in Italy, cold-pressed, 100% natural, heart-healthy, for grilling, barbequing, smoking, and cooking, 8.5 oz (Pack of 4)</p><p>$39.99 ($1.18 / Fl Oz)</p><a href="https://www.amazon.com/dp/B001DDD4E2?tag=eloabder-20&linkCode=osi&th=1&psc=1">View Product</a></div><div class="product"><a href="https://www.amazon.com/dp/B087S41Y1W?tag=eloabder-20&linkCode=osi&th=1&psc=1"><img src="https://m.media-amazon.com/images/I/518tVUgnUkL._SL500_.jpg" alt="Product Image"></a><p>Benissimo Herb Infused Cooking Oil Chef Pack, All Natural Italiano, Roasted Garlic, Mediterranean Garlic, Balsamic Garlic</p><p>$26.99 ($0.79 / Fl Oz)</p><a href="https://www.amazon.com/dp/B087S41Y1W?tag=eloabder-20&linkCode=osi&th=1&psc=1">View Product</a></div><div class="product"><a href="https://www.amazon.com/dp/B08CY8R7TF?tag=eloabder-20&linkCode=osi&th=1&psc=1"><img src="https://m.media-amazon.com/images/I/61pbDfsr-8L._SL500_.jpg" alt="Product Image"></a><p>Infused Extra Virgin Olive Oil Gift Box Set, First Cold Pressed, Variety Pack, 4 bottles x 8.5 fl.oz (250ml), Naturally Infused for Dipping & Tasting, (Gift Box Included), Chili, Garlic, Basil, Rosemary, BASSO1904</p><p>$35.99 ($1.06 / Fl Oz)</p><a href="https://www.amazon.com/dp/B08CY8R7TF?tag=eloabder-20&linkCode=osi&th=1&psc=1">View Product</a></div><div class="product"><a href="https://www.amazon.com/dp/B009HRQ47U?tag=eloabder-20&linkCode=osi&th=1&psc=1"><img src="https://m.media-amazon.com/images/I/41PaTko-dvL._SL500_.jpg" alt="Product Image"></a><p>TruffleHunter - English, Black & White Truffle Oil Set - 3.38 Oz x 3</p><p>$29.70 ($0.10 / Fl Oz)</p><a href="https://www.amazon.com/dp/B009HRQ47U?tag=eloabder-20&linkCode=osi&th=1&psc=1">View Product</a></div><div class="product"><a href="https://www.amazon.com/dp/B07ZZLZBF8?tag=eloabder-20&linkCode=osi&th=1&psc=1"><img src="https://m.media-amazon.com/images/I/51fpIYH949L._SL500_.jpg" alt="Product Image"></a><p>Viva Oliva Six 60ml (2oz) Variety Gift Set - Premium Flavored Extra Virgin Olive Oils (Tuscan Herb, Basil, Mushroom & Sage) and All Natural Balsamic Vinegars (18 Year Traditional, Grapefruit, Black Mission Fig)</p><p>$43.95 ($3.61 / Fl Oz)</p><a href="https://www.amazon.com/dp/B07ZZLZBF8?tag=eloabder-20&linkCode=osi&th=1&psc=1">View Product</a></div><div class="product"><a href="https://www.amazon.com/dp/B0B2LS1J8F?tag=eloabder-20&linkCode=osi&th=1&psc=1"><img src="https://m.media-amazon.com/images/I/41q4RRhEqPL._SL500_.jpg" alt="Product Image"></a><p>Infused Olive Oil Gift Sets - Organic Puglia Olive Oil Sampler Gift Set. Ideal for Italian Gifts and Edible Gift Baskets. Gourmet Olive Oil Gift Box of 5 x 3.45 Fl.Oz.</p><p>$53.80 ($3.16 / Fl Oz)</p><a href="https://www.amazon.com/dp/B0B2LS1J8F?tag=eloabder-20&linkCode=osi&th=1&psc=1">View Product</a></div><div class="product"><a href="https://www.amazon.com/dp/B08P967SSX?tag=eloabder-20&linkCode=osi&th=1&psc=1"><img src="https://m.media-amazon.com/images/I/51HyprLyr5L._SL500_.jpg" alt="Product Image"></a><p>Viva Oliva Four 60ml (2oz) Variety Gift Set - Premium Flavored Extra Virgin Olive Oils (Tuscan Herb & Basil) and All Natural Balsamic Vinegars (18 Year Traditional & Black Mission Fig)</p><p>$33.95 ($4.18 / Fl Oz)</p><a href="https://www.amazon.com/dp/B08P967SSX?tag=eloabder-20&linkCode=osi&th=1&psc=1">View Product</a></div><div class="product"><a href="https://www.amazon.com/dp/B0078DPMQY?tag=eloabder-20&linkCode=osi&th=1&psc=1"><img src="https://m.media-amazon.com/images/I/31qLwvo1tML._SL500_.jpg" alt="Product Image"></a><p>Benissimo Oil Roasted Garlic, 8.1 Ounces</p><p>$11.99 ($1.48 / Ounce)</p><a href="https://www.amazon.com/dp/B0078DPMQY?tag=eloabder-20&linkCode=osi&th=1&psc=1">View Product</a></div>
<div class="product"><a href="https://www.amazon.com/dp/B07MGKCV5Y?tag=eloabder-20&linkCode=osi&th=1&psc=1"><img src="https://m.media-amazon.com/images/I/31tE+o2DanL._SL500_.jpg" alt="Product Image"></a><p>Iberia All Natural Distilled White Vinegar, 1 Gallon - 5% Acidity</p><p>$12.99 ($0.10 / Fl Oz)</p><a href="https://www.amazon.com/dp/B07MGKCV5Y?tag=eloabder-20&linkCode=osi&th=1&psc=1">View Product</a></div><div class="product"><a href="https://www.amazon.com/dp/B07985NMQD?tag=eloabder-20&linkCode=osi&th=1&psc=1"><img src="https://m.media-amazon.com/images/I/41ElEDybjlL._SL500_.jpg" alt="Product Image"></a><p>Lucy's Family Owned - Natural Distilled White Vinegar, 1 Gallon (128 oz) - 5% Acidity (White Vinegar, 1 Gallon (128 fl oz.))</p><p>$17.99 ($0.14 / Fl Oz)</p><a href="https://www.amazon.com/dp/B07985NMQD?tag=eloabder-20&linkCode=osi&th=1&psc=1">View Product</a></div><div class="product"><a href="https://www.amazon.com/dp/B07F7MXPWD?tag=eloabder-20&linkCode=osi&th=1&psc=1"><img src="https://m.media-amazon.com/images/I/51GKn4NVqTL._SL500_.jpg" alt="Product Image"></a><p>Soeos Chinkiang Vinegar 16.9 fl oz (500ml), 3 Years Aged, Naturally Fermented, Mature Aged Black Vinegar, Chinese Black Vinegar, Zhenjiang Vinegar, Black Rice Vinegar, Black Vinegar Chinese.</p><p>$13.99 ($0.83 / Fl Oz)</p><a href="https://www.amazon.com/dp/B07F7MXPWD?tag=eloabder-20&linkCode=osi&th=1&psc=1">View Product</a></div><div class="product"><a href="https://www.amazon.com/dp/B001I7MVG0?tag=eloabder-20&linkCode=osi&th=1&psc=1"><img src="https://m.media-amazon.com/images/I/41HHUOECW2L._SL500_.jpg" alt="Product Image"></a><p>Bragg Organic Raw Apple Cider Vinegar, 32 Ounce - 1 Pack</p><p>$5.99 ($0.19 / Fl Oz)</p><a href="https://www.amazon.com/dp/B001I7MVG0?tag=eloabder-20&linkCode=osi&th=1&psc=1">View Product</a></div><div class="product"><a href="https://www.amazon.com/dp/B07W9HX3MV?tag=eloabder-20&linkCode=osi&th=1&psc=1"><img src="https://m.media-amazon.com/images/I/413FdgpxYrL._SL500_.jpg" alt="Product Image"></a><p>Calyptus 45% Pure Super Concentrated Vinegar | Dilutes to 9 Gallons | 9x Power Concentrate Vinegar | 1 Gallon</p><p>$26.99 ($0.21 / Fl Oz)</p><a href="https://www.amazon.com/dp/B07W9HX3MV?tag=eloabder-20&linkCode=osi&th=1&psc=1">View Product</a></div><div class="product"><a href="https://www.amazon.com/dp/B0052BFNLS?tag=eloabder-20&linkCode=osi&th=1&psc=1"><img src="https://m.media-amazon.com/images/I/31Tfk-0-ybL._SL500_.jpg" alt="Product Image"></a><p>Pompeian Gourmet Red Wine Vinegar, Perfect for Salad Dressings, Marinades & Sauces, Naturally Gluten Free, 30 Ounce</p><p>$4.91 ($0.16 / Fl Oz)</p><a href="https://www.amazon.com/dp/B0052BFNLS?tag=eloabder-20&linkCode=osi&th=1&psc=1">View Product</a></div><div class="product"><a href="https://www.amazon.com/dp/B00AAL6W2Y?tag=eloabder-20&linkCode=osi&th=1&psc=1"><img src="https://m.media-amazon.com/images/I/51dfgVE7orL._SL500_.jpg" alt="Product Image"></a><p>Mantova Organic Flavored Balsamic Vinegar of Modena 4-Variety Pack: Fig, Pear, Pomegranate, & Raspberry; Perfect for Gift Basket, Add to Pasta, Salad, Ice Cream and Cocktails, 8.5 oz per bottle</p><p>$27.99 ($0.82 / Fl Oz)</p><a href="https://www.amazon.com/dp/B00AAL6W2Y?tag=eloabder-20&linkCode=osi&th=1&psc=1">View Product</a></div><div class="product"><a href="https://www.amazon.com/dp/B0BGYTGT7X?tag=eloabder-20&linkCode=osi&th=1&psc=1"><img src="https://m.media-amazon.com/images/I/41huHEExA1L._SL500_.jpg" alt="Product Image"></a><p>Bragg Organic Apple Cider Vinegar With the Mother– Raw, Unfiltered All Natural Ingredients (64 Fl Oz (Pack of 1))</p><p>$13.68 ($0.21 / Fl Oz)</p><a href="https://www.amazon.com/dp/B0BGYTGT7X?tag=eloabder-20&linkCode=osi&th=1&psc=1">View Product</a></div><div class="product"><a href="https://www.amazon.com/dp/B08TZY2TZ8?tag=eloabder-20&linkCode=osi&th=1&psc=1"><img src="https://m.media-amazon.com/images/I/41YwKPQA9rL._SL500_.jpg" alt="Product Image"></a><p>Due Vittorie Oro Gold Balsamic Vinegar of Modena. Highest score from The Consortium of Modena With Cork Pourer - 8.45fl oz / 250ml</p><p>$17.00 ($2.01 / Fl Oz)</p><a href="https://www.amazon.com/dp/B08TZY2TZ8?tag=eloabder-20&linkCode=osi&th=1&psc=1">View Product</a></div>
<div class="product"><a href="https://www.amazon.com/dp/B07HMJWCNL?tag=eloabder-20&linkCode=osi&th=1&psc=1"><img src="https://m.media-amazon.com/images/I/51ayBrtgPUL._SL500_.jpg" alt="Product Image"></a><p>TRUFF Original Black Truffle Hot Sauce, Gourmet Hot Sauce with Ripe Chili Peppers, Black Truffle Oil, Agave Nectar, Unique Flavor Experience in a Bottle, 6 oz.</p><p>$14.99</p><a href="https://www.amazon.com/dp/B07HMJWCNL?tag=eloabder-20&linkCode=osi&th=1&psc=1">View Product</a></div><div class="product"><a href="https://www.amazon.com/dp/B083QT1TPX?tag=eloabder-20&linkCode=osi&th=1&psc=1"><img src="https://m.media-amazon.com/images/I/41mYuAlAFNL._SL500_.jpg" alt="Product Image"></a><p>TRUFF Hot Sauce Variety Pack, Gourmet Hot Sauce Set of Original, Hotter and Limited White Edition, Unique Flavor Experiences with Truffle, 3-Bottle Bundle, 3ct 6oz bottles</p><p>$67.99 ($3.78 / Ounce)</p><a href="https://www.amazon.com/dp/B083QT1TPX?tag=eloabder-20&linkCode=osi&th=1&psc=1">View Product</a></div><div class="product"><a href="https://www.amazon.com/dp/B0BV19S7TR?tag=eloabder-20&linkCode=osi&th=1&psc=1"><img src="https://m.media-amazon.com/images/I/51iGXyqK-pL._SL500_.jpg" alt="Product Image"></a><p>Le Sauce & Co., White Wine Lemon Garlic Gourmet Finishing Sauce (2-pack), Steakhouse Quality Gourmet Sauce, Lemon Sauce, Garlic Sauce, White Wine Sauce, Steak Sauce, Chicken sauce, Lemon Sauce, Cream Sauce,</p><p>$13.94 ($1.55 / Ounce)</p><a href="https://www.amazon.com/dp/B0BV19S7TR?tag=eloabder-20&linkCode=osi&th=1&psc=1">View Product</a></div><div class="product"><a href="https://www.amazon.com/dp/B078JBZBW5?tag=eloabder-20&linkCode=osi&th=1&psc=1"><img src="https://m.media-amazon.com/images/I/51J1qgzr8uL._SL500_.jpg" alt="Product Image"></a><p>Melinda’s Hot Sauce Variety Pack - Extra Spicy Gourmet Hot Sauce Gift Set with Variety of Heat Levels - Includes XXXXtra Reserve, Garlic Habanero, Extra Hot, Mango, Ghost Pepper- 5 oz, 5 Pack</p><p>$21.99 ($0.88 / Fl Oz)</p><a href="https://www.amazon.com/dp/B078JBZBW5?tag=eloabder-20&linkCode=osi&th=1&psc=1">View Product</a></div><div class="product"><a href="https://www.amazon.com/dp/B0BL864XMH?tag=eloabder-20&linkCode=osi&th=1&psc=1"><img src="https://m.media-amazon.com/images/I/51+63Ag8ApL._SL500_.jpg" alt="Product Image"></a><p>Dave's Gourmet Creamy Hot Sauce Variety 4-Pack - Moderate Heat for Flavoring Your Favorite Food</p><p>$30.99 ($0.97 / Ounce)</p><a href="https://www.amazon.com/dp/B0BL864XMH?tag=eloabder-20&linkCode=osi&th=1&psc=1">View Product</a></div>
<div class="product"><a href="https://www.amazon.com/dp/B07WT6GP2F?tag=eloabder-20&linkCode=osi&th=1&psc=1"><img src="https://m.media-amazon.com/images/I/41mEgBeglEL._SL500_.jpg" alt="Product Image"></a><p>Lindt Mini Pralines, Assorted Chocolate Pralines with Premium Filling, Great for gift giving, 6.2 oz Box</p><p>$16.49 ($2.66 / Ounce)</p><a href="https://www.amazon.com/dp/B07WT6GP2F?tag=eloabder-20&linkCode=osi&th=1&psc=1">View Product</a></div><div class="product"><a href="https://www.amazon.com/dp/B01BDI89SW?tag=eloabder-20&linkCode=osi&th=1&psc=1"><img src="https://m.media-amazon.com/images/I/61w5wYyxzKL._SL500_.jpg" alt="Product Image"></a><p>Ferrero Collection, 24 Count, Premium Gourmet Assorted Hazelnut Milk Chocolate, Dark Chocolate and Coconut, 9.1 oz</p><p>$11.97 ($1.32 / Ounce)</p><a href="https://www.amazon.com/dp/B01BDI89SW?tag=eloabder-20&linkCode=osi&th=1&psc=1">View Product</a></div><div class="product"><a href="https://www.amazon.com/dp/B0BHTWFQ5X?tag=eloabder-20&linkCode=osi&th=1&psc=1"><img src="https://m.media-amazon.com/images/I/41K-mIm1WNL._SL500_.jpg" alt="Product Image"></a><p>Lindt LINDOR Assorted Chocolate Truffles 90 Count Gift Box, Chocolate Candy with Smooth, Melting Truffle Center, 38.4 oz. Box</p><p>$33.95 ($0.88 / Ounce)</p><a href="https://www.amazon.com/dp/B0BHTWFQ5X?tag=eloabder-20&linkCode=osi&th=1&psc=1">View Product</a></div><div class="product"><a href="https://www.amazon.com/dp/B00UXI3PLU?tag=eloabder-20&linkCode=osi&th=1&psc=1"><img src="https://m.media-amazon.com/images/I/41Jw-Ek4+CL._SL500_.jpg" alt="Product Image"></a><p>Lindt LINDOR Milk Chocolate Candy Truffles, Milk Chocolate with Melting Truffle Center, 15.2 oz. Bag</p><p>$12.18 ($0.80 / Ounce)</p><a href="https://www.amazon.com/dp/B00UXI3PLU?tag=eloabder-20&linkCode=osi&th=1&psc=1">View Product</a></div>
<div class="product"><a href="https://www.amazon.com/dp/B000SDKDM4?tag=eloabder-20&linkCode=osi&th=1&psc=1"><img src="https://m.media-amazon.com/images/I/41L+oJp7MmL._SL500_.jpg" alt="Product Image"></a><p>Lavazza Super Crema Whole Bean Coffee Blend, light-Medium Espresso Roast, 2.2 Pound (Pack of 1) ,Premium Quality, Aromatic, Mild and creamy</p><p>$18.49 ($0.53 / Ounce)</p><a href="https://www.amazon.com/dp/B000SDKDM4?tag=eloabder-20&linkCode=osi&th=1&psc=1">View Product</a></div><div class="product"><a href="https://www.amazon.com/dp/B0721BGRS9?tag=eloabder-20&linkCode=osi&th=1&psc=1"><img src="https://m.media-amazon.com/images/I/41tHHVMfguL._SL500_.jpg" alt="Product Image"></a><p>Amazon Fresh, Dark Roast, Whole Bean Coffee, 32 Oz</p><p>$19.18 ($0.60 / Ounce)</p><a href="https://www.amazon.com/dp/B0721BGRS9?tag=eloabder-20&linkCode=osi&th=1&psc=1">View Product</a></div><div class="product"><a href="https://www.amazon.com/dp/B003GV7JFE?tag=eloabder-20&linkCode=osi&th=1&psc=1"><img src="https://m.media-amazon.com/images/I/41IKY6hLa9L._SL500_.jpg" alt="Product Image"></a><p>Eight O'Clock Coffee Whole Bean, The Original, 42 Ounce</p><p>$13.98</p><a href="https://www.amazon.com/dp/B003GV7JFE?tag=eloabder-20&linkCode=osi&th=1&psc=1">View Product</a></div><div class="product"><a href="https://www.amazon.com/dp/B07171HMF5?tag=eloabder-20&linkCode=osi&th=1&psc=1"><img src="https://m.media-amazon.com/images/I/41EBDHFVYVL._SL500_.jpg" alt="Product Image"></a><p>Mt. Comfort Coffee Organic Peru Medium Roast, 2.5 Pounds - Flavor Notes of Nutty, Chocolate, & Citrus - Sourced From Small, Peruvian Coffee Farms - Roasted Whole Beans</p><p>$23.19 ($0.58 / Ounce)</p><a href="https://www.amazon.com/dp/B07171HMF5?tag=eloabder-20&linkCode=osi&th=1&psc=1">View Product</a></div><div class="product"><a href="https://www.amazon.com/dp/B006Y7WAHE?tag=eloabder-20&linkCode=osi&th=1&psc=1"><img src="https://m.media-amazon.com/images/I/31VxnI1AuQL._SL500_.jpg" alt="Product Image"></a><p>Cameron's Coffee Roasted Whole Bean Coffee, Breakfast Blend, 32 Ounce, (Pack of 1)</p><p>$10.98 ($0.34 / Ounce)</p><a href="https://www.amazon.com/dp/B006Y7WAHE?tag=eloabder-20&linkCode=osi&th=1&psc=1">View Product</a></div><div class="product"><a href="https://www.amazon.com/dp/B0002E2GQU?tag=eloabder-20&linkCode=osi&th=1&psc=1"><img src="https://m.media-amazon.com/images/I/41f+StbrprL._SL500_.jpg" alt="Product Image"></a><p>Lavazza Crema E Aroma Whole Bean Coffee Blend, 2.2-Pound Bag , Balanced medium roast with an intense, earthy flavor and long lasting crema, Non-GMO</p><p>$17.99 ($0.51 / Ounce)</p><a href="https://www.amazon.com/dp/B0002E2GQU?tag=eloabder-20&linkCode=osi&th=1&psc=1">View Product</a></div><div class="product"><a href="https://www.amazon.com/dp/B005OJ4X32?tag=eloabder-20&linkCode=osi&th=1&psc=1"><img src="https://m.media-amazon.com/images/I/31GzxEGJ-1L._SL500_.jpg" alt="Product Image"></a><p>Lavazza Espresso Barista Gran Crema Whole Bean Coffee Blend, Medium Espresso Roast, Oz Bag (Packaging May Vary) - 2.2 LB, 35.2 Ounce</p><p>$17.99 ($0.51 / Ounce)</p><a href="https://www.amazon.com/dp/B005OJ4X32?tag=eloabder-20&linkCode=osi&th=1&psc=1">View Product</a></div><div class="product"><a href="https://www.amazon.com/dp/B003YVRX5W?tag=eloabder-20&linkCode=osi&th=1&psc=1"><img src="https://m.media-amazon.com/images/I/41Ioxmr1WhL._SL500_.jpg" alt="Product Image"></a><p>Tim Hortons Whole Bean Original, Medium Roast Coffee, Made with 100% Arabica Beans, 32 Ounce Bag</p><p>$15.68 ($0.49 / Ounce)</p><a href="https://www.amazon.com/dp/B003YVRX5W?tag=eloabder-20&linkCode=osi&th=1&psc=1">View Product</a></div><div class="product"><a href="https://www.amazon.com/dp/B016RY0LWO?tag=eloabder-20&linkCode=osi&th=1&psc=1"><img src="https://m.media-amazon.com/images/I/41I6lHKpWrL._SL500_.jpg" alt="Product Image"></a><p>Lavazza Espresso Italiano Whole Bean Coffee Blend, Medium Roast,Premium Quality Arabic, 2.2 Pound (Pack of 1) (Packaging may vary)</p><p>$14.98 ($0.43 / Ounce)</p><a href="https://www.amazon.com/dp/B016RY0LWO?tag=eloabder-20&linkCode=osi&th=1&psc=1">View Product</a></div>
<div class="product"><a href="https://www.amazon.com/dp/B09ZMVM3XJ?tag=eloabder-20&linkCode=osi&th=1&psc=1"><img src="https://m.media-amazon.com/images/I/51IRO3xhEKL._SL500_.jpg" alt="Product Image"></a><p>Gardenika Organic Loose Leaf Tea Sampler – 8 Pack, 1 LB – Herbal and Naturally Caffeine-Free Set - Ayurvedic Assortment Blend</p><p>$29.95 ($29.95 / Count)</p><a href="https://www.amazon.com/dp/B09ZMVM3XJ?tag=eloabder-20&linkCode=osi&th=1&psc=1">View Product</a></div><div class="product"><a href="https://www.amazon.com/dp/B0CVTGJHK9?tag=eloabder-20&linkCode=osi&th=1&psc=1"><img src="https://m.media-amazon.com/images/I/51J-jqFqytL._SL500_.jpg" alt="Product Image"></a><p>Lyon DIY Tea Blending Set-16 Tin Variety Pack-Premium Herbal Tea & Exotic Floral/Fruit Flavor Infusers - Create 75+ Cups w/Assorted Teas, Oolong, Chamomile, Rose, Peach & More</p><p>$44.95 ($6.25 / Ounce)</p><a href="https://www.amazon.com/dp/B0CVTGJHK9?tag=eloabder-20&linkCode=osi&th=1&psc=1">View Product</a></div><div class="product"><a href="https://www.amazon.com/dp/B01AJBV0US?tag=eloabder-20&linkCode=osi&th=1&psc=1"><img src="https://m.media-amazon.com/images/I/516u5DAm7GL._SL500_.jpg" alt="Product Image"></a><p>Tiesta Tea - Lavender Chamomile | Soft Chamomile Herbal Tea | Premium Loose Leaf Tea Blend | Non Caffeinated Herbal Tea | Make Hot or Iced Tea & Brews Up to 25 Cups - 0.9 Ounce Resealable Pouch</p><p>$4.99 ($5.54 / Ounce)</p><a href="https://www.amazon.com/dp/B01AJBV0US?tag=eloabder-20&linkCode=osi&th=1&psc=1">View Product</a></div><div class="product"><a href="https://www.amazon.com/dp/B08VF85JJF?tag=eloabder-20&linkCode=osi&th=1&psc=1"><img src="https://m.media-amazon.com/images/I/517Ac4bB6FL._SL500_.jpg" alt="Product Image"></a><p>Tiesta Tea Top 8 Favorites Sampler Set, Up to 80 Cups, High to No Caffeine, Hot & Iced Tea, Loose Leaf Tea Variety Pack with Green, Herbal, Black & Chai Tea, 8 Sample Pouches</p><p>$22.95 ($3.59 / Ounce)</p><a href="https://www.amazon.com/dp/B08VF85JJF?tag=eloabder-20&linkCode=osi&th=1&psc=1">View Product</a></div><div class="product"><a href="https://www.amazon.com/dp/B08MWDTNTZ?tag=eloabder-20&linkCode=osi&th=1&psc=1"><img src="https://m.media-amazon.com/images/I/51M1TNYBU7L._SL500_.jpg" alt="Product Image"></a><p>Tetley British Blend Premium Black Tea, 320 Tea Bags, Rainforest Alliance Certified, 320 Count (Pack of 1)</p><p>$15.92 ($0.05 / Count)</p><a href="https://www.amazon.com/dp/B08MWDTNTZ?tag=eloabder-20&linkCode=osi&th=1&psc=1">View Product</a></div><div class="product"><a href="https://www.amazon.com/dp/B086R8PDZV?tag=eloabder-20&linkCode=osi&th=1&psc=1"><img src="https://m.media-amazon.com/images/I/41nHau5YdVL._SL500_.jpg" alt="Product Image"></a><p>Buddha Teas - Organic Mushroom Wellness Blend - Herbal Tea - For Health & Wellbeing - With Antioxidants & Minerals - Clean Ingredients - Caffeine Free - OU Kosher & Non-GMO - 18 Tea Bags (Pack of 1).</p><p>$8.25 ($0.46 / Count)</p><a href="https://www.amazon.com/dp/B086R8PDZV?tag=eloabder-20&linkCode=osi&th=1&psc=1">View Product</a></div><div class="product"><a href="https://www.amazon.com/dp/B07CGW59KH?tag=eloabder-20&linkCode=osi&th=1&psc=1"><img src="https://m.media-amazon.com/images/I/611h06lvlUL._SL500_.jpg" alt="Product Image"></a><p>Loose Leaf Tea Sampler Create Your Own Tea Blend Starter Kit w/Sencha, Rooibos, China Black, & Ginger, Lavender, Rose, Lemongrass, Hibiscus Spices</p><p>$29.99</p><a href="https://www.amazon.com/dp/B07CGW59KH?tag=eloabder-20&linkCode=osi&th=1&psc=1">View Product</a></div><div class="product"><a href="https://www.amazon.com/dp/B0CT8JGNB8?tag=eloabder-20&linkCode=osi&th=1&psc=1"><img src="https://m.media-amazon.com/images/I/411PWQNU6BL._SL500_.jpg" alt="Product Image"></a><p>120 Premium Turmeric, Ginger, Cinnamon Blend Tea Bags, 100% Natural & No Additives & Caffeine Free.</p><p>$14.95 ($0.12 / Count)</p><a href="https://www.amazon.com/dp/B0CT8JGNB8?tag=eloabder-20&linkCode=osi&th=1&psc=1">View Product</a></div><div class="product"><a href="https://www.amazon.com/dp/B00OS96DVY?tag=eloabder-20&linkCode=osi&th=1&psc=1"><img src="https://m.media-amazon.com/images/I/51-sK6ajnML._SL500_.jpg" alt="Product Image"></a><p>Harney & Sons Tower of London Black Tea with Vanilla, Black Currant, Caramel, and Honey | 30 sachets, Historic Royal Palaces Collection</p><p>$10.33 ($3.90 / Ounce)</p><a href="https://www.amazon.com/dp/B00OS96DVY?tag=eloabder-20&linkCode=osi&th=1&psc=1">View Product</a></div><div class="product"><a href="https://www.amazon.com/dp/B0BHYBHVJ6?tag=eloabder-20&linkCode=osi&th=1&psc=1"><img src="https://m.media-amazon.com/images/I/51F9trJcmdL._SL500_.jpg" alt="Product Image"></a><p>Organic Sleep Blend Herbal Tea - 50 Packets - Natural Chamomile, Peppermint, Fennel And Tulsi Teabags - USDA Certified 100% Non-GMO - Decaffeinated Designer Gift Tin</p><p>$8.69 ($0.17 / Count)</p><a href="https://www.amazon.com/dp/B0BHYBHVJ6?tag=eloabder-20&linkCode=osi&th=1&psc=1">View Product</a></div>
<div class="product"><a href="https://www.amazon.com/dp/B0BVXD8CX3?tag=eloabder-20&linkCode=osi&th=1&psc=1"><img src="https://m.media-amazon.com/images/I/51hkEiL7c8L._SL500_.jpg" alt="Product Image"></a><p>Simply Organic Herbs, Spices and Seasonings Assorted Variety Sampler Gift Set - By Veher (24-Pack)</p><p>$142.95 ($5.96 / Ounce)</p><a href="https://www.amazon.com/dp/B0BVXD8CX3?tag=eloabder-20&linkCode=osi&th=1&psc=1">View Product</a></div><div class="product"><a href="https://www.amazon.com/dp/B094WXH3KP?tag=eloabder-20&linkCode=osi&th=1&psc=1"><img src="https://m.media-amazon.com/images/I/51mqUk3dM1L._SL500_.jpg" alt="Product Image"></a><p>eonou Encore Seasonings and Spices 10 pk - Premium Cooking Spices and Herbs (Oregano, Rosemary, Basil, Parsley, Italian Seasoning, Cumin, Steak Spice, Chopped Onion, Onion Powder, Thyme)</p><p>$19.99 ($2.00 / Count)</p><a href="https://www.amazon.com/dp/B094WXH3KP?tag=eloabder-20&linkCode=osi&th=1&psc=1">View Product</a></div><div class="product"><a href="https://www.amazon.com/dp/B072N9BLHS?tag=eloabder-20&linkCode=osi&th=1&psc=1"><img src="https://m.media-amazon.com/images/I/519zkN7EgWL._SL500_.jpg" alt="Product Image"></a><p>The Spice Way Herbes De Provence - | 4oz | fresh herbs and spice seasoning</p><p>$6.99 ($1.75 / Ounce)</p><a href="https://www.amazon.com/dp/B072N9BLHS?tag=eloabder-20&linkCode=osi&th=1&psc=1">View Product</a></div><div class="product"><a href="https://www.amazon.com/dp/B0761Z81ZK?tag=eloabder-20&linkCode=osi&th=1&psc=1"><img src="https://m.media-amazon.com/images/I/51tYgb8ntBL._SL500_.jpg" alt="Product Image"></a><p>McCormick Grill Mates Roasted Garlic & Herb Seasoning, 9.25 oz</p><p>$7.43 ($0.80 / Ounce)</p><a href="https://www.amazon.com/dp/B0761Z81ZK?tag=eloabder-20&linkCode=osi&th=1&psc=1">View Product</a></div><div class="product"><a href="https://www.amazon.com/dp/B00CQ7K9J2?tag=eloabder-20&linkCode=osi&th=1&psc=1"><img src="https://m.media-amazon.com/images/I/317BBm1p-TL._SL500_.jpg" alt="Product Image"></a><p>Bragg Sprinkle Herbs and Spices - Salt Free Seasoning, 1.5oz, Single</p><p>$6.99 ($4.66 / Ounce)</p><a href="https://www.amazon.com/dp/B00CQ7K9J2?tag=eloabder-20&linkCode=osi&th=1&psc=1">View Product</a></div><div class="product"><a href="https://www.amazon.com/dp/B003H2S2KI?tag=eloabder-20&linkCode=osi&th=1&psc=1"><img src="https://m.media-amazon.com/images/I/41mr0wk+3mL._SL500_.jpg" alt="Product Image"></a><p>Badia Herbs De Provence, 8 Ounces</p><p>$6.26 ($0.78 / Ounce)</p><a href="https://www.amazon.com/dp/B003H2S2KI?tag=eloabder-20&linkCode=osi&th=1&psc=1">View Product</a></div><div class="product"><a href="https://www.amazon.com/dp/B0BQ4VRJBL?tag=eloabder-20&linkCode=osi&th=1&psc=1"><img src="https://m.media-amazon.com/images/I/41ZxLNNd8mL._SL500_.jpg" alt="Product Image"></a><p>Weber Roasted Garlic & Herb Seasoning, 5.5 Ounce Shaker</p><p>$2.82 ($0.51 / Ounce)</p><a href="https://www.amazon.com/dp/B0BQ4VRJBL?tag=eloabder-20&linkCode=osi&th=1&psc=1">View Product</a></div><div class="product"><a href="https://www.amazon.com/dp/B08KRC7V7J?tag=eloabder-20&linkCode=osi&th=1&psc=1"><img src="https://m.media-amazon.com/images/I/4170CYnZ9WL._SL500_.jpg" alt="Product Image"></a><p>McCormick Salt Free Garlic and Herb Seasoning, 4.37 oz</p><p>$4.68 ($1.07 / Ounce)</p><a href="https://www.amazon.com/dp/B08KRC7V7J?tag=eloabder-20&linkCode=osi&th=1&psc=1">View Product</a></div><div class="product"><a href="https://www.amazon.com/dp/B00IX4WUTY?tag=eloabder-20&linkCode=osi&th=1&psc=1"><img src="https://m.media-amazon.com/images/I/51TAH1ijkqS._SL500_.jpg" alt="Product Image"></a><p>Bragg Sprinkle Herbs and Spices Seasoning, 1.5oz, 3 Pack</p><p>$20.27 ($13.51 / Ounce)</p><a href="https://www.amazon.com/dp/B00IX4WUTY?tag=eloabder-20&linkCode=osi&th=1&psc=1">View Product</a></div>
<div class="product"><a href="https://www.amazon.com/dp/B0BWSKYV63?tag=eloabder-20&linkCode=osi&th=1&psc=1"><img src="https://m.media-amazon.com/images/I/51Q5Je2yRhL._SL500_.jpg" alt="Product Image"></a><p>Welch's Fruit Snacks, Mixed Fruit, Perfect Easter Basket Stuffers, Gluten Free, Bulk Pack, Individual Single Serve Bags, 0.8 oz (Pack of 40)</p><p>$7.99 ($0.25 / Ounce)</p><a href="https://www.amazon.com/dp/B0BWSKYV63?tag=eloabder-20&linkCode=osi&th=1&psc=1">View Product</a></div><div class="product"><a href="https://www.amazon.com/dp/B08826B2XL?tag=eloabder-20&linkCode=osi&th=1&psc=1"><img src="https://m.media-amazon.com/images/I/61DT5pSYXFL._SL500_.jpg" alt="Product Image"></a><p>Frito Lay Ultimate Classic Snacks Package, Variety Assortment of Chips, Cookies, Crackers, & Nuts, (Pack of 40) (Packaging May Vary)</p><p>$26.91</p><a href="https://www.amazon.com/dp/B08826B2XL?tag=eloabder-20&linkCode=osi&th=1&psc=1">View Product</a></div><div class="product"><a href="https://www.amazon.com/dp/B013OY25GA?tag=eloabder-20&linkCode=osi&th=1&psc=1"><img src="https://m.media-amazon.com/images/I/51FlSjX95aL._SL500_.jpg" alt="Product Image"></a><p>Snack Pack Chocolate and Vanilla Flavored Pudding Cups Family Pack, 12 Count Pudding Cups (6 Pack)</p><p>$3.27 ($0.01 / Ounce)</p><a href="https://www.amazon.com/dp/B013OY25GA?tag=eloabder-20&linkCode=osi&th=1&psc=1">View Product</a></div><div class="product"><a href="https://www.amazon.com/dp/B0BWSLB73Z?tag=eloabder-20&linkCode=osi&th=1&psc=1"><img src="https://m.media-amazon.com/images/I/51RWXG4OG6L._SL500_.jpg" alt="Product Image"></a><p>Welch's Fruit Snacks, Fruit Punch & Island Fruits Variety Pack, Perfect for School Lunches, Gluten Free, Bulk Pack, 0.8 oz Individual Single Serve Bags (Pack of 40)</p><p>$8.49 ($0.21 / Count)</p><a href="https://www.amazon.com/dp/B0BWSLB73Z?tag=eloabder-20&linkCode=osi&th=1&psc=1">View Product</a></div><div class="product"><a href="https://www.amazon.com/dp/B09FFXR2VV?tag=eloabder-20&linkCode=osi&th=1&psc=1"><img src="https://m.media-amazon.com/images/I/51SZiftXwcL._SL500_.jpg" alt="Product Image"></a><p>The Only Bean Crunchy Dry Roasted Edamame Snacks (Sea Salt), Keto Snack Food, High Protein (11g) Healthy Snacks, Low Carb Gluten Free Office Vegan Food 100 Calorie Snack Pack, 0.9oz 10 Pack</p><p>$12.72 ($1.41 / Ounce)</p><a href="https://www.amazon.com/dp/B09FFXR2VV?tag=eloabder-20&linkCode=osi&th=1&psc=1">View Product</a></div><div class="product"><a href="https://www.amazon.com/dp/B072151Q32?tag=eloabder-20&linkCode=osi&th=1&psc=1"><img src="https://m.media-amazon.com/images/I/41Rlgfdz90L._SL500_.jpg" alt="Product Image"></a><p>Dole Fruit Bowls No Sugar Added Variety Pack Snacks, Peaches, Mandarin Oranges & Cherry Mixed Fruit, 4oz 12 Cups, Gluten & Dairy Free, Bulk Lunch Snacks for Kids & Adults</p><p>$6.74 ($0.56 / Count)</p><a href="https://www.amazon.com/dp/B072151Q32?tag=eloabder-20&linkCode=osi&th=1&psc=1">View Product</a></div><div class="product"><a href="https://www.amazon.com/dp/B084RDDFGR?tag=eloabder-20&linkCode=osi&th=1&psc=1"><img src="https://m.media-amazon.com/images/I/41eLMpoHGkL._SL500_.jpg" alt="Product Image"></a><p>Kellogg's Rice Krispies Treats, Crispy Marshmallow Squares, Original, School Lunch Snack, 41.9oz Case (54 Count)</p><p>$13.49 ($0.32 / Ounce)</p><a href="https://www.amazon.com/dp/B084RDDFGR?tag=eloabder-20&linkCode=osi&th=1&psc=1">View Product</a></div><div class="product"><a href="https://www.amazon.com/dp/B00G2XNSWQ?tag=eloabder-20&linkCode=osi&th=1&psc=1"><img src="https://m.media-amazon.com/images/I/411XH1pQP8L._SL500_.jpg" alt="Product Image"></a><p>Nutella & GO! Bulk 12 Pack, Hazelnut and Cocoa Spread with Breadsticks, Snack Cups for Kids, 1.8 oz Each</p><p>$11.99 ($0.56 / Ounce)</p><a href="https://www.amazon.com/dp/B00G2XNSWQ?tag=eloabder-20&linkCode=osi&th=1&psc=1">View Product</a></div><div class="product"><a href="https://www.amazon.com/dp/B00KR7PKTC?tag=eloabder-20&linkCode=osi&th=1&psc=1"><img src="https://m.media-amazon.com/images/I/414UW7g-s5L._SL500_.jpg" alt="Product Image"></a><p>Cheez-It Cheese Crackers, Baked Snack Crackers, Lunch Snacks, Variety Pack, 12.1oz Box (12 Packs)</p><p>$5.82 ($0.48 / Ounce)</p><a href="https://www.amazon.com/dp/B00KR7PKTC?tag=eloabder-20&linkCode=osi&th=1&psc=1">View Product</a></div><div class="product"><a href="https://www.amazon.com/dp/B078D7MGY5?tag=eloabder-20&linkCode=osi&th=1&psc=1"><img src="https://m.media-amazon.com/images/I/41ttxloA1AL._SL500_.jpg" alt="Product Image"></a><p>Pringles Potato Crisps Chips, Lunch Snacks, On-the-Go Snacks, Snack Stacks, Variety Pack, 19.3oz Box (27 Cups)</p><p>$12.99 ($0.67 / Ounce)</p><a href="https://www.amazon.com/dp/B078D7MGY5?tag=eloabder-20&linkCode=osi&th=1&psc=1">View Product</a></div>
<div class="product"><a href="https://www.amazon.com/dp/B0C5YLP6PC?tag=eloabder-20&linkCode=osi&th=1&psc=1"><img src="https://m.media-amazon.com/images/I/41Ru-8CxkhL._SL500_.jpg" alt="Product Image"></a><p>3 Pack, Gluten Free Potato Gnocchi, Cooks in 2-3 minutes, (3 x 1 lb), Italian Gnocchi, Product of Italy, NON GMO, Eggs Free, Vegan, by L'Oro Del Sud</p><p>$17.99 ($1.12 / Ounce)</p><a href="https://www.amazon.com/dp/B0C5YLP6PC?tag=eloabder-20&linkCode=osi&th=1&psc=1">View Product</a></div><div class="product"><a href="https://www.amazon.com/dp/B09Q98H64R?tag=eloabder-20&linkCode=osi&th=1&psc=1"><img src="https://m.media-amazon.com/images/I/5101NV4WQOL._SL500_.jpg" alt="Product Image"></a><p>Kraft Gluten Free Original Mac & Cheese Macaroni and Cheese Dinner, 4 ct Pack, 1.9 oz Cups</p><p>$6.49 ($0.85 / Ounce)</p><a href="https://www.amazon.com/dp/B09Q98H64R?tag=eloabder-20&linkCode=osi&th=1&psc=1">View Product</a></div><div class="product"><a href="https://www.amazon.com/dp/B0BRBWXDTK?tag=eloabder-20&linkCode=osi&th=1&psc=1"><img src="https://m.media-amazon.com/images/I/41Di2iNnMJL._SL500_.jpg" alt="Product Image"></a><p>Katz Gluten Free Oatmeal Crème Pies| Dairy Free, Nut Free, Soy Free, Gluten Free | Kosher (1 Pack 6.3 Ounce)</p><p>$12.99 ($2.16 / Ounce)</p><a href="https://www.amazon.com/dp/B0BRBWXDTK?tag=eloabder-20&linkCode=osi&th=1&psc=1">View Product</a></div><div class="product"><a href="https://www.amazon.com/dp/B01JJ9H1Q8?tag=eloabder-20&linkCode=osi&th=1&psc=1"><img src="https://m.media-amazon.com/images/I/41EC1yykptL._SL500_.jpg" alt="Product Image"></a><p>King Arthur, Measure for Measure Flour, Certified Gluten-Free, Non-GMO Project Verified, Certified Kosher, 3 Pounds, Packaging May Vary</p><p>$8.62 ($0.18 / Ounce)</p><a href="https://www.amazon.com/dp/B01JJ9H1Q8?tag=eloabder-20&linkCode=osi&th=1&psc=1">View Product</a></div><div class="product"><a href="https://www.amazon.com/dp/B07CL1SRNB?tag=eloabder-20&linkCode=osi&th=1&psc=1"><img src="https://m.media-amazon.com/images/I/51jpv3MCzgL._SL500_.jpg" alt="Product Image"></a><p>Snyder's of Hanover, Gluten Free Pretzels, 8 Oz</p><p>$4.89 ($0.61 / Ounce)</p><a href="https://www.amazon.com/dp/B07CL1SRNB?tag=eloabder-20&linkCode=osi&th=1&psc=1">View Product</a></div><div class="product"><a href="https://www.amazon.com/dp/B004TSXNIA?tag=eloabder-20&linkCode=osi&th=1&psc=1"><img src="https://m.media-amazon.com/images/I/5137tUox+SL._SL500_.jpg" alt="Product Image"></a><p>Annie's Gluten Free Cocoa and Vanilla Bunny Cookies, 6.75 oz</p><p>$4.22 ($0.62 / Ounce)</p><a href="https://www.amazon.com/dp/B004TSXNIA?tag=eloabder-20&linkCode=osi&th=1&psc=1">View Product</a></div><div class="product"><a href="https://www.amazon.com/dp/B00GI9B84O?tag=eloabder-20&linkCode=osi&th=1&psc=1"><img src="https://m.media-amazon.com/images/I/41e7kO-b3WS._SL500_.jpg" alt="Product Image"></a><p>Mom's Place Gluten Free Beef Stroganoff Mix</p><p>$5.99 ($5.99 / Count)</p><a href="https://www.amazon.com/dp/B00GI9B84O?tag=eloabder-20&linkCode=osi&th=1&psc=1">View Product</a></div><div class="product"><a href="https://www.amazon.com/dp/B0BXQWVL1Q?tag=eloabder-20&linkCode=osi&th=1&psc=1"><img src="https://m.media-amazon.com/images/I/413idrGl7fL._SL500_.jpg" alt="Product Image"></a><p>Simple Mills Almond Flour Snack Bars (Chocolate Brownie) with Organic Coconut Oil, Chia Seeds, Sunflower Seeds, and Flax Seeds, 6oz, 1 Count</p><p>$4.50 ($0.75 / Ounce)</p><a href="https://www.amazon.com/dp/B0BXQWVL1Q?tag=eloabder-20&linkCode=osi&th=1&psc=1">View Product</a></div><div class="product"><a href="https://www.amazon.com/dp/B09Z9QV2CT?tag=eloabder-20&linkCode=osi&th=1&psc=1"><img src="https://m.media-amazon.com/images/I/41pnXqKjS7L._SL500_.jpg" alt="Product Image"></a><p>Mom's Place Gluten Free Biscuits & Gravy Mix</p><p>$8.99 ($0.67 / Ounce)</p><a href="https://www.amazon.com/dp/B09Z9QV2CT?tag=eloabder-20&linkCode=osi&th=1&psc=1">View Product</a></div>
<div class="product"><a href="https://www.amazon.com/dp/B0BNZF5CCM?tag=eloabder-20&linkCode=osi&th=1&psc=1"><img src="https://m.media-amazon.com/images/I/61ZB1KesX-L._SL500_.jpg" alt="Product Image"></a><p>Midi International Snack Box | Premium Exotic Foreign Snacks | Unique Snack Food Gifts Included | Purple Theme Box | Candies from Around the World | 12 Full-Size + 1 Bonus Snacks</p><p>$14.95 ($14.95 / Count)</p><a href="https://www.amazon.com/dp/B0BNZF5CCM?tag=eloabder-20&linkCode=osi&th=1&psc=1">View Product</a></div><div class="product"><a href="https://www.amazon.com/dp/B08W72N8SM?tag=eloabder-20&linkCode=osi&th=1&psc=1"><img src="https://m.media-amazon.com/images/I/61UC7bprqkL._SL500_.jpg" alt="Product Image"></a><p>Midi International Snack Box | Premium Exotic Foreign Snacks | Unique Snack Food Gifts Included | Fantastic Space Theme | Candies from Around the World | 12 Full-Size + 1 Bonus Snacks</p><p>$14.99 ($1.25 / Count)</p><a href="https://www.amazon.com/dp/B08W72N8SM?tag=eloabder-20&linkCode=osi&th=1&psc=1">View Product</a></div><div class="product"><a href="https://www.amazon.com/dp/B0C6PRVVJY?tag=eloabder-20&linkCode=osi&th=1&psc=1"><img src="https://m.media-amazon.com/images/I/61o8Z3EzSnL._SL500_.jpg" alt="Product Image"></a><p>International Exotic Snack Box Variety Pack, 22 Count Premium Foreign Rare Snack Food Gifts with Suprise Item for Fun, Mystery Box of Snacks, European Snacks for Adults and Kids</p><p>$29.95</p><a href="https://www.amazon.com/dp/B0C6PRVVJY?tag=eloabder-20&linkCode=osi&th=1&psc=1">View Product</a></div><div class="product"><a href="https://www.amazon.com/dp/B09T7B3QFJ?tag=eloabder-20&linkCode=osi&th=1&psc=1"><img src="https://m.media-amazon.com/images/I/61Xx7pPJCkL._SL500_.jpg" alt="Product Image"></a><p>Universal Yums International Snack Box | Variety Pack Of Chips, Candy, Chocolates, And Snacks From Around The World | Foreign Snacks For Office, Family, Gifts, And Parties | (50 Exotic Snacks)</p><p>$49.50</p><a href="https://www.amazon.com/dp/B09T7B3QFJ?tag=eloabder-20&linkCode=osi&th=1&psc=1">View Product</a></div><div class="product"><a href="https://www.amazon.com/dp/B08W71KXLS?tag=eloabder-20&linkCode=osi&th=1&psc=1"><img src="https://m.media-amazon.com/images/I/61dcTJQFmBL._SL500_.jpg" alt="Product Image"></a><p>Midi International Snack Box | Premium Exotic Foreign Snacks | Unique Snack Food Gifts Included | Picnic Box Theme | Candies from Around the World | 12 Full-Size + 1 Bonus Snacks</p><p>$14.99 ($14.99 / Count)</p><a href="https://www.amazon.com/dp/B08W71KXLS?tag=eloabder-20&linkCode=osi&th=1&psc=1">View Product</a></div><div class="product"><a href="https://www.amazon.com/dp/B09TG6WCBC?tag=eloabder-20&linkCode=osi&th=1&psc=1"><img src="https://m.media-amazon.com/images/I/61lmk368l0L._SL500_.jpg" alt="Product Image"></a><p>Midi International Snack Box (Fairy Tale Themed) | Snacks Variety Pack of International Treats | Foreign Snack Box Offering Unique Experience | Mix Care Pack of Turkish Candies | 12 Full-Size Snacks</p><p>$14.99 ($1.00 / Ounce)</p><a href="https://www.amazon.com/dp/B09TG6WCBC?tag=eloabder-20&linkCode=osi&th=1&psc=1">View Product</a></div><div class="product"><a href="https://www.amazon.com/dp/B0BNZCVDYQ?tag=eloabder-20&linkCode=osi&th=1&psc=1"><img src="https://m.media-amazon.com/images/I/61aTXvWjbSL._SL500_.jpg" alt="Product Image"></a><p>Midi International Snack Box | Premium Exotic Foreign Snacks | Unique Snack Food Gifts Included | Orange Nebula Space Theme | Candies from Around the World | 12 Full-Size + 1 Bonus Snacks</p><p>$14.99 ($14.99 / Count)</p><a href="https://www.amazon.com/dp/B0BNZCVDYQ?tag=eloabder-20&linkCode=osi&th=1&psc=1">View Product</a></div><div class="product"><a href="https://www.amazon.com/dp/B0CK8DWXS2?tag=eloabder-20&linkCode=osi&th=1&psc=1"><img src="https://m.media-amazon.com/images/I/511Z-FX62TL._SL500_.jpg" alt="Product Image"></a><p>Mega International Snack Box | Premium Exotic Foreign Snacks | Unique Snack Food Gifts Included | Try Extraordinary Turkish Snacks | Candies from Around the World | 32+1 Full-Size Snacks</p><p>$39.95 ($1.00 / Ounce)</p><a href="https://www.amazon.com/dp/B0CK8DWXS2?tag=eloabder-20&linkCode=osi&th=1&psc=1">View Product</a></div><div class="product"><a href="https://www.amazon.com/dp/B0CGRMR7VN?tag=eloabder-20&linkCode=osi&th=1&psc=1"><img src="https://m.media-amazon.com/images/I/51PgWRUNnkL._SL500_.jpg" alt="Product Image"></a><p>Turkish Foreign Snack Box, Gourmet Turkish Food Gift Box, Variety of Unique Sweets and Savory Snacks from Turkey - International Snacks Box - Full Sized Snacks - 24ct</p><p>$23.99 ($1.00 / Count)</p><a href="https://www.amazon.com/dp/B0CGRMR7VN?tag=eloabder-20&linkCode=osi&th=1&psc=1">View Product</a></div>
<div class="product"><a href="https://www.amazon.com/dp/B001EQ5NHE?tag=eloabder-20&linkCode=osi&th=1&psc=1"><img src="https://m.media-amazon.com/images/I/51Kg06c5YuL._SL500_.jpg" alt="Product Image"></a><p>Spam Classic, 12 Ounce Can (Pack of 12)</p><p>$28.32 ($0.20 / Ounce)</p><a href="https://www.amazon.com/dp/B001EQ5NHE?tag=eloabder-20&linkCode=osi&th=1&psc=1">View Product</a></div><div class="product"><a href="https://www.amazon.com/dp/B08DQ6422D?tag=eloabder-20&linkCode=osi&th=1&psc=1"><img src="https://m.media-amazon.com/images/I/51-xOj2EbVL._SL500_.jpg" alt="Product Image"></a><p>Del Monte Cut Blue Lake Green Beans With No Added Salt 14.5 Oz,(Pack of 4)</p><p>$5.28 ($0.09 / Ounce)</p><a href="https://www.amazon.com/dp/B08DQ6422D?tag=eloabder-20&linkCode=osi&th=1&psc=1">View Product</a></div><div class="product"><a href="https://www.amazon.com/dp/B089PMW6C3?tag=eloabder-20&linkCode=osi&th=1&psc=1"><img src="https://m.media-amazon.com/images/I/41fKtFm2RAL._SL500_.jpg" alt="Product Image"></a><p>SpaghettiOs Canned Pasta with Meatballs, 15.6 oz Can (Pack of 12)</p><p>$11.44 ($0.06 / Ounce)</p><a href="https://www.amazon.com/dp/B089PMW6C3?tag=eloabder-20&linkCode=osi&th=1&psc=1">View Product</a></div><div class="product"><a href="https://www.amazon.com/dp/B006VS7C60?tag=eloabder-20&linkCode=osi&th=1&psc=1"><img src="https://m.media-amazon.com/images/I/51adZb-RUeL._SL500_.jpg" alt="Product Image"></a><p>Campbell’s Pork and Beans, 11 Oz Can (Case of 24)</p><p>$20.64 ($0.08 / Ounce)</p><a href="https://www.amazon.com/dp/B006VS7C60?tag=eloabder-20&linkCode=osi&th=1&psc=1">View Product</a></div><div class="product"><a href="https://www.amazon.com/dp/B00CPDWTBI?tag=eloabder-20&linkCode=osi&th=1&psc=1"><img src="https://m.media-amazon.com/images/I/61M2-LCC5uL._SL500_.jpg" alt="Product Image"></a><p>DEL MONTE FRESH CUT Whole New Canned Potatoes, Canned Vegetables, 12 Pack, 14.5 oz Can</p><p>$17.76 ($0.10 / Ounce)</p><a href="https://www.amazon.com/dp/B00CPDWTBI?tag=eloabder-20&linkCode=osi&th=1&psc=1">View Product</a></div><div class="product"><a href="https://www.amazon.com/dp/B00TFPKEZM?tag=eloabder-20&linkCode=osi&th=1&psc=1"><img src="https://m.media-amazon.com/images/I/51VTHItyaXL._SL500_.jpg" alt="Product Image"></a><p>Del Monte Canned Fresh Cut French Style Green Beans, 8 Ounce (Pack of 12)</p><p>$16.68 ($0.17 / Ounce)</p><a href="https://www.amazon.com/dp/B00TFPKEZM?tag=eloabder-20&linkCode=osi&th=1&psc=1">View Product</a></div><div class="product"><a href="https://www.amazon.com/dp/B08WR5J62L?tag=eloabder-20&linkCode=osi&th=1&psc=1"><img src="https://m.media-amazon.com/images/I/51QjonsN18L._SL500_.jpg" alt="Product Image"></a><p>Chicken of the Sea Chunk Light Tuna in Water, Wild Caught Tuna, 5-Ounce Cans (Pack of 10)</p><p>$8.90 ($2.85 / lb)</p><a href="https://www.amazon.com/dp/B08WR5J62L?tag=eloabder-20&linkCode=osi&th=1&psc=1">View Product</a></div><div class="product"><a href="https://www.amazon.com/dp/B01MQ6BDM0?tag=eloabder-20&linkCode=osi&th=1&psc=1"><img src="https://m.media-amazon.com/images/I/51chxbCoRfL._SL500_.jpg" alt="Product Image"></a><p>Libby's Vienna Sausage in Chicken Broth, Canned Sausage, 4.6 OZ (Pack of 24)</p><p>$23.52 ($0.98 / Count)</p><a href="https://www.amazon.com/dp/B01MQ6BDM0?tag=eloabder-20&linkCode=osi&th=1&psc=1">View Product</a></div><div class="product"><a href="https://www.amazon.com/dp/B01NBFQ8TF?tag=eloabder-20&linkCode=osi&th=1&psc=1"><img src="https://m.media-amazon.com/images/I/41ijyPglLPL._SL500_.jpg" alt="Product Image"></a><p>Bush's Best Baked Beans, Country Style with Bacon and Brown Sugar, 8.3 OZ (Pack of 12)</p><p>$20.28 ($1.69 / Count)</p><a href="https://www.amazon.com/dp/B01NBFQ8TF?tag=eloabder-20&linkCode=osi&th=1&psc=1">View Product</a></div><div class="product"><a href="https://www.amazon.com/dp/B019YHSNGC?tag=eloabder-20&linkCode=osi&th=1&psc=1"><img src="https://m.media-amazon.com/images/I/51oHYkvLL0L._SL500_.jpg" alt="Product Image"></a><p>Bumble Bee Chunk Light Tuna In Water, 5 oz Cans (Pack of 24) - Wild Caught Skipjack Tuna - 23g Protein Per Serving - MSC Certified Sustainable Seafood, Non-GMO, Gluten Free, Kosher</p><p>$23.36 ($0.19 / Ounce)</p><a href="https://www.amazon.com/dp/B019YHSNGC?tag=eloabder-20&linkCode=osi&th=1&psc=1">View Product</a></div>
<div class="product"><a href="https://www.amazon.com/dp/B07KQNNW9K?tag=eloabder-20&linkCode=osi&th=1&psc=1"><img src="https://m.media-amazon.com/images/I/51EVSxp535L._SL500_.jpg" alt="Product Image"></a><p>HORMEL COMPLEATS Protein Variety Pack Microwave Trays (Pack of 5)</p><p>$14.99 ($0.33 / Ounce)</p><a href="https://www.amazon.com/dp/B07KQNNW9K?tag=eloabder-20&linkCode=osi&th=1&psc=1">View Product</a></div><div class="product"><a href="https://www.amazon.com/dp/B000V1JVAI?tag=eloabder-20&linkCode=osi&th=1&psc=1"><img src="https://m.media-amazon.com/images/I/51moeAwg0qL._SL500_.jpg" alt="Product Image"></a><p>HORMEL COMPLEATS Meatloaf & Gravy With Mashed Potatoes Microwave Tray, 9 oz. (6 Pack)</p><p>$13.68 ($0.25 / Ounce)</p><a href="https://www.amazon.com/dp/B000V1JVAI?tag=eloabder-20&linkCode=osi&th=1&psc=1">View Product</a></div><div class="product"><a href="https://www.amazon.com/dp/B001E55YXS?tag=eloabder-20&linkCode=osi&th=1&psc=1"><img src="https://m.media-amazon.com/images/I/51f7Q-awP2L._SL500_.jpg" alt="Product Image"></a><p>HORMEL COMPLEATS Beef Pot Roast Microwave Tray, 9 Ounce (Pack of 6)</p><p>$13.68 ($0.25 / Ounce)</p><a href="https://www.amazon.com/dp/B001E55YXS?tag=eloabder-20&linkCode=osi&th=1&psc=1">View Product</a></div><div class="product"><a href="https://www.amazon.com/dp/B001E52XGO?tag=eloabder-20&linkCode=osi&th=1&psc=1"><img src="https://m.media-amazon.com/images/I/513-IE78MvL._SL500_.jpg" alt="Product Image"></a><p>HORMEL COMPLEATS Turkey & Dressing Microwave Tray, 10 oz. (6 Pack)</p><p>$13.68 ($0.23 / Ounce)</p><a href="https://www.amazon.com/dp/B001E52XGO?tag=eloabder-20&linkCode=osi&th=1&psc=1">View Product</a></div><div class="product"><a href="https://www.amazon.com/dp/B01JLWGOCA?tag=eloabder-20&linkCode=osi&th=1&psc=1"><img src="https://m.media-amazon.com/images/I/41JtN2c2Y3L._SL500_.jpg" alt="Product Image"></a><p>Idahoan Four Cheese Mashed Potatoes, Made with Gluten-Free 100-Percent Real Idaho Potatoes, 1.5 oz Cup (Pack of 10)</p><p>$11.23 ($0.75 / Ounce)</p><a href="https://www.amazon.com/dp/B01JLWGOCA?tag=eloabder-20&linkCode=osi&th=1&psc=1">View Product</a></div><div class="product"><a href="https://www.amazon.com/dp/B08P3SVWFR?tag=eloabder-20&linkCode=osi&th=1&psc=1"><img src="https://m.media-amazon.com/images/I/51Q7KX85dtL._SL500_.jpg" alt="Product Image"></a><p>StarKist Premium White Chicken - 2.6 oz Pouch (Pack of 12)</p><p>$15.06 ($0.48 / Ounce)</p><a href="https://www.amazon.com/dp/B08P3SVWFR?tag=eloabder-20&linkCode=osi&th=1&psc=1">View Product</a></div><div class="product"><a href="https://www.amazon.com/dp/B001E52WAG?tag=eloabder-20&linkCode=osi&th=1&psc=1"><img src="https://m.media-amazon.com/images/I/51dV9dBtkEL._SL500_.jpg" alt="Product Image"></a><p>Dinty Moore Beef Stew, 9-Ounce Packages (Pack of 6)</p><p>$17.34 ($0.32 / Ounce)</p><a href="https://www.amazon.com/dp/B001E52WAG?tag=eloabder-20&linkCode=osi&th=1&psc=1">View Product</a></div><div class="product"><a href="https://www.amazon.com/dp/B0BTQWY5LL?tag=eloabder-20&linkCode=osi&th=1&psc=1"><img src="https://m.media-amazon.com/images/I/61dN-t0ureL._SL500_.jpg" alt="Product Image"></a><p>MISS OLIVE'S Variety Pack Microwavable Low Sodium Ready Meals (Bundle of 6)-1 of each flavor</p><p>$26.49 ($0.63 / Ounce)</p><a href="https://www.amazon.com/dp/B0BTQWY5LL?tag=eloabder-20&linkCode=osi&th=1&psc=1">View Product</a></div><div class="product"><a href="https://www.amazon.com/dp/B0111Y7PO2?tag=eloabder-20&linkCode=osi&th=1&psc=1"><img src="https://m.media-amazon.com/images/I/51ReJtj0zJL._SL500_.jpg" alt="Product Image"></a><p>HORMEL COMPLEATS Rice & Chicken Microwave Tray, 7.5 Ounces (Pack of 7)</p><p>$15.96 ($0.30 / Ounce)</p><a href="https://www.amazon.com/dp/B0111Y7PO2?tag=eloabder-20&linkCode=osi&th=1&psc=1">View Product</a></div><div class="product"><a href="https://www.amazon.com/dp/B09GL33XZG?tag=eloabder-20&linkCode=osi&th=1&psc=1"><img src="https://m.media-amazon.com/images/I/41tbj+XvZLL._SL500_.jpg" alt="Product Image"></a><p>HMR Ultimate Entrée Pack | Pre-packaged Lunch or Dinner to Support Weight Loss | Pack of 17 Ready to Eat Meals | 10-20 grams of Protein per Entrée | Low Calorie Food | 7-8oz Servings per Meal</p><p>$89.99</p><a href="https://www.amazon.com/dp/B09GL33XZG?tag=eloabder-20&linkCode=osi&th=1&psc=1">View Product</a></div>
<div class="product"><a href="https://www.amazon.com/dp/B00I9VBMLI?tag=eloabder-20&linkCode=osi&th=1&psc=1"><img src="https://m.media-amazon.com/images/I/51kyWWI+vRL._SL500_.jpg" alt="Product Image"></a><p>Chef Boyardee Beef Ravioli, 15 oz, 4 Pack</p><p>$4.48 ($0.07 / Count)</p><a href="https://www.amazon.com/dp/B00I9VBMLI?tag=eloabder-20&linkCode=osi&th=1&psc=1">View Product</a></div>
<div class="product"><a href="https://www.amazon.com/dp/B0CJCXLDSP?tag=eloabder-20&linkCode=osi&th=1&psc=1"><img src="https://m.media-amazon.com/images/I/41uUHvJRp2L._SL500_.jpg" alt="Product Image"></a><p>ARM & HAMMER Baking Soda Made in USA, Ideal for Baking, Pure & Natural, 2.7lb Bag</p><p>$7.99 ($0.18 / Ounce)</p><a href="https://www.amazon.com/dp/B0CJCXLDSP?tag=eloabder-20&linkCode=osi&th=1&psc=1">View Product</a></div><div class="product"><a href="https://www.amazon.com/dp/B07JFLXZQV?tag=eloabder-20&linkCode=osi&th=1&psc=1"><img src="https://m.media-amazon.com/images/I/41mGwlHTcmL._SL500_.jpg" alt="Product Image"></a><p>Vanilla Bean Paste for Baking and Cooking - Gourmet Madagascar Bourbon Blend made with Real Vanilla Seeds - 4 Ounces</p><p>$14.99 ($3.75 / Ounce)</p><a href="https://www.amazon.com/dp/B07JFLXZQV?tag=eloabder-20&linkCode=osi&th=1&psc=1">View Product</a></div><div class="product"><a href="https://www.amazon.com/dp/B0046EJ570?tag=eloabder-20&linkCode=osi&th=1&psc=1"><img src="https://m.media-amazon.com/images/I/31TFd1IdsRL._SL500_.jpg" alt="Product Image"></a><p>Watkins All Natural Original Gourmet Baking Vanilla, with Pure Vanilla Extract, 11 Fl Oz (Pack of 1) - Packaging May Vary</p><p>$12.35 ($1.12 / Fl Oz)</p><a href="https://www.amazon.com/dp/B0046EJ570?tag=eloabder-20&linkCode=osi&th=1&psc=1">View Product</a></div><div class="product"><a href="https://www.amazon.com/dp/B00PMUNEK6?tag=eloabder-20&linkCode=osi&th=1&psc=1"><img src="https://m.media-amazon.com/images/I/41LZqR+JNZL._SL500_.jpg" alt="Product Image"></a><p>10 Organic Madagascar Vanilla Beans Whole Grade A Vanilla Pods for Vanilla Extract and Baking</p><p>$11.04 ($1.10 / Count)</p><a href="https://www.amazon.com/dp/B00PMUNEK6?tag=eloabder-20&linkCode=osi&th=1&psc=1">View Product</a></div><div class="product"><a href="https://www.amazon.com/dp/B0CBW3D9T7?tag=eloabder-20&linkCode=osi&th=1&psc=1"><img src="https://m.media-amazon.com/images/I/414XubDDPPL._SL500_.jpg" alt="Product Image"></a><p>Scratch Diastatic Malt Powder for Baking - (10oz) Dried Barley Malt for Baking Bread - Bread Improver - Premium Baking Ingredients for Breads, Pizzas, Pretzels, Desserts, Shakes and More</p><p>$8.95 ($0.90 / Ounce)</p><a href="https://www.amazon.com/dp/B0CBW3D9T7?tag=eloabder-20&linkCode=osi&th=1&psc=1">View Product</a></div><div class="product"><a href="https://www.amazon.com/dp/B00VEJOUXE?tag=eloabder-20&linkCode=osi&th=1&psc=1"><img src="https://m.media-amazon.com/images/I/41HmZhMPH1L._SL500_.jpg" alt="Product Image"></a><p>Bob's Red Mill Baking Soda - 1 Pound (Pack of 4), Non GMO, Gluten Free, Vegan, Kosher, Paleo Friendly</p><p>$13.10 ($0.20 / Ounce)</p><a href="https://www.amazon.com/dp/B00VEJOUXE?tag=eloabder-20&linkCode=osi&th=1&psc=1">View Product</a></div><div class="product"><a href="https://www.amazon.com/dp/B0CG7C5X2F?tag=eloabder-20&linkCode=osi&th=1&psc=1"><img src="https://m.media-amazon.com/images/I/41cN3OdncVL._SL500_.jpg" alt="Product Image"></a><p>Micro Ingredients Baking Soda Powder, 6lbs | Pure Sodium Bicarbonate | Bulk Food Grade Supply | Great for Cleaning, Cooking, Laundry, or Personal Care | Non-GMO, Filler Free</p><p>$13.95 ($0.15 / Ounce)</p><a href="https://www.amazon.com/dp/B0CG7C5X2F?tag=eloabder-20&linkCode=osi&th=1&psc=1">View Product</a></div><div class="product"><a href="https://www.amazon.com/dp/B075456XMK?tag=eloabder-20&linkCode=osi&th=1&psc=1"><img src="https://m.media-amazon.com/images/I/31YCnL21+nL._SL500_.jpg" alt="Product Image"></a><p>Pure Original Ingredients Baking Soda (2 lb) Sodium Bicarbonate (NaHCO3), Always Pure, No Fillers Or Additives.</p><p>$11.99 ($0.37 / Ounce)</p><a href="https://www.amazon.com/dp/B075456XMK?tag=eloabder-20&linkCode=osi&th=1&psc=1">View Product</a></div><div class="product"><a href="https://www.amazon.com/dp/B08FYKMRGT?tag=eloabder-20&linkCode=osi&th=1&psc=1"><img src="https://m.media-amazon.com/images/I/41TdlxCI0EL._SL500_.jpg" alt="Product Image"></a><p>King Arthur, Baking Sugar Alternative, Made with Plant-Based Ingredients, Keto-Friendly, 1-to-1 Substitute for Granulated Sugar, 12 Ounces</p><p>$9.95 ($0.83 / Ounce)</p><a href="https://www.amazon.com/dp/B08FYKMRGT?tag=eloabder-20&linkCode=osi&th=1&psc=1">View Product</a></div><div class="product"><a href="https://www.amazon.com/dp/B07KKL5Q68?tag=eloabder-20&linkCode=osi&th=1&psc=1"><img src="https://m.media-amazon.com/images/I/41G0eZnHIxL._SL500_.jpg" alt="Product Image"></a><p>Pure Original Ingredients Baking Soda (1 Gallon) Aluminum Free, Cooking, Baking, Cleaning</p><p>$30.99 ($0.19 / Ounce)</p><a href="https://www.amazon.com/dp/B07KKL5Q68?tag=eloabder-20&linkCode=osi&th=1&psc=1">View Product</a></div>
<div class="product"><a href="https://www.amazon.com/dp/B0029K0U90?tag=eloabder-20&linkCode=osi&th=1&psc=1"><img src="https://m.media-amazon.com/images/I/412vWjuj9tL._SL500_.jpg" alt="Product Image"></a><p>Mrs. Wages Pasta Sauce Canning Mix 5 Ounce (Pack of 6)</p><p>$19.32 ($0.64 / Ounce)</p><a href="https://www.amazon.com/dp/B0029K0U90?tag=eloabder-20&linkCode=osi&th=1&psc=1">View Product</a></div><div class="product"><a href="https://www.amazon.com/dp/B0005ZWUDU?tag=eloabder-20&linkCode=osi&th=1&psc=1"><img src="https://m.media-amazon.com/images/I/411oE+5BGYL._SL500_.jpg" alt="Product Image"></a><p>Classico Roasted Garlic Tomato Spaghetti Pasta Sauce (24 oz Jar)</p><p>$2.98 ($0.12 / Ounce)</p><a href="https://www.amazon.com/dp/B0005ZWUDU?tag=eloabder-20&linkCode=osi&th=1&psc=1">View Product</a></div><div class="product"><a href="https://www.amazon.com/dp/B00H3TKG6O?tag=eloabder-20&linkCode=osi&th=1&psc=1"><img src="https://m.media-amazon.com/images/I/41dtGUjEl7L._SL500_.jpg" alt="Product Image"></a><p>Classico Family Favorites Traditional Pasta Sauce (24 oz Jar)</p><p>$2.16 ($0.09 / Ounce)</p><a href="https://www.amazon.com/dp/B00H3TKG6O?tag=eloabder-20&linkCode=osi&th=1&psc=1">View Product</a></div><div class="product"><a href="https://www.amazon.com/dp/B088N719GQ?tag=eloabder-20&linkCode=osi&th=1&psc=1"><img src="https://m.media-amazon.com/images/I/412O4vvfLcL._SL500_.jpg" alt="Product Image"></a><p>Prego Traditional Pasta Sauce, 45 Oz Jar</p><p>$4.23 ($0.09 / Ounce)</p><a href="https://www.amazon.com/dp/B088N719GQ?tag=eloabder-20&linkCode=osi&th=1&psc=1">View Product</a></div><div class="product"><a href="https://www.amazon.com/dp/B00IAE65L6?tag=eloabder-20&linkCode=osi&th=1&psc=1"><img src="https://m.media-amazon.com/images/I/41keFWtHEbL._SL500_.jpg" alt="Product Image"></a><p>Prego Traditional Pasta Sauce, 67 Oz Jar</p><p>$5.36 ($0.08 / Ounce)</p><a href="https://www.amazon.com/dp/B00IAE65L6?tag=eloabder-20&linkCode=osi&th=1&psc=1">View Product</a></div><div class="product"><a href="https://www.amazon.com/dp/B0CRXQZMWN?tag=eloabder-20&linkCode=osi&th=1&psc=1"><img src="https://m.media-amazon.com/images/I/41GWdkqzH0L._SL500_.jpg" alt="Product Image"></a><p>Prego Creamy Roasted Garlic Pesto Pasta Sauce, 14.5 oz Jar</p><p>$2.79 ($0.19 / Ounce)</p><a href="https://www.amazon.com/dp/B0CRXQZMWN?tag=eloabder-20&linkCode=osi&th=1&psc=1">View Product</a></div><div class="product"><a href="https://www.amazon.com/dp/B0033TSDKY?tag=eloabder-20&linkCode=osi&th=1&psc=1"><img src="https://m.media-amazon.com/images/I/416ipEt-ErS._SL500_.jpg" alt="Product Image"></a><p>Classico Four Cheese Alfredo Pasta Sauce (15 oz Jar)</p><p>$3.13 ($0.21 / Ounce)</p><a href="https://www.amazon.com/dp/B0033TSDKY?tag=eloabder-20&linkCode=osi&th=1&psc=1">View Product</a></div><div class="product"><a href="https://www.amazon.com/dp/B000Q3R6V2?tag=eloabder-20&linkCode=osi&th=1&psc=1"><img src="https://m.media-amazon.com/images/I/51DwtNnipoL._SL500_.jpg" alt="Product Image"></a><p>Hunt's Traditional Pasta Sauce, 24 oz</p><p>$1.34 ($0.06 / Ounce)</p><a href="https://www.amazon.com/dp/B000Q3R6V2?tag=eloabder-20&linkCode=osi&th=1&psc=1">View Product</a></div><div class="product"><a href="https://www.amazon.com/dp/B00XXGW39Y?tag=eloabder-20&linkCode=osi&th=1&psc=1"><img src="https://m.media-amazon.com/images/I/41FycYZ91BL._SL500_.jpg" alt="Product Image"></a><p>Classico Vodka Sauce Tomato Spaghetti Pasta Sauce (24 oz Jar)</p><p>$2.52 ($0.10 / Fl Oz)</p><a href="https://www.amazon.com/dp/B00XXGW39Y?tag=eloabder-20&linkCode=osi&th=1&psc=1">View Product</a></div><div class="product"><a href="https://www.amazon.com/dp/B07JVJR966?tag=eloabder-20&linkCode=osi&th=1&psc=1"><img src="https://m.media-amazon.com/images/I/412rjNSU1HL._SL500_.jpg" alt="Product Image"></a><p>Prego Traditional Pasta Sauce, 24 Oz Jar (Case of 12)</p><p>$29.76 ($0.10 / Fl Oz)</p><a href="https://www.amazon.com/dp/B07JVJR966?tag=eloabder-20&linkCode=osi&th=1&psc=1">View Product</a></div>
<div class="product"><a href="https://www.amazon.com/dp/B07GBS8GVH?tag=eloabder-20&linkCode=osi&th=1&psc=1"><img src="https://m.media-amazon.com/images/I/51Xpb2UbnAS._SL500_.jpg" alt="Product Image"></a><p>BEN'S ORIGINAL Ready Rice Whole Grain Brown Rice, Easy Dinner Side, 8.8 OZ Pouch (Pack of 6)</p><p>$13.08 ($0.25 / Ounce)</p><a href="https://www.amazon.com/dp/B07GBS8GVH?tag=eloabder-20&linkCode=osi&th=1&psc=1">View Product</a></div><div class="product"><a href="https://www.amazon.com/dp/B000YPKPV0?tag=eloabder-20&linkCode=osi&th=1&psc=1"><img src="https://m.media-amazon.com/images/I/51RKdJy7-TL._SL500_.jpg" alt="Product Image"></a><p>Rice-A-Roni Long grain & wild rice with herbs, 4.3 Ounce Pack of 12</p><p>$12.00 ($0.23 / Ounce)</p><a href="https://www.amazon.com/dp/B000YPKPV0?tag=eloabder-20&linkCode=osi&th=1&psc=1">View Product</a></div><div class="product"><a href="https://www.amazon.com/dp/B004NRLAVY?tag=eloabder-20&linkCode=osi&th=1&psc=1"><img src="https://m.media-amazon.com/images/I/51l35npdSyL._SL500_.jpg" alt="Product Image"></a><p>Nishiki Premium Rice, Medium Grain,15 Pound (Pack of 1)</p><p>$20.19 ($0.08 / Ounce)</p><a href="https://www.amazon.com/dp/B004NRLAVY?tag=eloabder-20&linkCode=osi&th=1&psc=1">View Product</a></div><div class="product"><a href="https://www.amazon.com/dp/B00MMTQAF6?tag=eloabder-20&linkCode=osi&th=1&psc=1"><img src="https://m.media-amazon.com/images/I/41uID5vVhuL._SL500_.jpg" alt="Product Image"></a><p>Mahatma Extra Long Grain White Rice, 10 Pound, Gluten-Free and Non-GMO, Rice Bulk Bag (Pack of 1)</p><p>$9.98 ($0.06 / Ounce)</p><a href="https://www.amazon.com/dp/B00MMTQAF6?tag=eloabder-20&linkCode=osi&th=1&psc=1">View Product</a></div><div class="product"><a href="https://www.amazon.com/dp/B00I330QEQ?tag=eloabder-20&linkCode=osi&th=1&psc=1"><img src="https://m.media-amazon.com/images/I/41eu-3nevsL._SL500_.jpg" alt="Product Image"></a><p>Authentic Royal - Naturally Aged Long Grain Indian White Basmati Rice - 15 lbs</p><p>$15.03 ($0.06 / Ounce)</p><a href="https://www.amazon.com/dp/B00I330QEQ?tag=eloabder-20&linkCode=osi&th=1&psc=1">View Product</a></div><div class="product"><a href="https://www.amazon.com/dp/B00CLGUKKG?tag=eloabder-20&linkCode=osi&th=1&psc=1"><img src="https://m.media-amazon.com/images/I/41mEtyqtEVL._SL500_.jpg" alt="Product Image"></a><p>Mahatma Whole-Grain Brown Rice, 32-Ounce Bag of Rice, Stovetop or Microwave Rice</p><p>$2.68 ($0.08 / Ounce)</p><a href="https://www.amazon.com/dp/B00CLGUKKG?tag=eloabder-20&linkCode=osi&th=1&psc=1">View Product</a></div><div class="product"><a href="https://www.amazon.com/dp/B0087HFXJ6?tag=eloabder-20&linkCode=osi&th=1&psc=1"><img src="https://m.media-amazon.com/images/I/51eYTUAUKZL._SL500_.jpg" alt="Product Image"></a><p>RiceSelect Royal Blend, Blend Of Texmati White, Brown, Red, And Wild Rice, Premium Gluten Free Rice, Non-GMO, 21 Ounce Jar</p><p>$6.98 ($0.33 / Ounce)</p><a href="https://www.amazon.com/dp/B0087HFXJ6?tag=eloabder-20&linkCode=osi&th=1&psc=1">View Product</a></div><div class="product"><a href="https://www.amazon.com/dp/B07HKTD2BD?tag=eloabder-20&linkCode=osi&th=1&psc=1"><img src="https://m.media-amazon.com/images/I/519+60cp2dL._SL500_.jpg" alt="Product Image"></a><p>Nishiki Premium 7 Grains Mix, 2 Pound</p><p>$14.49 ($0.45 / Ounce)</p><a href="https://www.amazon.com/dp/B07HKTD2BD?tag=eloabder-20&linkCode=osi&th=1&psc=1">View Product</a></div><div class="product"><a href="https://www.amazon.com/dp/B00G9U46DW?tag=eloabder-20&linkCode=osi&th=1&psc=1"><img src="https://m.media-amazon.com/images/I/51Xpb2UbnAS._SL500_.jpg" alt="Product Image"></a><p>BEN'S ORIGINAL Ready Rice Whole Grain Brown Rice, Easy Dinner Side, 8.8 OZ Pouch (Pack of 12)</p><p>$26.16 ($0.25 / Ounce)</p><a href="https://www.amazon.com/dp/B00G9U46DW?tag=eloabder-20&linkCode=osi&th=1&psc=1">View Product</a></div>
<div class="product"><a href="https://www.amazon.com/dp/B0D4KLB4HP?tag=eloabder-20&linkCode=osi&th=1&psc=1"><img src="https://m.media-amazon.com/images/I/51r7s+M2jqL._SL500_.jpg" alt="Product Image"></a><p>Chronos Condiment 150 bundle pack - 50 Single Serve Pouches of Each: Ketchup, Mustard, and Mayo - 150 Pack, Great for Picnics, Boxed Lunch, BBQ, Travel, and Parties</p><p>$21.97</p><a href="https://www.amazon.com/dp/B0D4KLB4HP?tag=eloabder-20&linkCode=osi&th=1&psc=1">View Product</a></div><div class="product"><a href="https://www.amazon.com/dp/B003XLOOCS?tag=eloabder-20&linkCode=osi&th=1&psc=1"><img src="https://m.media-amazon.com/images/I/51x0jDzOLjL._SL500_.jpg" alt="Product Image"></a><p>Heinz Tomato Ketchup, Relish, and Mustard Picnic Pack, 3 Count</p><p>$5.98 ($0.11 / Ounce)</p><a href="https://www.amazon.com/dp/B003XLOOCS?tag=eloabder-20&linkCode=osi&th=1&psc=1">View Product</a></div><div class="product"><a href="https://www.amazon.com/dp/B0992VW16R?tag=eloabder-20&linkCode=osi&th=1&psc=1"><img src="https://m.media-amazon.com/images/I/51eFgOarc1L._SL500_.jpg" alt="Product Image"></a><p>Grab-n-Go Condiment Packs - 50 Single Serve Pouches of Each: Ketchup, Mustard, Relish, and Mayo - Great for Picnics, Boxed Lunch, BBQ, Travel, Picnic and Parties (200 Condiment Packets Total)</p><p>$29.99 ($0.15 / Count)</p><a href="https://www.amazon.com/dp/B0992VW16R?tag=eloabder-20&linkCode=osi&th=1&psc=1">View Product</a></div><div class="product"><a href="https://www.amazon.com/dp/B0D3J9HHS2?tag=eloabder-20&linkCode=osi&th=1&psc=1"><img src="https://m.media-amazon.com/images/I/51VkOjMAkXL._SL500_.jpg" alt="Product Image"></a><p>Heinz Condiment Packets Variety 100 Pack- 25 Heinz Ketchup Packets, 25 Mayonnaise Packets, 25 Mustard Packets, and 25 Relish Packets. Ketchup Heinz, Mayo Packets.</p><p>$19.99 ($0.20 / Count)</p><a href="https://www.amazon.com/dp/B0D3J9HHS2?tag=eloabder-20&linkCode=osi&th=1&psc=1">View Product</a></div><div class="product"><a href="https://www.amazon.com/dp/B091DCC2CH?tag=eloabder-20&linkCode=osi&th=1&psc=1"><img src="https://m.media-amazon.com/images/I/415Iq4kWRXL._SL500_.jpg" alt="Product Image"></a><p>Hellmann's Real Mayonnaise Squeeze Bottle 3 Count a Rich Creamy Condiment Gluten Free, Made With 100% Cage-Free Eggs 20 oz</p><p>$11.90 ($0.20 / Fl Oz)</p><a href="https://www.amazon.com/dp/B091DCC2CH?tag=eloabder-20&linkCode=osi&th=1&psc=1">View Product</a></div><div class="product"><a href="https://www.amazon.com/dp/B0CMR2DML7?tag=eloabder-20&linkCode=osi&th=1&psc=1"><img src="https://m.media-amazon.com/images/I/61dFhpega1L._SL500_.jpg" alt="Product Image"></a><p>Crait Individual Condiment Packets Variety Pack of 50 Hot Sauce Packets with Mayo Packets, Ketchup Packets and Yellow Mustard Packets Single Serve</p><p>$15.00 ($0.30 / Count)</p><a href="https://www.amazon.com/dp/B0CMR2DML7?tag=eloabder-20&linkCode=osi&th=1&psc=1">View Product</a></div><div class="product"><a href="https://www.amazon.com/dp/B0D3JCR2XS?tag=eloabder-20&linkCode=osi&th=1&psc=1"><img src="https://m.media-amazon.com/images/I/51RtTP7u7aL._SL500_.jpg" alt="Product Image"></a><p>Hot Sauce Variety Pack of 48 Condiment Packets. 4 Each of 12 Flavors. Texas Pete Hot Sauce Packets, Mini Condiments, Mini Hot Sauce, Condiment Packets Variety Pack, Single Serve</p><p>$17.99 ($0.37 / Count)</p><a href="https://www.amazon.com/dp/B0D3JCR2XS?tag=eloabder-20&linkCode=osi&th=1&psc=1">View Product</a></div><div class="product"><a href="https://www.amazon.com/dp/B00XK3IYUW?tag=eloabder-20&linkCode=osi&th=1&psc=1"><img src="https://m.media-amazon.com/images/I/51T9Vgtx+bL._SL500_.jpg" alt="Product Image"></a><p>Heinz Condiment Packets Ketchup and Mustard (100 Total; 50 Each Flavor)</p><p>$13.10 ($0.60 / Ounce)</p><a href="https://www.amazon.com/dp/B00XK3IYUW?tag=eloabder-20&linkCode=osi&th=1&psc=1">View Product</a></div>
<div class="product"><a href="https://www.amazon.com/dp/B09DYZSHJR?tag=eloabder-20&linkCode=osi&th=1&psc=1"><img src="https://m.media-amazon.com/images/I/31fEqU5FfOL._SL500_.jpg" alt="Product Image"></a><p>DaVinci Gourmet Honey Syrup, 25.4 Fluid Ounce (Pack of 1)</p><p>$9.99 ($0.39 / Fl Oz)</p><a href="https://www.amazon.com/dp/B09DYZSHJR?tag=eloabder-20&linkCode=osi&th=1&psc=1">View Product</a></div><div class="product"><a href="https://www.amazon.com/dp/B09GW7TXH3?tag=eloabder-20&linkCode=osi&th=1&psc=1"><img src="https://m.media-amazon.com/images/I/31hUGuR-NsL._SL500_.jpg" alt="Product Image"></a><p>Glorybee, Premium Honey Syrup, Real Honey, No Artifical colors or flavors, 25.4 fl oz</p><p>$10.73 ($0.42 / Fl Oz)</p><a href="https://www.amazon.com/dp/B09GW7TXH3?tag=eloabder-20&linkCode=osi&th=1&psc=1">View Product</a></div><div class="product"><a href="https://www.amazon.com/dp/B07C1138N5?tag=eloabder-20&linkCode=osi&th=1&psc=1"><img src="https://m.media-amazon.com/images/I/31bISVR+FkL._SL500_.jpg" alt="Product Image"></a><p>Monin - Honey Syrup, Smooth Sweet Honey Flavor, Great for Teas, Lemonades, Cocktails, & Coffee, Gluten-Free, Non-GMO (1 Liter)</p><p>$19.13 ($0.57 / Fl Oz)</p><a href="https://www.amazon.com/dp/B07C1138N5?tag=eloabder-20&linkCode=osi&th=1&psc=1">View Product</a></div><div class="product"><a href="https://www.amazon.com/dp/B0D43FMJ8V?tag=eloabder-20&linkCode=osi&th=1&psc=1"><img src="https://m.media-amazon.com/images/I/41P8d3eueDL._SL500_.jpg" alt="Product Image"></a><p>Torani Salted Honey Butter Syrup for Coffee 25.4 Ounces Coffee Syrups and Flavors with Jimoco Pump Syrup Dispenser</p><p>$17.95 ($0.71 / Fl Oz)</p><a href="https://www.amazon.com/dp/B0D43FMJ8V?tag=eloabder-20&linkCode=osi&th=1&psc=1">View Product</a></div><div class="product"><a href="https://www.amazon.com/dp/B00IRRJBRQ?tag=eloabder-20&linkCode=osi&th=1&psc=1"><img src="https://m.media-amazon.com/images/I/31a3OJgvluL._SL500_.jpg" alt="Product Image"></a><p>Torani Honey Sweetener, 25.4 Ounce (Pack of 4)</p><p>$25.47 ($0.25 / Fl Oz)</p><a href="https://www.amazon.com/dp/B00IRRJBRQ?tag=eloabder-20&linkCode=osi&th=1&psc=1">View Product</a></div><div class="product"><a href="https://www.amazon.com/dp/B0BSMPDPZ9?tag=eloabder-20&linkCode=osi&th=1&psc=1"><img src="https://m.media-amazon.com/images/I/41A+L9ilEXL._SL500_.jpg" alt="Product Image"></a><p>Monin - Hot Honey Syrup, Robust Sweet & Spicy Flavors, Great for Lemonades, Teas, Cocktails, Culinary Recipes, & More, No Artificial Sweeteners, Gluten-Free, Non-GMO, Clean Label (1 Liter)</p><p>$17.99 ($0.53 / Fl Oz)</p><a href="https://www.amazon.com/dp/B0BSMPDPZ9?tag=eloabder-20&linkCode=osi&th=1&psc=1">View Product</a></div><div class="product"><a href="https://www.amazon.com/dp/B078YFLF9K?tag=eloabder-20&linkCode=osi&th=1&psc=1"><img src="https://m.media-amazon.com/images/I/41Gx-mwendL._SL500_.jpg" alt="Product Image"></a><p>Tippleman's Ginger Honey Syrup - Craft Cocktail Mixer - All Natural Complex Syrup for Cocktails and Non-Alcoholic Beverages - Margarita, Whiskey Sour, or Sweet Iced Tea - Makes 17 Cocktails</p><p>$24.99 ($1.92 / Fl Oz)</p><a href="https://www.amazon.com/dp/B078YFLF9K?tag=eloabder-20&linkCode=osi&th=1&psc=1">View Product</a></div><div class="product"><a href="https://www.amazon.com/dp/B07CWFJV6C?tag=eloabder-20&linkCode=osi&th=1&psc=1"><img src="https://m.media-amazon.com/images/I/41cmu+ltDxL._SL500_.jpg" alt="Product Image"></a><p>Robitussin Maximum Strength Honey Cough + Chest Congestion DM, Cough Medicine for Cough and Chest Congestion Relief Made with Real Honey- 4 Fl Oz Bottle</p><p>$11.74 ($2.94 / Fl Oz)</p><a href="https://www.amazon.com/dp/B07CWFJV6C?tag=eloabder-20&linkCode=osi&th=1&psc=1">View Product</a></div><div class="product"><a href="https://www.amazon.com/dp/B005S1LP28?tag=eloabder-20&linkCode=osi&th=1&psc=1"><img src="https://m.media-amazon.com/images/I/41DkU4bxBrL._SL500_.jpg" alt="Product Image"></a><p>Monin - Organic Honey Sweetener, Low-Calorie Liquid Sweetener, Sugar Substitute, Coffee Syrup, Made with Organic Honey, Simple Syrup for Cocktails, Iced Tea, & More, Clean Label (1 Liter)</p><p>$26.99 ($0.80 / Fl Oz)</p><a href="https://www.amazon.com/dp/B005S1LP28?tag=eloabder-20&linkCode=osi&th=1&psc=1">View Product</a></div>
<div class="product"><a href="https://www.amazon.com/dp/B0D3FYHWP7?tag=eloabder-20&linkCode=osi&th=1&psc=1"><img src="https://m.media-amazon.com/images/I/41W51dqWhAL._SL500_.jpg" alt="Product Image"></a><p>Blueprint Bryan Johnson Nutty Butter - Macadamia Nuts and Walnuts - Just 3 Ingredients - No Palm Oil - Keto and Low Carb Snack - No Added Sugar, Vegan, Non GMO, Keto and Paleo Friendly (8.8 ounces)</p><p>$11.00 ($1.25 / Ounce)</p><a href="https://www.amazon.com/dp/B0D3FYHWP7?tag=eloabder-20&linkCode=osi&th=1&psc=1">View Product</a></div><div class="product"><a href="https://www.amazon.com/dp/B0B34J7HHD?tag=eloabder-20&linkCode=osi&th=1&psc=1"><img src="https://m.media-amazon.com/images/I/31UpKhqk2QL._SL500_.jpg" alt="Product Image"></a><p>Octonuts Dry Roasted Pure Cashew 16oz Nut Butter 16oz - Pure Creamy Nut Butter - Gluten Free, Vegan, Kosher, Paleo, Non-GMO Nut Butters Single Ingredient</p><p>$11.99 ($0.75 / Ounce)</p><a href="https://www.amazon.com/dp/B0B34J7HHD?tag=eloabder-20&linkCode=osi&th=1&psc=1">View Product</a></div><div class="product"><a href="https://www.amazon.com/dp/B09NP7D465?tag=eloabder-20&linkCode=osi&th=1&psc=1"><img src="https://m.media-amazon.com/images/I/51+XSeELM2L._SL500_.jpg" alt="Product Image"></a><p>Crazy Go Nuts Walnut Butter - Plain w/ Sea Salt - Healthy Snacks, Keto, Vegan, Low Carb, Gluten Free, Superfood - Natural, Non-GMO, ALA, Omega 3 Fatty Acids, Good Fats and Antioxidants - 9.25 oz (1-Pack)</p><p>$10.99 ($1.19 / Ounce)</p><a href="https://www.amazon.com/dp/B09NP7D465?tag=eloabder-20&linkCode=osi&th=1&psc=1">View Product</a></div><div class="product"><a href="https://www.amazon.com/dp/B00KHAG1BK?tag=eloabder-20&linkCode=osi&th=1&psc=1"><img src="https://m.media-amazon.com/images/I/41nZVovN5oL._SL500_.jpg" alt="Product Image"></a><p>JUSTIN'S Classic Gluten-Free Almond Butter Squeeze Packs, 1.15 Ounce (Pack of 10)</p><p>$13.40 ($1.17 / Ounce)</p><a href="https://www.amazon.com/dp/B00KHAG1BK?tag=eloabder-20&linkCode=osi&th=1&psc=1">View Product</a></div><div class="product"><a href="https://www.amazon.com/dp/B01M06S98E?tag=eloabder-20&linkCode=osi&th=1&psc=1"><img src="https://m.media-amazon.com/images/I/41fCsKiYMdL._SL500_.jpg" alt="Product Image"></a><p>Organic Power Fuel Crunchy Nut Butter by NuttZo | 7 Nuts & Seeds Blend, Paleo, Non-GMO, Gluten-Free, Vegan, Kosher | 1g Sugar, 6g Protein | 26oz Jar</p><p>$21.99 ($0.85 / Ounce)</p><a href="https://www.amazon.com/dp/B01M06S98E?tag=eloabder-20&linkCode=osi&th=1&psc=1">View Product</a></div><div class="product"><a href="https://www.amazon.com/dp/B07CGZ2RJQ?tag=eloabder-20&linkCode=osi&th=1&psc=1"><img src="https://m.media-amazon.com/images/I/41eZiTYDVgL._SL500_.jpg" alt="Product Image"></a><p>Vör Pure Macadamia Nut Butter Spread (11oz) | Only One Ingredient</p><p>$18.99 ($1.73 / Ounce)</p><a href="https://www.amazon.com/dp/B07CGZ2RJQ?tag=eloabder-20&linkCode=osi&th=1&psc=1">View Product</a></div><div class="product"><a href="https://www.amazon.com/dp/B00X7W96OO?tag=eloabder-20&linkCode=osi&th=1&psc=1"><img src="https://m.media-amazon.com/images/I/41jU7bL5rFL._SL500_.jpg" alt="Product Image"></a><p>MaraNatha Creamy Roasted Caramel Almond Butter, No Stir, 12 Ounce Jar</p><p>$6.94 ($0.58 / Ounce)</p><a href="https://www.amazon.com/dp/B00X7W96OO?tag=eloabder-20&linkCode=osi&th=1&psc=1">View Product</a></div>
<div class="product"><a href="https://www.amazon.com/dp/B01CUS63OG?tag=eloabder-20&linkCode=osi&th=1&psc=1"><img src="https://m.media-amazon.com/images/I/51o0FJwMj8L._SL500_.jpg" alt="Product Image"></a><p>Anna and Sarah Tropical Dried Fruit Mix 2 Lbs</p><p>$17.99 ($9.00 / lb)</p><a href="https://www.amazon.com/dp/B01CUS63OG?tag=eloabder-20&linkCode=osi&th=1&psc=1">View Product</a></div><div class="product"><a href="https://www.amazon.com/dp/B09LZ7YCF7?tag=eloabder-20&linkCode=osi&th=1&psc=1"><img src="https://m.media-amazon.com/images/I/41XMLNKxlML._SL500_.jpg" alt="Product Image"></a><p>Dried Pineapple Chunks, 1 Pound. Dehydrated Pineapple Chunk, Dehydrated Pineapple Bulk, Dried Pineapple Bits. All Natural, Non-GMO, Lightly Sweetened Dried Pineapples, 16 oz.</p><p>$9.99 ($0.62 / oz)</p><a href="https://www.amazon.com/dp/B09LZ7YCF7?tag=eloabder-20&linkCode=osi&th=1&psc=1">View Product</a></div><div class="product"><a href="https://www.amazon.com/dp/B000M69QRU?tag=eloabder-20&linkCode=osi&th=1&psc=1"><img src="https://m.media-amazon.com/images/I/51EyH2xvyyS._SL500_.jpg" alt="Product Image"></a><p>Ocean Spray Craisins Dried Cranberries, Original, 48 Ounce</p><p>$7.62 ($0.16 / Fl Oz)</p><a href="https://www.amazon.com/dp/B000M69QRU?tag=eloabder-20&linkCode=osi&th=1&psc=1">View Product</a></div><div class="product"><a href="https://www.amazon.com/dp/B09YTMZ1GP?tag=eloabder-20&linkCode=osi&th=1&psc=1"><img src="https://m.media-amazon.com/images/I/51+y56cVq0L._SL500_.jpg" alt="Product Image"></a><p>Oregon Farm Fresh Snacks Dried Fruit Mix – 24oz Healthy Snacks - Fresh and Natural Fruit Trail Mix – Mixed Fruit Snacks for Adults and Kids – Ideal for Breakfast, Cakes, Snacks</p><p>$17.99 ($0.75 / Ounce)</p><a href="https://www.amazon.com/dp/B09YTMZ1GP?tag=eloabder-20&linkCode=osi&th=1&psc=1">View Product</a></div><div class="product"><a href="https://www.amazon.com/dp/B08Z5QXBK1?tag=eloabder-20&linkCode=osi&th=1&psc=1"><img src="https://m.media-amazon.com/images/I/51a0Oclr3nS._SL500_.jpg" alt="Product Image"></a><p>Dried Cherries Tart Cherry, 1lb. Montmorency Tart Cherries, Dried Sour Cherries Fresh, Montmorency Dried Tart Cherries, Dried Cherries, All-Natural Whole Sour Cherry 16 oz.</p><p>$14.28 ($0.89 / oz)</p><a href="https://www.amazon.com/dp/B08Z5QXBK1?tag=eloabder-20&linkCode=osi&th=1&psc=1">View Product</a></div><div class="product"><a href="https://www.amazon.com/dp/B00F34772M?tag=eloabder-20&linkCode=osi&th=1&psc=1"><img src="https://m.media-amazon.com/images/I/51AsgKQIMiL._SL500_.jpg" alt="Product Image"></a><p>A Gift Inside Sweet Bloom Dried Fruit Deluxe Tray Basket Arrangement for Holiday Birthday Healthy Snack Business Kosher</p><p>$33.20</p><a href="https://www.amazon.com/dp/B00F34772M?tag=eloabder-20&linkCode=osi&th=1&psc=1">View Product</a></div><div class="product"><a href="https://www.amazon.com/dp/B01N057EEP?tag=eloabder-20&linkCode=osi&th=1&psc=1"><img src="https://m.media-amazon.com/images/I/51MrelYxkML._SL500_.jpg" alt="Product Image"></a><p>Mavuno Harvest Organic Dried Fruit Variety Pack | Dried Mango, Pineapple, and Jackfruit | Healthy, Vegan, No Sugar Added, Non GMO Snacks for Kids & Adults | 2 Ounce, Pack of 3</p><p>$13.99 ($2.33 / Ounce)</p><a href="https://www.amazon.com/dp/B01N057EEP?tag=eloabder-20&linkCode=osi&th=1&psc=1">View Product</a></div><div class="product"><a href="https://www.amazon.com/dp/B08JWR4M3F?tag=eloabder-20&linkCode=osi&th=1&psc=1"><img src="https://m.media-amazon.com/images/I/41rjnxAN2FL._SL500_.jpg" alt="Product Image"></a><p>Sunrise Fresh Dried Sweet Cherries, Unsweetened, No Sugar Added, Fresh Fruit Flavor, 1 lb Bag</p><p>$14.49 ($0.91 / oz)</p><a href="https://www.amazon.com/dp/B08JWR4M3F?tag=eloabder-20&linkCode=osi&th=1&psc=1">View Product</a></div><div class="product"><a href="https://www.amazon.com/dp/B08YP8NQP4?tag=eloabder-20&linkCode=osi&th=1&psc=1"><img src="https://m.media-amazon.com/images/I/51GM51afRIS._SL500_.jpg" alt="Product Image"></a><p>Whole Dried Blueberries, No Sugar Added, Bulk, Dehydrated, Dried Unsweetened Blueberries, All Natural, Non-GMO, 1 Pound. - 16 oz.</p><p>$17.44 ($1.09 / oz)</p><a href="https://www.amazon.com/dp/B08YP8NQP4?tag=eloabder-20&linkCode=osi&th=1&psc=1">View Product</a></div>
<div class="product"><a href="https://www.amazon.com/dp/B084T1VWP5?tag=eloabder-20&linkCode=osi&th=1&psc=1"><img src="https://m.media-amazon.com/images/I/51o0utHF41L._SL500_.jpg" alt="Product Image"></a><p>Planters Pop & Pour Dry Roasted Sunflower Seeds, (4 - 5.85 oz. Jars)</p><p>$7.96 ($0.34 / Ounce)</p><a href="https://www.amazon.com/dp/B084T1VWP5?tag=eloabder-20&linkCode=osi&th=1&psc=1">View Product</a></div><div class="product"><a href="https://www.amazon.com/dp/B07TZX3KQZ?tag=eloabder-20&linkCode=osi&th=1&psc=1"><img src="https://m.media-amazon.com/images/I/41OvCvu5E9L._SL500_.jpg" alt="Product Image"></a><p>Yupik Organic Super 6 Seeds Mix, 2.2 lb, Non-GMO, Vegan</p><p>$11.99 ($0.34 / Ounce)</p><a href="https://www.amazon.com/dp/B07TZX3KQZ?tag=eloabder-20&linkCode=osi&th=1&psc=1">View Product</a></div><div class="product"><a href="https://www.amazon.com/dp/B07W7ZZJQB?tag=eloabder-20&linkCode=osi&th=1&psc=1"><img src="https://m.media-amazon.com/images/I/51jbKA5l0CL._SL500_.jpg" alt="Product Image"></a><p>Southern Style Nuts Gourmet Hunter Mix, 23 Ounces, Sesame Sticks, Peanuts, Sunflower Kernels, Almonds, Cashews, and Pepitas</p><p>$7.92 ($0.34 / Ounce)</p><a href="https://www.amazon.com/dp/B07W7ZZJQB?tag=eloabder-20&linkCode=osi&th=1&psc=1">View Product</a></div><div class="product"><a href="https://www.amazon.com/dp/B089LJB5F5?tag=eloabder-20&linkCode=osi&th=1&psc=1"><img src="https://m.media-amazon.com/images/I/51kS4PKIyZL._SL500_.jpg" alt="Product Image"></a><p>Fisher Oven Roasted Never Fried Deluxe Mixed Nuts, 24 Ounces (Pack of 1), Almonds, Cashews, Pecans, Pistachios, Snacks for Adults, Made With Sea Salt, No Added Oil, Artificial Ingredients or Preservatives, Trail Mix, Gluten Free</p><p>$17.09 ($0.71 / Ounce)</p><a href="https://www.amazon.com/dp/B089LJB5F5?tag=eloabder-20&linkCode=osi&th=1&psc=1">View Product</a></div><div class="product"><a href="https://www.amazon.com/dp/B077HZW2FX?tag=eloabder-20&linkCode=osi&th=1&psc=1"><img src="https://m.media-amazon.com/images/I/51AQx+2kfEL._SL500_.jpg" alt="Product Image"></a><p>BetterBody Foods Superfood Organic Super Seeds - Blend of Organic Chia Seeds, Milled Flax Seed, Hemp Hearts, Add to Smoothies Shakes & More, 1lb, 16 oz</p><p>$10.66 ($0.67 / Ounce)</p><a href="https://www.amazon.com/dp/B077HZW2FX?tag=eloabder-20&linkCode=osi&th=1&psc=1">View Product</a></div><div class="product"><a href="https://www.amazon.com/dp/B00PPKSZO8?tag=eloabder-20&linkCode=osi&th=1&psc=1"><img src="https://m.media-amazon.com/images/I/41Q7alFU8RL._SL500_.jpg" alt="Product Image"></a><p>PLANTERS Unsalted Mixed Nuts, Cashews, Almonds, Hazelnuts, Pecans, Pistachios no Shell, Party Snacks, Plant-Based Protein, Quick Snack for Adults, After School Snack, Kosher, 2.16lb Container</p><p>$17.26 ($0.50 / Fl Oz)</p><a href="https://www.amazon.com/dp/B00PPKSZO8?tag=eloabder-20&linkCode=osi&th=1&psc=1">View Product</a></div><div class="product"><a href="https://www.amazon.com/dp/B0CHLKJ7JM?tag=eloabder-20&linkCode=osi&th=1&psc=1"><img src="https://m.media-amazon.com/images/I/51sXps1S2KL._SL500_.jpg" alt="Product Image"></a><p>KIND Seeds Fruit & Nuts Snack Bar, Orange Cranberry | 5g Protein, High Fiber, Gluten Free Bars, 1.4 OZ, 12 Count</p><p>$14.96 ($1.25 / Count)</p><a href="https://www.amazon.com/dp/B0CHLKJ7JM?tag=eloabder-20&linkCode=osi&th=1&psc=1">View Product</a></div><div class="product"><a href="https://www.amazon.com/dp/B0CHLD9ZKL?tag=eloabder-20&linkCode=osi&th=1&psc=1"><img src="https://m.media-amazon.com/images/I/51l78v8NL9L._SL500_.jpg" alt="Product Image"></a><p>KIND Seeds Fruit & Nuts Snack Bar, Strawberry Sunflower Seed | 5g Protein, High Fiber, Gluten Free Bars, 1.4 OZ, 12 Count</p><p>$13.58 ($1.13 / Count)</p><a href="https://www.amazon.com/dp/B0CHLD9ZKL?tag=eloabder-20&linkCode=osi&th=1&psc=1">View Product</a></div><div class="product"><a href="https://www.amazon.com/dp/B079WN7C3F?tag=eloabder-20&linkCode=osi&th=1&psc=1"><img src="https://m.media-amazon.com/images/I/41YqpED33FL._SL500_.jpg" alt="Product Image"></a><p>GERBS Raw Super 7 Seed Snack Trail Mix 1 LBS. | Top 14 Food Allergy Free | Resealable Bulk Bag | Made in USA | Raw Pumpkin | Sunflower | Brown & Golden Flax | Black & White Chia | Hemp | Gluten Free</p><p>$14.99 ($0.94 / Ounce)</p><a href="https://www.amazon.com/dp/B079WN7C3F?tag=eloabder-20&linkCode=osi&th=1&psc=1">View Product</a></div><div class="product"><a href="https://www.amazon.com/dp/B00CYK8DOE?tag=eloabder-20&linkCode=osi&th=1&psc=1"><img src="https://m.media-amazon.com/images/I/41hvbaCdz6L._SL500_.jpg" alt="Product Image"></a><p>Oh! Nuts Roasted Salted Pumpkin Seeds | Resealable 2LB Bulk Bag of Unshelled Pepitas | All-Natural Protein Power for Gluten-Free & Vegan Snacking | Fresh & Healthy Keto Snacks</p><p>$18.81 ($0.59 / Ounce)</p><a href="https://www.amazon.com/dp/B00CYK8DOE?tag=eloabder-20&linkCode=osi&th=1&psc=1">View Product</a></div>

<div class="product"><a href="https://www.amazon.com/dp/B08TTFGPS5?tag=eloabder-20&linkCode=osi&th=1&psc=1"><img src="https://m.media-amazon.com/images/I/51LP-kQBLAL._SL500_.jpg" alt="Product Image"></a><p>Pine River Cheese Spreads - Variety Pack 3 8oz. Sharp Cheddar-Garlic & Herb-Swiss (24oz)</p><p>$21.93 ($0.91 / Ounce)</p><a href="https://www.amazon.com/dp/B08TTFGPS5?tag=eloabder-20&linkCode=osi&th=1&psc=1">View Product</a></div><div class="product"><a href="https://www.amazon.com/dp/B09GW71DPQ?tag=eloabder-20&linkCode=osi&th=1&psc=1"><img src="https://m.media-amazon.com/images/I/41BpjCgQpKL._SL500_.jpg" alt="Product Image"></a><p>Port Wine Cheese Spread 8 Ounce (Pack of 4)</p><p>$26.10 ($0.82 / Ounce)</p><a href="https://www.amazon.com/dp/B09GW71DPQ?tag=eloabder-20&linkCode=osi&th=1&psc=1">View Product</a></div><div class="product"><a href="https://www.amazon.com/dp/B006G4NCT0?tag=eloabder-20&linkCode=osi&th=1&psc=1"><img src="https://m.media-amazon.com/images/I/41-Krj0PbcL._SL500_.jpg" alt="Product Image"></a><p>Sharp Cheddar Cheese Spread 8 Ounce (Pack of 4)</p><p>$25.90 ($1.08 / Ounce)</p><a href="https://www.amazon.com/dp/B006G4NCT0?tag=eloabder-20&linkCode=osi&th=1&psc=1">View Product</a></div><div class="product"><a href="https://www.amazon.com/dp/B09SM3L7LN?tag=eloabder-20&linkCode=osi&th=1&psc=1"><img src="https://m.media-amazon.com/images/I/417W7hKPcvL._SL500_.jpg" alt="Product Image"></a><p>Cheese Snack Spread Variety 4 Pack</p><p>$34.00 ($1.06 / Ounce)</p><a href="https://www.amazon.com/dp/B09SM3L7LN?tag=eloabder-20&linkCode=osi&th=1&psc=1">View Product</a></div>
<div class="product"><a href="https://www.amazon.com/dp/B08CNRQ2C6?tag=eloabder-20&linkCode=osi&th=1&psc=1"><img src="https://m.media-amazon.com/images/I/41ps--esahL._SL500_.jpg" alt="Product Image"></a><p>HOIST Premium Military Hydration Electrolyte Drink, Powerful IV-Level Hydration, Clinically Proven Performance Drink, Peach Mango, 16 Fl Oz (Pack of 12)</p><p>$29.99 ($0.16 / Fl Oz)</p><a href="https://www.amazon.com/dp/B08CNRQ2C6?tag=eloabder-20&linkCode=osi&th=1&psc=1">View Product</a></div><div class="product"><a href="https://www.amazon.com/dp/B082BG3XYZ?tag=eloabder-20&linkCode=osi&th=1&psc=1"><img src="https://m.media-amazon.com/images/I/51+XFCzX3zL._SL500_.jpg" alt="Product Image"></a><p>UPTIME – Blueberry Pomegranate - Zero Sugar (12 Pack), Premium Energy Drink, 12oz Bottles, Natural Caffeine, Sparkling, Natural Flavors, 5 Calories…</p><p>$28.99 ($0.20 / Fl Oz)</p><a href="https://www.amazon.com/dp/B082BG3XYZ?tag=eloabder-20&linkCode=osi&th=1&psc=1">View Product</a></div><div class="product"><a href="https://www.amazon.com/dp/B0BSP3R4JX?tag=eloabder-20&linkCode=osi&th=1&psc=1"><img src="https://m.media-amazon.com/images/I/41TvMVYbcjL._SL500_.jpg" alt="Product Image"></a><p>Barcode Premium Hydration Drink - No Added Sugars, Variety Pack (12 Pack) - Plant-Based Beverage - Adaptogen Drink with Electrolytes for Immunity & Performance</p><p>$29.88 ($0.15 / Fl Oz)</p><a href="https://www.amazon.com/dp/B0BSP3R4JX?tag=eloabder-20&linkCode=osi&th=1&psc=1">View Product</a></div><div class="product"><a href="https://www.amazon.com/dp/B0CYL4CCKM?tag=eloabder-20&linkCode=osi&th=1&psc=1"><img src="https://m.media-amazon.com/images/I/514q0PPV9+L._SL500_.jpg" alt="Product Image"></a><p>ProBaller Ultra Premium Energy Drink - Wild Berry ZERO</p><p>$35.99 ($0.20 / Fl Oz)</p><a href="https://www.amazon.com/dp/B0CYL4CCKM?tag=eloabder-20&linkCode=osi&th=1&psc=1">View Product</a></div><div class="product"><a href="https://www.amazon.com/dp/B0D2BKB2J3?tag=eloabder-20&linkCode=osi&th=1&psc=1"><img src="https://m.media-amazon.com/images/I/41MbnJUx3LL._SL500_.jpg" alt="Product Image"></a><p>ProBaller Ultra Premium Energy Drink - Sugar Free</p><p>$35.99 ($0.20 / Fl Oz)</p><a href="https://www.amazon.com/dp/B0D2BKB2J3?tag=eloabder-20&linkCode=osi&th=1&psc=1">View Product</a></div><div class="product"><a href="https://www.amazon.com/dp/B0CYJXMRKS?tag=eloabder-20&linkCode=osi&th=1&psc=1"><img src="https://m.media-amazon.com/images/I/41gt6X6dVdL._SL500_.jpg" alt="Product Image"></a><p>Joggy Clean Energy Drink - 4-Pack Tart Cherry & Hibiscus - 150mg Organic Guayusa Caffeine - Zero Added Sugar, Vegan, Plant-Based, Natural Healthy Boost, Premium Beverage</p><p>$13.99 ($0.44 / Fl Oz)</p><a href="https://www.amazon.com/dp/B0CYJXMRKS?tag=eloabder-20&linkCode=osi&th=1&psc=1">View Product</a></div><div class="product"><a href="https://www.amazon.com/dp/B081QCCN21?tag=eloabder-20&linkCode=osi&th=1&psc=1"><img src="https://m.media-amazon.com/images/I/61k-oHxeO2L._SL500_.jpg" alt="Product Image"></a><p>Hawaiian Sun Premium Tropical Juice Drink Party Bundle of 10 Assorted Flavors (24 Cans Total)</p><p>$44.95 ($0.16 / Fl Oz )</p><a href="https://www.amazon.com/dp/B081QCCN21?tag=eloabder-20&linkCode=osi&th=1&psc=1">View Product</a></div><div class="product"><a href="https://www.amazon.com/dp/B0CCHW3Q8Q?tag=eloabder-20&linkCode=osi&th=1&psc=1"><img src="https://m.media-amazon.com/images/I/414+SPv3c5L._SL500_.jpg" alt="Product Image"></a><p>Camp Craft Cocktail Mix - Flo'rita | Premium Drink Mixer Infusion Kit with Dehydrated Fruit, Herbs and Vegan Sugar | 16 oz Glass Jar Mixer for Cocktails, Margaritas, and Mocktails - Serves 8</p><p>$25.00 ($1.56 / Fl Oz)</p><a href="https://www.amazon.com/dp/B0CCHW3Q8Q?tag=eloabder-20&linkCode=osi&th=1&psc=1">View Product</a></div><div class="product"><a href="https://www.amazon.com/dp/B0CVQN2NBB?tag=eloabder-20&linkCode=osi&th=1&psc=1"><img src="https://m.media-amazon.com/images/I/51bpS7Tlj2L._SL500_.jpg" alt="Product Image"></a><p>Starbucks Cold Brew Coffee, Vanilla Sweet Cream, 11 fl oz Cans (12 Pack), Premium Coffee Drink, Iced Coffee</p><p>$39.39 ($0.30 / Fl Oz)</p><a href="https://www.amazon.com/dp/B0CVQN2NBB?tag=eloabder-20&linkCode=osi&th=1&psc=1">View Product</a></div>
<div class="product"><a href="https://www.amazon.com/dp/B08PW3LK4T?tag=eloabder-20&linkCode=osi&th=1&psc=1"><img src="https://m.media-amazon.com/images/I/41TLoWBkNWL._SL500_.jpg" alt="Product Image"></a><p>Classic Ginger Beer, Regatta Craft Mixers, All-Natural Ingredients, Non-GMO, 7.5oz, Case of 24 Sleek Cans</p><p>$29.98 ($0.17 / Fl Oz)</p><a href="https://www.amazon.com/dp/B08PW3LK4T?tag=eloabder-20&linkCode=osi&th=1&psc=1">View Product</a></div><div class="product"><a href="https://www.amazon.com/dp/B08KTP2999?tag=eloabder-20&linkCode=osi&th=1&psc=1"><img src="https://m.media-amazon.com/images/I/41tC0pFgGtL._SL500_.jpg" alt="Product Image"></a><p>ABC Crafted Series Beer Making Kit | Beer Making Ingredients for Home Brewing | Yields 6 Gallons of Beer | Brown Ale</p><p>$25.00</p><a href="https://www.amazon.com/dp/B08KTP2999?tag=eloabder-20&linkCode=osi&th=1&psc=1">View Product</a></div><div class="product"><a href="https://www.amazon.com/dp/B01KSD9JKU?tag=eloabder-20&linkCode=osi&th=1&psc=1"><img src="https://m.media-amazon.com/images/I/517aGsVY9qL._SL500_.jpg" alt="Product Image"></a><p>Beer-infused Hot Sauce Variety 3-pack (Includes Asian Sriracha, Garlic Serrano, & Roasty Chipotle) - Craft Beer Gift, Hot Sauce Gift Set, Beer Sauce, BBQ Sauce, Beer Lover, Grill + Man Cave</p><p>$27.99 ($1.87 / Fl Oz)</p><a href="https://www.amazon.com/dp/B01KSD9JKU?tag=eloabder-20&linkCode=osi&th=1&psc=1">View Product</a></div><div class="product"><a href="https://www.amazon.com/dp/B0C9KKG6C6?tag=eloabder-20&linkCode=osi&th=1&psc=1"><img src="https://m.media-amazon.com/images/I/41Rxjjlu5+L._SL500_.jpg" alt="Product Image"></a><p>Plochman, Craft Beer Mustard (Brickstone), 11 oz, Blended Mustard</p><p>$6.99 ($0.64 / Ounce)</p><a href="https://www.amazon.com/dp/B0C9KKG6C6?tag=eloabder-20&linkCode=osi&th=1&psc=1">View Product</a></div><div class="product"><a href="https://www.amazon.com/dp/B01692UXRW?tag=eloabder-20&linkCode=osi&th=1&psc=1"><img src="https://m.media-amazon.com/images/I/51qUU-Fjx5L._SL500_.jpg" alt="Product Image"></a><p>BREW CANDY | Hoppy IPA + Roasty Stout + Honey Ale | Great Craft Beer Gift for Beer Drinkers and Candy Lovers | Perfect for the Man Cave, Brewery, Office, or Home | MADE IN USA</p><p>$9.99 ($2.50 / Ounce)</p><a href="https://www.amazon.com/dp/B01692UXRW?tag=eloabder-20&linkCode=osi&th=1&psc=1">View Product</a></div><div class="product"><a href="https://www.amazon.com/dp/B07L1M2P57?tag=eloabder-20&linkCode=osi&th=1&psc=1"><img src="https://m.media-amazon.com/images/I/415wGhwZDvL._SL500_.jpg" alt="Product Image"></a><p>Unique Snacks Sourdough Craft Beer Pretzel Rings, Delicious Homestyle Baked Snack Bag, Vegan, OU Kosher, and Non-GMO Food, No Artificial Flavor, 11 Oz. Bag, Pack of 6</p><p>$24.99 ($0.38 / Ounce)</p><a href="https://www.amazon.com/dp/B07L1M2P57?tag=eloabder-20&linkCode=osi&th=1&psc=1">View Product</a></div>
<div class="product"><a href="https://www.amazon.com/dp/B0CD79R3QZ?tag=eloabder-20&linkCode=osi&th=1&psc=1"><img src="https://m.media-amazon.com/images/I/21X3VVYgpXL._SL500_.jpg" alt="Product Image"></a><p>French Bloom Le Blanc Alcohol-Free Sparkling Wine, 750ml - Certified Organic, Vegan, Halal, Low Calorie, Sulfite Free - Made with Fine Organic Wine, No Preservatives or Added Sugar</p><p>$41.00 ($1.61 / Fl Oz)</p><a href="https://www.amazon.com/dp/B0CD79R3QZ?tag=eloabder-20&linkCode=osi&th=1&psc=1">View Product</a></div><div class="product"><a href="https://www.amazon.com/dp/B0D6HWD369?tag=eloabder-20&linkCode=osi&th=1&psc=1"><img src="https://m.media-amazon.com/images/I/31U1YybAm5L._SL500_.jpg" alt="Product Image"></a><p>Saint Viviana Non-Alcoholic Sauvignon Blanc, Crisp Dry White Wine with Fresh Fruit Flavor & Floral Notes, Made in Washington State, 24.6 Fl Oz Bottle</p><p>$22.99 ($0.93 / Fl Oz)</p><a href="https://www.amazon.com/dp/B0D6HWD369?tag=eloabder-20&linkCode=osi&th=1&psc=1">View Product</a></div><div class="product"><a href="https://www.amazon.com/dp/B0D244C3VJ?tag=eloabder-20&linkCode=osi&th=1&psc=1"><img src="https://m.media-amazon.com/images/I/416UnLmeDPL._SL500_.jpg" alt="Product Image"></a><p>Monari Marsala Fine Wine PDO Glaze| 9 Ounce, Pack of 6</p><p>$37.99 ($6.33 / Count)</p><a href="https://www.amazon.com/dp/B0D244C3VJ?tag=eloabder-20&linkCode=osi&th=1&psc=1">View Product</a></div><div class="product"><a href="https://www.amazon.com/dp/B0054KSA5I?tag=eloabder-20&linkCode=osi&th=1&psc=1"><img src="https://m.media-amazon.com/images/I/41Dk7Gmm5xL._SL500_.jpg" alt="Product Image"></a><p>Regina Fine Red Wine Vinegar, 12 Fl Oz</p><p>$12.94 ($1.08 / Fl Oz)</p><a href="https://www.amazon.com/dp/B0054KSA5I?tag=eloabder-20&linkCode=osi&th=1&psc=1">View Product</a></div><div class="product"><a href="https://www.amazon.com/dp/B0CC6JY2CM?tag=eloabder-20&linkCode=osi&th=1&psc=1"><img src="https://m.media-amazon.com/images/I/31FVY0Kg2cL._SL500_.jpg" alt="Product Image"></a><p>ST. REGIS Cabernet Sauvignon 25.4 Fl Oz (1 Pack) - Low Calorie and Sugar - Fruity & Spicy Rich Flavor from North of Spain Vineyards</p><p>$17.95 ($0.71 / Fl Oz)</p><a href="https://www.amazon.com/dp/B0CC6JY2CM?tag=eloabder-20&linkCode=osi&th=1&psc=1">View Product</a></div><div class="product"><a href="https://www.amazon.com/dp/B0CLYLY93H?tag=eloabder-20&linkCode=osi&th=1&psc=1"><img src="https://m.media-amazon.com/images/I/31cSVgLe1sL._SL500_.jpg" alt="Product Image"></a><p>Chateau del ISH Sparkling Rosé | Award-Winning Non-Alcoholic Sparkling Wine | De-Alcoholized Blend of Merlot & Pinot Noir Grapes | Only 9 grams of Sugar | 45 Calories per Serving | 750 ml Bottle</p><p>$23.99 ($0.94 / Fl Oz)</p><a href="https://www.amazon.com/dp/B0CLYLY93H?tag=eloabder-20&linkCode=osi&th=1&psc=1">View Product</a></div><div class="product"><a href="https://www.amazon.com/dp/B00075WK10?tag=eloabder-20&linkCode=osi&th=1&psc=1"><img src="https://m.media-amazon.com/images/I/41wn5BC9e3L._SL500_.jpg" alt="Product Image"></a><p>Mantova Italian White Wine Vinegar 17 oz (Pack of 2). Made with traditional methods and aged in fine wood casks, it retains the flavor of the wine, accented by the crisp character of the vinegar.</p><p>$12.97 ($7.21 / Fl Oz)</p><a href="https://www.amazon.com/dp/B00075WK10?tag=eloabder-20&linkCode=osi&th=1&psc=1">View Product</a></div><div class="product"><a href="https://www.amazon.com/dp/B0B6Y4LGT8?tag=eloabder-20&linkCode=osi&th=1&psc=1"><img src="https://m.media-amazon.com/images/I/31DYvJX17cL._SL500_.jpg" alt="Product Image"></a><p>Wander + Found Non-Alcoholic Wine, Pinot Noir, Award Winning Red Wine from Germany, Non-GMO Dealcoholized Wine, 750 ml (1 Bottle)</p><p>$25.99 ($1.02 / Fl Oz)</p><a href="https://www.amazon.com/dp/B0B6Y4LGT8?tag=eloabder-20&linkCode=osi&th=1&psc=1">View Product</a></div><div class="product"><a href="https://www.amazon.com/dp/B08FBLJFL3?tag=eloabder-20&linkCode=osi&th=1&psc=1"><img src="https://m.media-amazon.com/images/I/31xcotQJiQL._SL500_.jpg" alt="Product Image"></a><p>Lussory Organic Merlot Dealcoholized 0.0% Non-Alcoholic Red From Spain, Low Calories, Organic, Vegan (750ml, 1 Bottle)</p><p>$27.99 ($1.10 / Fl Oz)</p><a href="https://www.amazon.com/dp/B08FBLJFL3?tag=eloabder-20&linkCode=osi&th=1&psc=1">View Product</a></div>
<div class="product"><a href="https://www.amazon.com/dp/B08RD41V4Y?tag=eloabder-20&linkCode=osi&th=1&psc=1"><img src="https://m.media-amazon.com/images/I/41Ctrzm6OdL._SL500_.jpg" alt="Product Image"></a><p>Pure Organic Layered Fruit Bars Variety Pack 28 count (Pack of 1).</p><p>$13.99 ($0.40 / Ounce)</p><a href="https://www.amazon.com/dp/B08RD41V4Y?tag=eloabder-20&linkCode=osi&th=1&psc=1">View Product</a></div><div class="product"><a href="https://www.amazon.com/dp/B06X6JR48M?tag=eloabder-20&linkCode=osi&th=1&psc=1"><img src="https://m.media-amazon.com/images/I/51QhYDgoJFL._SL500_.jpg" alt="Product Image"></a><p>Nature's Garden Organic Trail Mix Snack Packs, Multi Pack 1.2 oz - Pack of 24 (Total 28.8 oz)</p><p>$14.89 ($0.52 / Ounce)</p><a href="https://www.amazon.com/dp/B06X6JR48M?tag=eloabder-20&linkCode=osi&th=1&psc=1">View Product</a></div><div class="product"><a href="https://www.amazon.com/dp/B0BQTL31PR?tag=eloabder-20&linkCode=osi&th=1&psc=1"><img src="https://m.media-amazon.com/images/I/512GxWL1ejL._SL500_.jpg" alt="Product Image"></a><p>Annie's Organic Birthday Cake Bunny Grahams and Cheddar Bunnies Snack Pack 36 Count, 36 oz</p><p>$16.99 ($0.47 / Ounce)</p><a href="https://www.amazon.com/dp/B0BQTL31PR?tag=eloabder-20&linkCode=osi&th=1&psc=1">View Product</a></div><div class="product"><a href="https://www.amazon.com/dp/B0C17SW6V1?tag=eloabder-20&linkCode=osi&th=1&psc=1"><img src="https://m.media-amazon.com/images/I/51JwHhUMp-L._SL500_.jpg" alt="Product Image"></a><p>Annie's Organic Bunny Fruit Snacks, Variety Pack, Gluten Free, 22 ct, 15.4 oz</p><p>$9.98 ($0.45 / Count)</p><a href="https://www.amazon.com/dp/B0C17SW6V1?tag=eloabder-20&linkCode=osi&th=1&psc=1">View Product</a></div><div class="product"><a href="https://www.amazon.com/dp/B079LY41VY?tag=eloabder-20&linkCode=osi&th=1&psc=1"><img src="https://m.media-amazon.com/images/I/51hNBmR-vOL._SL500_.jpg" alt="Product Image"></a><p>MadeGood Healthy Snacks Variety Pack (40 Count) Organic Assortment of Granola Bars, Granola Mini and Crispy Squares; Individually Wrapped Snacks</p><p>$29.99</p><a href="https://www.amazon.com/dp/B079LY41VY?tag=eloabder-20&linkCode=osi&th=1&psc=1">View Product</a></div><div class="product"><a href="https://www.amazon.com/dp/B0B88WYZVC?tag=eloabder-20&linkCode=osi&th=1&psc=1"><img src="https://m.media-amazon.com/images/I/41jnzaqqPlL._SL500_.jpg" alt="Product Image"></a><p>YumEarth Organic Fruit Snacks Box, 0.7 Ounce (Pack of 10)</p><p>$6.49 ($0.93 / Ounce)</p><a href="https://www.amazon.com/dp/B0B88WYZVC?tag=eloabder-20&linkCode=osi&th=1&psc=1">View Product</a></div><div class="product"><a href="https://www.amazon.com/dp/B087HBLXSM?tag=eloabder-20&linkCode=osi&th=1&psc=1"><img src="https://m.media-amazon.com/images/I/4103I3BvCSL._SL500_.jpg" alt="Product Image"></a><p>Tropical Fields Organic Crispy Coconut Rolls, 11 Oz</p><p>$9.94 ($0.90 / Ounce)</p><a href="https://www.amazon.com/dp/B087HBLXSM?tag=eloabder-20&linkCode=osi&th=1&psc=1">View Product</a></div><div class="product"><a href="https://www.amazon.com/dp/B08L4XZBS1?tag=eloabder-20&linkCode=osi&th=1&psc=1"><img src="https://m.media-amazon.com/images/I/51IN3a2zpZL._SL500_.jpg" alt="Product Image"></a><p>Annie's Organic Fruit Peel-A-Parts Fruit Snacks, Strawberry and Fruit Punch, 12 packs, 6.7 oz.</p><p>$9.99 ($0.83 / Count)</p><a href="https://www.amazon.com/dp/B08L4XZBS1?tag=eloabder-20&linkCode=osi&th=1&psc=1">View Product</a></div><div class="product"><a href="https://www.amazon.com/dp/B088PRVMXL?tag=eloabder-20&linkCode=osi&th=1&psc=1"><img src="https://m.media-amazon.com/images/I/51Lye-KMCNL._SL500_.jpg" alt="Product Image"></a><p>Gimme Seaweed - Sea Salt & Avocado Oil - 20 Count - Organic Roasted Seaweed Sheets - Keto, Vegan, Gluten Free - Great Source of Iodine & Omega 3’s - Healthy On-The-Go Snack for Kids & Adults</p><p>$14.43 ($4.51 / Ounce)</p><a href="https://www.amazon.com/dp/B088PRVMXL?tag=eloabder-20&linkCode=osi&th=1&psc=1">View Product</a></div><div class="product"><a href="https://www.amazon.com/dp/B0792LF5DZ?tag=eloabder-20&linkCode=osi&th=1&psc=1"><img src="https://m.media-amazon.com/images/I/51Ogpal4rKL._SL500_.jpg" alt="Product Image"></a><p>Simply, Variety Pack Snacks, 0.875 Ounce (Pack of 36)</p><p>$22.43 ($0.71 / Ounce)</p><a href="https://www.amazon.com/dp/B0792LF5DZ?tag=eloabder-20&linkCode=osi&th=1&psc=1">View Product</a></div>
<div class="product"><a href="https://www.amazon.com/dp/B07D83162X?tag=eloabder-20&linkCode=osi&th=1&psc=1"><img src="https://m.media-amazon.com/images/I/515OpZM7eUL._SL500_.jpg" alt="Product Image"></a><p>CLIF BAR - Energy Bars - Variety Pack - Made with Organic Oats - 9-11g Protein - Non-GMO - Plant Based - 2.4 oz. (16 Count)</p><p>$25.98 ($0.68 / Ounce)</p><a href="https://www.amazon.com/dp/B07D83162X?tag=eloabder-20&linkCode=osi&th=1&psc=1">View Product</a></div><div class="product"><a href="https://www.amazon.com/dp/B0CXQ6QP2B?tag=eloabder-20&linkCode=osi&th=1&psc=1"><img src="https://m.media-amazon.com/images/I/41zGg7iGu+L._SL500_.jpg" alt="Product Image"></a><p>CLIF BAR - Crunchy Peanut Butter - Made with Organic Oats - 11g Protein - Non-GMO - Plant Based - Energy Bars - 2.4 oz. (15 Pack)</p><p>$17.24 ($0.48 / Ounce)</p><a href="https://www.amazon.com/dp/B0CXQ6QP2B?tag=eloabder-20&linkCode=osi&th=1&psc=1">View Product</a></div><div class="product"><a href="https://www.amazon.com/dp/B00GJ82VK4?tag=eloabder-20&linkCode=osi&th=1&psc=1"><img src="https://m.media-amazon.com/images/I/51j2KOV9-+L._SL500_.jpg" alt="Product Image"></a><p>Pure Protein Bars, High Protein, Nutritious Snacks to Support Energy, Low Sugar, Gluten Free, Chocolate Peanut Butter, 1.76oz, 12 Count (Packaging May Vary)</p><p>$15.55 ($0.73 / Ounce)</p><a href="https://www.amazon.com/dp/B00GJ82VK4?tag=eloabder-20&linkCode=osi&th=1&psc=1">View Product</a></div><div class="product"><a href="https://www.amazon.com/dp/B084R2FJVV?tag=eloabder-20&linkCode=osi&th=1&psc=1"><img src="https://m.media-amazon.com/images/I/51mGjMQ-PjL._SL500_.jpg" alt="Product Image"></a><p>KIND Energy Bars, Chocolate Chunk, Healthy Snacks, Gluten Free, 30 Count</p><p>$35.45 ($0.56 / Ounce)</p><a href="https://www.amazon.com/dp/B084R2FJVV?tag=eloabder-20&linkCode=osi&th=1&psc=1">View Product</a></div><div class="product"><a href="https://www.amazon.com/dp/B0BHMRSNWX?tag=eloabder-20&linkCode=osi&th=1&psc=1"><img src="https://m.media-amazon.com/images/I/51mha5Z8vAL._SL500_.jpg" alt="Product Image"></a><p>Verb Energy - Variety Pack Caffeinated Snack Bars - 110-Calorie Low Sugar Energy Bar - Nutrition Bars - Vegan Snacks - Gluten Free Breakfast Bars with Organic Green Tea, 26g (Pack of 16)</p><p>$28.95 ($1.97 / Ounce)</p><a href="https://www.amazon.com/dp/B0BHMRSNWX?tag=eloabder-20&linkCode=osi&th=1&psc=1">View Product</a></div><div class="product"><a href="https://www.amazon.com/dp/B08939X5HL?tag=eloabder-20&linkCode=osi&th=1&psc=1"><img src="https://m.media-amazon.com/images/I/51RKwNvJZiL._SL500_.jpg" alt="Product Image"></a><p>Nature Valley Chewy Fruit and Nut Granola Bars, Trail Mix, 1.2 oz, 15 ct</p><p>$6.24 ($0.35 / Ounce)</p><a href="https://www.amazon.com/dp/B08939X5HL?tag=eloabder-20&linkCode=osi&th=1&psc=1">View Product</a></div><div class="product"><a href="https://www.amazon.com/dp/B004XEDS5I?tag=eloabder-20&linkCode=osi&th=1&psc=1"><img src="https://m.media-amazon.com/images/I/51dc89OLXjL._SL500_.jpg" alt="Product Image"></a><p>CLIF BAR - Chocolate Chip - Made with Organic Oats - Non-GMO - Plant Based - Energy Bars - 2.4 oz. (12 Pack)</p><p>$15.17 ($0.53 / Ounce)</p><a href="https://www.amazon.com/dp/B004XEDS5I?tag=eloabder-20&linkCode=osi&th=1&psc=1">View Product</a></div><div class="product"><a href="https://www.amazon.com/dp/B07HHK51J9?tag=eloabder-20&linkCode=osi&th=1&psc=1"><img src="https://m.media-amazon.com/images/I/41h0pofx49L._SL500_.jpg" alt="Product Image"></a><p>Quantum Energy Square: Energy Bar with Caffeine & 10g Protein. Delicious Healthy Snack On The Go. (Vegan, Gluten-free, Soy-free, Dairy-free). Flavor: Variety 8Pk</p><p>$19.95 ($1.48 / Ounce)</p><a href="https://www.amazon.com/dp/B07HHK51J9?tag=eloabder-20&linkCode=osi&th=1&psc=1">View Product</a></div><div class="product"><a href="https://www.amazon.com/dp/B0BY3NL6N3?tag=eloabder-20&linkCode=osi&th=1&psc=1"><img src="https://m.media-amazon.com/images/I/61a84haNQXL._SL500_.jpg" alt="Product Image"></a><p>Atkins Soft Baked Energy Bars, Blueberry, 15g Protein,2g Sugar, Excellent Source of Fiber, Low Carb, 4 Packs (5 Bars Each)</p><p>$40.00 ($2.00 / Count)</p><a href="https://www.amazon.com/dp/B0BY3NL6N3?tag=eloabder-20&linkCode=osi&th=1&psc=1">View Product</a></div><div class="product"><a href="https://www.amazon.com/dp/B0767X1YGZ?tag=eloabder-20&linkCode=osi&th=1&psc=1"><img src="https://m.media-amazon.com/images/I/41wLM+HSd7L._SL500_.jpg" alt="Product Image"></a><p>SKRATCH LABS Energy Bar | Cherry + Pistachio (12 pack) | Plant Based Healthy Snack | Low Sugar - 5g Protein | non-gmo, gluten free, soy free, vegan, kosher</p><p>$29.95 ($1.41 / Ounce)</p><a href="https://www.amazon.com/dp/B0767X1YGZ?tag=eloabder-20&linkCode=osi&th=1&psc=1">View Product</a></div>
<div class="product"><a href="https://www.amazon.com/dp/B00819SSGK?tag=eloabder-20&linkCode=osi&th=1&psc=1"><img src="https://m.media-amazon.com/images/I/51OoPlQlUFL._SL500_.jpg" alt="Product Image"></a><p>Orville Redenbacher's Original Gourmet Popping Corn Kernels, 8 lb.</p><p>$13.28 ($0.10 / Ounce)</p><a href="https://www.amazon.com/dp/B00819SSGK?tag=eloabder-20&linkCode=osi&th=1&psc=1">View Product</a></div><div class="product"><a href="https://www.amazon.com/dp/B0C8QMKF7K?tag=eloabder-20&linkCode=osi&th=1&psc=1"><img src="https://m.media-amazon.com/images/I/41Q1zRw163L._SL500_.jpg" alt="Product Image"></a><p>Extra Buttery Caramel Gourmet Popcorn | 6 Cups Total | Made From Scratch, Made in USA, & GMO-Free | Great as a Snack, Gift, Thank You, & Movie Night - (10.8oz Total)</p><p>$8.99 ($0.83 / Ounce)</p><a href="https://www.amazon.com/dp/B0C8QMKF7K?tag=eloabder-20&linkCode=osi&th=1&psc=1">View Product</a></div><div class="product"><a href="https://www.amazon.com/dp/B0CKLW62T5?tag=eloabder-20&linkCode=osi&th=1&psc=1"><img src="https://m.media-amazon.com/images/I/51UzqTDjfaL._SL500_.jpg" alt="Product Image"></a><p>Garrett Popcorn Garrett Mix, 6.0oz, 4 Bags, Cheese and Caramel Gourmet Popcorn, Gluten Free, Sweet and Salty Snack, Popped Popcorn Bags</p><p>$24.95 ($1.04 / Ounce)</p><a href="https://www.amazon.com/dp/B0CKLW62T5?tag=eloabder-20&linkCode=osi&th=1&psc=1">View Product</a></div><div class="product"><a href="https://www.amazon.com/dp/B07JN5467R?tag=eloabder-20&linkCode=osi&th=1&psc=1"><img src="https://m.media-amazon.com/images/I/51vsJLZ79WL._SL500_.jpg" alt="Product Image"></a><p>Urban Accents MOVIE NIGHT Popcorn Kernels and Popcorn Seasoning Variety Pack (set of 8) - 3 Non-GMO Popcorn Kernel Packs and 5 Gourmet Popcorn Snack Seasoning</p><p>$22.00 ($1.01 / Ounce)</p><a href="https://www.amazon.com/dp/B07JN5467R?tag=eloabder-20&linkCode=osi&th=1&psc=1">View Product</a></div><div class="product"><a href="https://www.amazon.com/dp/B0C9592XTW?tag=eloabder-20&linkCode=osi&th=1&psc=1"><img src="https://m.media-amazon.com/images/I/41DvOymNLML._SL500_.jpg" alt="Product Image"></a><p>Funky Chunky Gourmet Popcorn, Chocolatey Popcorn, Pretzel, and Nutty Mixes, Peanut Butter Cup Popcorn, 19-Ounce Large Bag (Pack of 1)</p><p>$15.00 ($0.79 / Ounce)</p><a href="https://www.amazon.com/dp/B0C9592XTW?tag=eloabder-20&linkCode=osi&th=1&psc=1">View Product</a></div><div class="product"><a href="https://www.amazon.com/dp/B0D3FH1GW4?tag=eloabder-20&linkCode=osi&th=1&psc=1"><img src="https://m.media-amazon.com/images/I/51hBtOn2I4L._SL500_.jpg" alt="Product Image"></a><p>Garrett Popcorn Garrett Mix, 1.9oz, 12 Bags, Cheese and Caramel Gourmet Popcorn, Gluten Free, Sweet and Salty Snack Bags, Popped Popcorn Bags, Multipack</p><p>$29.95 ($1.31 / Ounce)</p><a href="https://www.amazon.com/dp/B0D3FH1GW4?tag=eloabder-20&linkCode=osi&th=1&psc=1">View Product</a></div><div class="product"><a href="https://www.amazon.com/dp/B00Q0PWE7Q?tag=eloabder-20&linkCode=osi&th=1&psc=1"><img src="https://m.media-amazon.com/images/I/51jM1d0eF8L._SL500_.jpg" alt="Product Image"></a><p>Popcornopolis Gourmet Caramel Corn Popcorn, Popped Popcorn Snack Bags 9.5 Oz</p><p>$8.99 ($0.95 / Ounce)</p><a href="https://www.amazon.com/dp/B00Q0PWE7Q?tag=eloabder-20&linkCode=osi&th=1&psc=1">View Product</a></div><div class="product"><a href="https://www.amazon.com/dp/B00D2H6LOW?tag=eloabder-20&linkCode=osi&th=1&psc=1"><img src="https://m.media-amazon.com/images/I/41iePRgsY5L._SL500_.jpg" alt="Product Image"></a><p>Thatcher's Gourmet Specialties Fruit Medley, 8 Oz (Pack of 1)</p><p>$6.25 ($0.78 / Ounce)</p><a href="https://www.amazon.com/dp/B00D2H6LOW?tag=eloabder-20&linkCode=osi&th=1&psc=1">View Product</a></div>
<div class="product"><a href="https://www.amazon.com/dp/B07ZXN7LPC?tag=eloabder-20&linkCode=osi&th=1&psc=1"><img src="https://m.media-amazon.com/images/I/51YkD3V1JyL._SL500_.jpg" alt="Product Image"></a><p>Mantova Organic Italian Specialty Pasta, Caserecce (2 packs of 1 lb. each) - Artisan Pasta, Non-GMO, Vegan, Kosher Certified, and Imported From Italy, Premium Quality</p><p>$12.99 ($0.41 / Ounce)</p><a href="https://www.amazon.com/dp/B07ZXN7LPC?tag=eloabder-20&linkCode=osi&th=1&psc=1">View Product</a></div><div class="product"><a href="https://www.amazon.com/dp/B01F2Z8ZOU?tag=eloabder-20&linkCode=osi&th=1&psc=1"><img src="https://m.media-amazon.com/images/I/51MK8iWLCgL._SL500_.jpg" alt="Product Image"></a><p>Mantova Organic Italian Specialty Pasta, Lumaconi, 1 lb (Pack of 2)</p><p>$13.99 ($0.87 / Ounce)</p><a href="https://www.amazon.com/dp/B01F2Z8ZOU?tag=eloabder-20&linkCode=osi&th=1&psc=1">View Product</a></div><div class="product"><a href="https://www.amazon.com/dp/B004N5HA6A?tag=eloabder-20&linkCode=osi&th=1&psc=1"><img src="https://m.media-amazon.com/images/I/517oR0RhHgL._SL500_.jpg" alt="Product Image"></a><p>Morelli Gourmet Pasta Italian Gift Basket From Italy - Tricolor Pasta Linguine Set - Red Chili, Garlic & Basil, and Lemon Pasta - Tricolored Organic Pasta from Italy, Made in Italy (3x 8.8 Ounce)</p><p>$31.99 ($1.21 / Ounce)</p><a href="https://www.amazon.com/dp/B004N5HA6A?tag=eloabder-20&linkCode=osi&th=1&psc=1">View Product</a></div><div class="product"><a href="https://www.amazon.com/dp/B00I8R5HSW?tag=eloabder-20&linkCode=osi&th=1&psc=1"><img src="https://m.media-amazon.com/images/I/41miThBoNtL._SL500_.jpg" alt="Product Image"></a><p>Mafaldine Italian Pasta di Gragnano | I.G.P. Protected | USDA Certified Organic | 17.6 Ounce | 500 Gram</p><p>$12.95 ($0.73 / Ounce)</p><a href="https://www.amazon.com/dp/B00I8R5HSW?tag=eloabder-20&linkCode=osi&th=1&psc=1">View Product</a></div><div class="product"><a href="https://www.amazon.com/dp/B0B1469JM5?tag=eloabder-20&linkCode=osi&th=1&psc=1"><img src="https://m.media-amazon.com/images/I/51spzGwiJ9L._SL500_.jpg" alt="Product Image"></a><p>Morelli Busiate, Pici, and Bucatini Organic Pasta Variety Pack - Imported Italian Pasta Sampler - Specialty Assortment Includes Three-17.6 oz Packages of Gourmet Pasta from Italy</p><p>$39.99 ($0.76 / Ounce)</p><a href="https://www.amazon.com/dp/B0B1469JM5?tag=eloabder-20&linkCode=osi&th=1&psc=1">View Product</a></div><div class="product"><a href="https://www.amazon.com/dp/B083X2P94L?tag=eloabder-20&linkCode=osi&th=1&psc=1"><img src="https://m.media-amazon.com/images/I/51APpkv+ImL._SL500_.jpg" alt="Product Image"></a><p>Pasta Deliziosa! Handcrafted Pasta Variety Pack, All Flavors, 12 Ounce (Pack of 6)</p><p>$38.99 ($3.25 / Ounce)</p><a href="https://www.amazon.com/dp/B083X2P94L?tag=eloabder-20&linkCode=osi&th=1&psc=1">View Product</a></div><div class="product"><a href="https://www.amazon.com/dp/B0793LPXRN?tag=eloabder-20&linkCode=osi&th=1&psc=1"><img src="https://m.media-amazon.com/images/I/41zIY0jxDdL._SL500_.jpg" alt="Product Image"></a><p>La Molisana Pasta Anellini Siciliani, 16 oz</p><p>$6.95 ($0.43 / Ounce)</p><a href="https://www.amazon.com/dp/B0793LPXRN?tag=eloabder-20&linkCode=osi&th=1&psc=1">View Product</a></div><div class="product"><a href="https://www.amazon.com/dp/B006ODJEBS?tag=eloabder-20&linkCode=osi&th=1&psc=1"><img src="https://m.media-amazon.com/images/I/51x4T3SOw1L._SL500_.jpg" alt="Product Image"></a><p>La Molisana Pasta Fusilli Bucati Cort, 1 Pound (Pack of 1)</p><p>$7.99 ($0.05 / Ounce)</p><a href="https://www.amazon.com/dp/B006ODJEBS?tag=eloabder-20&linkCode=osi&th=1&psc=1">View Product</a></div><div class="product"><a href="https://www.amazon.com/dp/B0095F92HS?tag=eloabder-20&linkCode=osi&th=1&psc=1"><img src="https://m.media-amazon.com/images/I/51IXE-gW1gL._SL500_.jpg" alt="Product Image"></a><p>De Cecco Pasta, Egg Pappardelle, 8.8 Ounce</p><p>$2.50 ($0.28 / Ounce)</p><a href="https://www.amazon.com/dp/B0095F92HS?tag=eloabder-20&linkCode=osi&th=1&psc=1">View Product</a></div><div class="product"><a href="https://www.amazon.com/dp/B000LRH8AM?tag=eloabder-20&linkCode=osi&th=1&psc=1"><img src="https://m.media-amazon.com/images/I/517Gsx3xbQL._SL500_.jpg" alt="Product Image"></a><p>RiceSelect Tri-Color Orzo Rice-Shaped Pasta, Premium Spinach- and Tomato-Flavored Non-GMO Orzo Pasta, 32-Ounce Jar</p><p>$7.29 ($0.28 / Ounce)</p><a href="https://www.amazon.com/dp/B000LRH8AM?tag=eloabder-20&linkCode=osi&th=1&psc=1">View Product</a></div>
<div class="product"><a href="https://www.amazon.com/dp/B00LUK2TGC?tag=eloabder-20&linkCode=osi&th=1&psc=1"><img src="https://m.media-amazon.com/images/I/51-6ifc3VmL._SL500_.jpg" alt="Product Image"></a><p>The Gourmet Choice Gift Basket by Wine Country Gift Baskets</p><p>$83.35</p><a href="https://www.amazon.com/dp/B00LUK2TGC?tag=eloabder-20&linkCode=osi&th=1&psc=1">View Product</a></div><div class="product"><a href="https://www.amazon.com/dp/B009LHPJ1S?tag=eloabder-20&linkCode=osi&th=1&psc=1"><img src="https://m.media-amazon.com/images/I/51cf0AEkjgL._SL500_.jpg" alt="Product Image"></a><p>Wine Country Gift Baskets Gourmet Feast Perfect For Family, Friends, Co-Workers, Loved Ones and Clients</p><p>$59.95</p><a href="https://www.amazon.com/dp/B009LHPJ1S?tag=eloabder-20&linkCode=osi&th=1&psc=1">View Product</a></div><div class="product"><a href="https://www.amazon.com/dp/B004D9XYWU?tag=eloabder-20&linkCode=osi&th=1&psc=1"><img src="https://m.media-amazon.com/images/I/515H6eRSagL._SL500_.jpg" alt="Product Image"></a><p>A Gift Inside Chocolate, Caramel and Crunch Grand Gift Basket</p><p>$42.95</p><a href="https://www.amazon.com/dp/B004D9XYWU?tag=eloabder-20&linkCode=osi&th=1&psc=1">View Product</a></div><div class="product"><a href="https://www.amazon.com/dp/B00BY78O7Y?tag=eloabder-20&linkCode=osi&th=1&psc=1"><img src="https://m.media-amazon.com/images/I/51sFeewMqVL._SL500_.jpg" alt="Product Image"></a><p>The Bon Appetit Gourmet Gift Basket by Wine Country Gift Baskets Gift for Families College Students Appreciation Thank You Congratulations Get Well Soon Care Package</p><p>$49.95</p><a href="https://www.amazon.com/dp/B00BY78O7Y?tag=eloabder-20&linkCode=osi&th=1&psc=1">View Product</a></div><div class="product"><a href="https://www.amazon.com/dp/B07CHSN691?tag=eloabder-20&linkCode=osi&th=1&psc=1"><img src="https://m.media-amazon.com/images/I/51-Qvkf4yFL._SL500_.jpg" alt="Product Image"></a><p>Dried Fruit Gift Basket– Healthy Gourmet Snack Box - Holiday Food Tray - Variety Snacks - Birthday, Sympathy, Mom, Dad, Corporate Tray - Bonnie & Pop</p><p>$37.99</p><a href="https://www.amazon.com/dp/B07CHSN691?tag=eloabder-20&linkCode=osi&th=1&psc=1">View Product</a></div><div class="product"><a href="https://www.amazon.com/dp/B00FBGKCHE?tag=eloabder-20&linkCode=osi&th=1&psc=1"><img src="https://m.media-amazon.com/images/I/51anmoX7EkL._SL500_.jpg" alt="Product Image"></a><p>Broadway Basketeers Chocolate Gift Basket Snack Gifts for Women, Men, Families, College, Appreciation, Thank You, Birthday, Corporate, Get Well Soon, Sympathy Care Package</p><p>$48.70 ($48.70 / Count)</p><a href="https://www.amazon.com/dp/B00FBGKCHE?tag=eloabder-20&linkCode=osi&th=1&psc=1">View Product</a></div><div class="product"><a href="https://www.amazon.com/dp/B00BY78O60?tag=eloabder-20&linkCode=osi&th=1&psc=1"><img src="https://m.media-amazon.com/images/I/51vKfvc7JTL._SL500_.jpg" alt="Product Image"></a><p>Wine Country Gift Baskets The Connoisseur Gourmet Gift Basket Food Gift Basket for Families College Students Appreciation Thank You Congratulations Get Well Soon Care Package</p><p>$56.36</p><a href="https://www.amazon.com/dp/B00BY78O60?tag=eloabder-20&linkCode=osi&th=1&psc=1">View Product</a></div><div class="product"><a href="https://www.amazon.com/dp/B07FT598PM?tag=eloabder-20&linkCode=osi&th=1&psc=1"><img src="https://m.media-amazon.com/images/I/51OJVHYoRsL._SL500_.jpg" alt="Product Image"></a><p>Wine Country Gift Baskets Gourmet Deluxe Gift Basket</p><p>$99.95</p><a href="https://www.amazon.com/dp/B07FT598PM?tag=eloabder-20&linkCode=osi&th=1&psc=1">View Product</a></div>
<div class="product"><a href="https://www.amazon.com/dp/B0B5ZTZL6G?tag=eloabder-20&linkCode=osi&th=1&psc=1"><img src="https://m.media-amazon.com/images/I/51rZYLnRlVL._SL500_.jpg" alt="Product Image"></a><p>Reinmoson Tea Strainers for Loose Tea, Extra Fine Mesh Tea Infuser, 304 Stainless Steel & Updated Slim Threaded Lid, Loose Leaf Tea Steeper for Black Tea, Rooibos, etc</p><p>$9.99</p><a href="https://www.amazon.com/dp/B0B5ZTZL6G?tag=eloabder-20&linkCode=osi&th=1&psc=1">View Product</a></div><div class="product"><a href="https://www.amazon.com/dp/B00SBTK5KW?tag=eloabder-20&linkCode=osi&th=1&psc=1"><img src="https://m.media-amazon.com/images/I/414cqIbd9eL._SL500_.jpg" alt="Product Image"></a><p>Tea Forte Single Steeps Loose Leaf Lotus Tea Sampler, Assorted Variety Tea Box, Serve Pouches,15 Count (Pack of 1)</p><p>$18.00 ($9.33 / Ounce)</p><a href="https://www.amazon.com/dp/B00SBTK5KW?tag=eloabder-20&linkCode=osi&th=1&psc=1">View Product</a></div><div class="product"><a href="https://www.amazon.com/dp/B08VMR4MXN?tag=eloabder-20&linkCode=osi&th=1&psc=1"><img src="https://m.media-amazon.com/images/I/51qQv4-VV3L._SL500_.jpg" alt="Product Image"></a><p>Twinings Tea Sampler Set 12 Flavors Assortment 48 Assorted Tea Bags with 20 Honey Sticks for Tea, Straws and Naturally Caffeine Free Herbal Tea Set…</p><p>$22.96 ($22.96 / Count)</p><a href="https://www.amazon.com/dp/B08VMR4MXN?tag=eloabder-20&linkCode=osi&th=1&psc=1">View Product</a></div><div class="product"><a href="https://www.amazon.com/dp/B074T2FWJY?tag=eloabder-20&linkCode=osi&th=1&psc=1"><img src="https://m.media-amazon.com/images/I/41n1uoomGAL._SL500_.jpg" alt="Product Image"></a><p>10Pcs Heart Tea Infuser for Loose Leaf Tea Steeper - Tea Diffusers for Loose Tea Leaf Steeper Tea Strainers for Loose Tea Infuser Spoon - Tea Steeper for Loose Tea Strainer Heart Shaped Tea Infuser</p><p>$9.98 ($1.00 / Count)</p><a href="https://www.amazon.com/dp/B074T2FWJY?tag=eloabder-20&linkCode=osi&th=1&psc=1">View Product</a></div><div class="product"><a href="https://www.amazon.com/dp/B074L4MZRY?tag=eloabder-20&linkCode=osi&th=1&psc=1"><img src="https://m.media-amazon.com/images/I/418v4F8ZhkL._SL500_.jpg" alt="Product Image"></a><p>VAHDAM Perfect Measure Loose Leaf Tea Spoon | Premium Quality Stainless Steel Tea Scoop | Perfect Measuring Teaspoons To Brew 1 Cup Of Loose Leaf Tea & Matcha</p><p>$7.99</p><a href="https://www.amazon.com/dp/B074L4MZRY?tag=eloabder-20&linkCode=osi&th=1&psc=1">View Product</a></div><div class="product"><a href="https://www.amazon.com/dp/B09FF6P7BL?tag=eloabder-20&linkCode=osi&th=1&psc=1"><img src="https://m.media-amazon.com/images/I/41oGPC0w7ML._SL500_.jpg" alt="Product Image"></a><p>Cute Tea Infuser by OTOTO - Loose Leaf Tea Steeper, Tea Accessories, Tea Diffusers, Tea Infuser for Loose Leaf Tea, Tea Strainers, Cute Gifts, Tea Gift Set, Kitchen Gifts, Cooking Gadgets</p><p>$14.95</p><a href="https://www.amazon.com/dp/B09FF6P7BL?tag=eloabder-20&linkCode=osi&th=1&psc=1">View Product</a></div><div class="product"><a href="https://www.amazon.com/dp/B072XP4FQK?tag=eloabder-20&linkCode=osi&th=1&psc=1"><img src="https://m.media-amazon.com/images/I/31Lfv+7oU6L._SL500_.jpg" alt="Product Image"></a><p>Tea Infuser (Set of 2 Pyramid & Square) with Tea Scoop | Ultra Fine Tea Strainer for Loose Leaf Tea | Stainless Steel Tea Steeper for a Superior Brewing Experience</p><p>$9.99</p><a href="https://www.amazon.com/dp/B072XP4FQK?tag=eloabder-20&linkCode=osi&th=1&psc=1">View Product</a></div><div class="product"><a href="https://www.amazon.com/dp/B0D2SCT4C4?tag=eloabder-20&linkCode=osi&th=1&psc=1"><img src="https://m.media-amazon.com/images/I/51vJnfc4-JL._SL500_.jpg" alt="Product Image"></a><p>Organic Tea Gift Set with Portable Kettle - 36 Piece Tea Gifts for Tea Lovers - Includes Insulated Mug, Assorted Organic Teas, Honey Sticks & Tea Accessories - Ultimate Brewing Experience</p><p>$56.90</p><a href="https://www.amazon.com/dp/B0D2SCT4C4?tag=eloabder-20&linkCode=osi&th=1&psc=1">View Product</a></div>
<div class="product"><a href="https://www.amazon.com/dp/B01NAV05XS?tag=eloabder-20&linkCode=osi&th=1&psc=1"><img src="https://m.media-amazon.com/images/I/51xpd-egLaL._SL500_.jpg" alt="Product Image"></a><p>Torani Variety Pack Caramel, French Vanilla, Vanilla & Hazelnut, 25.4 Ounces (Pack of 4)</p><p>$35.99 ($0.35 / Fl Oz)</p><a href="https://www.amazon.com/dp/B01NAV05XS?tag=eloabder-20&linkCode=osi&th=1&psc=1">View Product</a></div><div class="product"><a href="https://www.amazon.com/dp/B084NVN1J6?tag=eloabder-20&linkCode=osi&th=1&psc=1"><img src="https://m.media-amazon.com/images/I/51Vz7p8hhyL._SL500_.jpg" alt="Product Image"></a><p>Bones Coffee Company Cookies 'N Dreams Coffee Beans, Cookies & Cream Flavor, Low Acid Flavored Coffee, Made with Arabica Coffee Beans, Medium Roast Gourmet Coffee (12 oz)</p><p>$17.99 ($1.50 / Ounce)</p><a href="https://www.amazon.com/dp/B084NVN1J6?tag=eloabder-20&linkCode=osi&th=1&psc=1">View Product</a></div><div class="product"><a href="https://www.amazon.com/dp/B0C2DHCBD6?tag=eloabder-20&linkCode=osi&th=1&psc=1"><img src="https://m.media-amazon.com/images/I/51wa33jmF7L._SL500_.jpg" alt="Product Image"></a><p>Torani Puremade Sauce Variety Pack, 4 Flavors, 16.5 Ounces Bottle (Set of 4)</p><p>$25.99 ($0.39 / Ounce)</p><a href="https://www.amazon.com/dp/B0C2DHCBD6?tag=eloabder-20&linkCode=osi&th=1&psc=1">View Product</a></div><div class="product"><a href="https://www.amazon.com/dp/B000S75D66?tag=eloabder-20&linkCode=osi&th=1&psc=1"><img src="https://m.media-amazon.com/images/I/41AZMaoxbWL._SL500_.jpg" alt="Product Image"></a><p>illy Ground Coffee Moka - 100% Arabica Flavored Coffee Ground - Rich Aromatic Coffee Grounds Profile – Classico Medium Roast - Notes of Caramel, Orange Blossom & Jasmine - No Preservatives – 8.8 Ounce</p><p>$13.85 ($1.57 / Ounce)</p><a href="https://www.amazon.com/dp/B000S75D66?tag=eloabder-20&linkCode=osi&th=1&psc=1">View Product</a></div><div class="product"><a href="https://www.amazon.com/dp/B0BBY6V5T3?tag=eloabder-20&linkCode=osi&th=1&psc=1"><img src="https://m.media-amazon.com/images/I/515wvEFTD7L._SL500_.jpg" alt="Product Image"></a><p>Bones Coffee Company NEW World Tour Sample Pack | Ground Coffee Beans Sampler Gift Box Set | 4 oz Pack of 5 Assorted Single-Origin Gourmet Coffee Gifts | Medium Roast Coffee Beverages (Ground)</p><p>$34.99 ($1.75 / Ounce)</p><a href="https://www.amazon.com/dp/B0BBY6V5T3?tag=eloabder-20&linkCode=osi&th=1&psc=1">View Product</a></div>

<div class="product"><a href="https://www.amazon.com/dp/B01E4C982U?tag=eloabder-20&linkCode=osi&th=1&psc=1"><img src="https://m.media-amazon.com/images/I/51nAunBrSiL._SL500_.jpg" alt="Product Image"></a><p>Green Tea leaves Sencha, JAS Certified Organic, Japanese Tea, Uji-Kyoto, 80g Bag 【YAMASAN】</p><p>$14.70 ($5.25 / Ounce)</p><a href="https://www.amazon.com/dp/B01E4C982U?tag=eloabder-20&linkCode=osi&th=1&psc=1">View Product</a></div><div class="product"><a href="https://www.amazon.com/dp/B000SARJF6?tag=eloabder-20&linkCode=osi&th=1&psc=1"><img src="https://m.media-amazon.com/images/I/51hE2hmSzuL._SL500_.jpg" alt="Product Image"></a><p>Davidson's Tea Bulk, English Breakfast, 16 Ounce</p><p>$15.99 ($1.00 / Ounce)</p><a href="https://www.amazon.com/dp/B000SARJF6?tag=eloabder-20&linkCode=osi&th=1&psc=1">View Product</a></div><div class="product"><a href="https://www.amazon.com/dp/B008FOLQRE?tag=eloabder-20&linkCode=osi&th=1&psc=1"><img src="https://m.media-amazon.com/images/I/51F0rcvhhvL._SL500_.jpg" alt="Product Image"></a><p>Traditional Medicinals Organic Raspberry Leaf Herbal Tea, Eases Menstrual Cramps & Supports Healthy Pregnancy, (Pack of 1) - 16 Tea Bags</p><p>$4.92 ($5.79 / Ounce)</p><a href="https://www.amazon.com/dp/B008FOLQRE?tag=eloabder-20&linkCode=osi&th=1&psc=1">View Product</a></div><div class="product"><a href="https://www.amazon.com/dp/B00136MKEO?tag=eloabder-20&linkCode=osi&th=1&psc=1"><img src="https://m.media-amazon.com/images/I/41Ll68Q3iLL._SL500_.jpg" alt="Product Image"></a><p>Ahmad Tea Earl Grey Aromatic Loose Tea, Ceylon Caddy, 17.6 Oz</p><p>$14.87 ($0.84 / Ounce)</p><a href="https://www.amazon.com/dp/B00136MKEO?tag=eloabder-20&linkCode=osi&th=1&psc=1">View Product</a></div><div class="product"><a href="https://www.amazon.com/dp/B087G3NQGN?tag=eloabder-20&linkCode=osi&th=1&psc=1"><img src="https://m.media-amazon.com/images/I/51wev+SayvL._SL500_.jpg" alt="Product Image"></a><p>TIAN HU SHAN Premium Green Tea Loose Leaf 16 Ounce (454g)</p><p>$14.98 ($0.94 / Ounce)</p><a href="https://www.amazon.com/dp/B087G3NQGN?tag=eloabder-20&linkCode=osi&th=1&psc=1">View Product</a></div><div class="product"><a href="https://www.amazon.com/dp/B007Y94GN2?tag=eloabder-20&linkCode=osi&th=1&psc=1"><img src="https://m.media-amazon.com/images/I/51hqdPaNJYL._SL500_.jpg" alt="Product Image"></a><p>The Tao of Tea, Hibiscus Ginger Tea, Loose Leaf, 3.0 Ounce Tin to make 50 cups</p><p>$10.90 ($3.63 / Ounce)</p><a href="https://www.amazon.com/dp/B007Y94GN2?tag=eloabder-20&linkCode=osi&th=1&psc=1">View Product</a></div><div class="product"><a href="https://www.amazon.com/dp/B0D3WN5RG3?tag=eloabder-20&linkCode=osi&th=1&psc=1"><img src="https://m.media-amazon.com/images/I/5109jIe8NoL._SL500_.jpg" alt="Product Image"></a><p>Mevlana Ceylon Tea, Loose Leaf, 1 Lbs - Best Ceylon Black Tea Leaves from Sri Lanka - Loose Leaf Black Tea</p><p>$14.99 ($0.94 / Ounce)</p><a href="https://www.amazon.com/dp/B0D3WN5RG3?tag=eloabder-20&linkCode=osi&th=1&psc=1">View Product</a></div><div class="product"><a href="https://www.amazon.com/dp/B087G345SM?tag=eloabder-20&linkCode=osi&th=1&psc=1"><img src="https://m.media-amazon.com/images/I/51gQfgKqklL._SL500_.jpg" alt="Product Image"></a><p>TIAN HU SHAN Premium Oolong Tea Loose Leaf 14 Ounce (400g)</p><p>$14.99 ($1.07 / Ounce)</p><a href="https://www.amazon.com/dp/B087G345SM?tag=eloabder-20&linkCode=osi&th=1&psc=1">View Product</a></div>
<div class="product"><a href="https://www.amazon.com/dp/B08XWVFTKS?tag=eloabder-20&linkCode=osi&th=1&psc=1"><img src="https://m.media-amazon.com/images/I/41hJk3cTdnL._SL500_.jpg" alt="Product Image"></a><p>Lindt Gourmet Chocolate Truffles Gift Box, Assorted Chocolate Truffles, Great for gift giving, 14.7 Ounces</p><p>$24.99 ($1.70 / Ounce)</p><a href="https://www.amazon.com/dp/B08XWVFTKS?tag=eloabder-20&linkCode=osi&th=1&psc=1">View Product</a></div>
<div class="product"><a href="https://www.amazon.com/dp/B0CJ3XYPV3?tag=eloabder-20&linkCode=osi&th=1&psc=1"><img src="https://m.media-amazon.com/images/I/519ufxoFyDL._SL500_.jpg" alt="Product Image"></a><p>Blue House VARIETY Handcrafted Gourmet Caramel Candies Gift Box, Maple, Raspberry, Coffee, and Sea Salt</p><p>$26.98 ($1.35 / Count)</p><a href="https://www.amazon.com/dp/B0CJ3XYPV3?tag=eloabder-20&linkCode=osi&th=1&psc=1">View Product</a></div><div class="product"><a href="https://www.amazon.com/dp/B06VW4Z7B1?tag=eloabder-20&linkCode=osi&th=1&psc=1"><img src="https://m.media-amazon.com/images/I/516NdD4b5nL._SL500_.jpg" alt="Product Image"></a><p>BALI'S BEST Coffee Candy - Original Flavor | 1lb Jar | Rich, Smooth Taste | Indulge in Gourmet Coffee Delight - For Coffee Lovers, Delicious Treat for Any Occasion</p><p>$9.87 ($0.62 / Ounce)</p><a href="https://www.amazon.com/dp/B06VW4Z7B1?tag=eloabder-20&linkCode=osi&th=1&psc=1">View Product</a></div><div class="product"><a href="https://www.amazon.com/dp/B086N119VC?tag=eloabder-20&linkCode=osi&th=1&psc=1"><img src="https://m.media-amazon.com/images/I/41xKAcovvCS._SL500_.jpg" alt="Product Image"></a><p>Cerez Pazari Turkish Delight Candy with Assorted Mix Flavours 16 oz Gourmet Medium Size Snacks Gift Box | No Nuts Sweet Luxury Traditional Confectionery Vegan Lokum Loukoumi Approx.42 Pcs</p><p>$13.49 ($0.96 / Ounce)</p><a href="https://www.amazon.com/dp/B086N119VC?tag=eloabder-20&linkCode=osi&th=1&psc=1">View Product</a></div>
<div class="product"><a href="https://www.amazon.com/dp/B07CJLPR4P?tag=eloabder-20&linkCode=osi&th=1&psc=1"><img src="https://m.media-amazon.com/images/I/41vviwnqT4L._SL500_.jpg" alt="Product Image"></a><p>Funky Chunky Gourmet Popcorn Sampler Variety Pack with all 5 flavors: Sea Salt Caramel, Nutty Choco Pop, Peanut Butter Cup, Chip Zel Pop, and Chocolate Pretzel, 2 oz (5 Bags)</p><p>$20.00 ($2.00 / Ounce)</p><a href="https://www.amazon.com/dp/B07CJLPR4P?tag=eloabder-20&linkCode=osi&th=1&psc=1">View Product</a></div><div class="product"><a href="https://www.amazon.com/dp/B0CB1Q5YQ1?tag=eloabder-20&linkCode=osi&th=1&psc=1"><img src="https://m.media-amazon.com/images/I/61Xzv3ZgRIL._SL500_.jpg" alt="Product Image"></a><p>Italian Cracker Assortment - Pack of 30 - Snack Size Cracker Packs - Great Mother's Day Gift - Gourmet Artisan Cracker Variety Pack - Rosemary, Olive, Sesame, Poppy & Sesame, Pizza Flavors - Gourmet Crackers for Charcuterie Party - Cracker Gift Box - Kosher, Preservative Free</p><p>$29.99 ($34.01 / Ounce)</p><a href="https://www.amazon.com/dp/B0CB1Q5YQ1?tag=eloabder-20&linkCode=osi&th=1&psc=1">View Product</a></div><div class="product"><a href="https://www.amazon.com/dp/B0BLMMSPLW?tag=eloabder-20&linkCode=osi&th=1&psc=1"><img src="https://m.media-amazon.com/images/I/61jdT7ZVojL._SL500_.jpg" alt="Product Image"></a><p>International Snack Box, 30 Pcs Premium Foreign Rare Snack Food Gifts with Suprise Item,European Snacks for Adults and Kids for Easter Day</p><p>$39.95 ($0.62 / Ounce)</p><a href="https://www.amazon.com/dp/B0BLMMSPLW?tag=eloabder-20&linkCode=osi&th=1&psc=1">View Product</a></div><div class="product"><a href="https://www.amazon.com/dp/B07Z9SBTTC?tag=eloabder-20&linkCode=osi&th=1&psc=1"><img src="https://m.media-amazon.com/images/I/51P13LVLpjL._SL500_.jpg" alt="Product Image"></a><p>Sahale Snacks Glazed Mix Nut Blend Variety Pack, 1.5 Oz Grab & Go Bags (12 Total Packs) - Four Different Dry-Roasted Deluxe Mixed Nuts Blends Included - Non-GMO Kosher & Certified Gluten-Free Snacks</p><p>$42.20 ($2.34 / Ounce)</p><a href="https://www.amazon.com/dp/B07Z9SBTTC?tag=eloabder-20&linkCode=osi&th=1&psc=1">View Product</a></div><div class="product"><a href="https://www.amazon.com/dp/B00LAQ4Z1I?tag=eloabder-20&linkCode=osi&th=1&psc=1"><img src="https://m.media-amazon.com/images/I/41PkJ7khWFL._SL500_.jpg" alt="Product Image"></a><p>Sheila G's Brownie Brittle – Chocolate Chip & Salted Caramel Thin and Crispy Sweet Snacks (Pack of 20, 1 oz), Rich Gourmet Brownie Bites Dessert</p><p>$29.70 ($1.48 / Ounce)</p><a href="https://www.amazon.com/dp/B00LAQ4Z1I?tag=eloabder-20&linkCode=osi&th=1&psc=1">View Product</a></div><div class="product"><a href="https://www.amazon.com/dp/B09GW1NT5C?tag=eloabder-20&linkCode=osi&th=1&psc=1"><img src="https://m.media-amazon.com/images/I/613yB5WvmhL._SL500_.jpg" alt="Product Image"></a><p>CRAVEBOX Gourmet Specialty Snacks Box Care Package Boxes for College Students Adults Healthy Cookies Bar Organic Variety Gift Pack Assortment Basket Mix Sampler Treat Final Exam Office Men Women Halloween Back to School</p><p>$36.95 ($36.95 / Count)</p><a href="https://www.amazon.com/dp/B09GW1NT5C?tag=eloabder-20&linkCode=osi&th=1&psc=1">View Product</a></div>
<div class="product"><a href="https://www.amazon.com/dp/B00MPQ5ZOS?tag=eloabder-20&linkCode=osi&th=1&psc=1"><img src="https://m.media-amazon.com/images/I/51rC2bMIM5L._SL500_.jpg" alt="Product Image"></a><p>BetterBody Foods Organic Chia Seeds 2 lbs, 32 Oz, with Omega-3, Non-GMO, Gluten Free, Keto Diet Friendly, Vegan, Good Source of Fiber</p><p>$14.26 ($0.45 / Ounce)</p><a href="https://www.amazon.com/dp/B00MPQ5ZOS?tag=eloabder-20&linkCode=osi&th=1&psc=1">View Product</a></div><div class="product"><a href="https://www.amazon.com/dp/B000R7V3DE?tag=eloabder-20&linkCode=osi&th=1&psc=1"><img src="https://m.media-amazon.com/images/I/51YhGUGB+2L._SL500_.jpg" alt="Product Image"></a><p>Pacific Foods Organic Free Range Chicken Broth, 8 oz Carton (Pack of 4)</p><p>$3.39 ($0.11 / Fl Oz)</p><a href="https://www.amazon.com/dp/B000R7V3DE?tag=eloabder-20&linkCode=osi&th=1&psc=1">View Product</a></div><div class="product"><a href="https://www.amazon.com/dp/B073ZNGZ7F?tag=eloabder-20&linkCode=osi&th=1&psc=1"><img src="https://m.media-amazon.com/images/I/51PZf9bpVIL._SL500_.jpg" alt="Product Image"></a><p>BetterBody Foods Organic Quinoa, Vegan, Complete Plant Protein, Gluten Free, Low Glycemic Rice Replacement, 24 ounce</p><p>$15.63 ($0.65 / Fl Oz)</p><a href="https://www.amazon.com/dp/B073ZNGZ7F?tag=eloabder-20&linkCode=osi&th=1&psc=1">View Product</a></div><div class="product"><a href="https://www.amazon.com/dp/B01N3365YI?tag=eloabder-20&linkCode=osi&th=1&psc=1"><img src="https://m.media-amazon.com/images/I/41N0Mk2m0pL._SL500_.jpg" alt="Product Image"></a><p>NOW Foods, Organic Pumpkin Seeds, Raw and Unsalted, Excellent Source of Protein and Iron, Certified Non-GMO, Keto-Friendly Snack, 12-Ounce (Packaging May Vary)</p><p>$6.99 ($0.58 / Ounce)</p><a href="https://www.amazon.com/dp/B01N3365YI?tag=eloabder-20&linkCode=osi&th=1&psc=1">View Product</a></div><div class="product"><a href="https://www.amazon.com/dp/B0CMW5KTLL?tag=eloabder-20&linkCode=osi&th=1&psc=1"><img src="https://m.media-amazon.com/images/I/51skmBt-7dL._SL500_.jpg" alt="Product Image"></a><p>Kate’s Real Food Organic Granola Bars - Snack & Share Variety Pack (2.2 oz, Pack of 12) - Organic Energy Bars Made with Gluten Free Oats - Non GMO, Soy Free, Whole Grains, and All Natural</p><p>$33.88 ($1.28 / Ounce)</p><a href="https://www.amazon.com/dp/B0CMW5KTLL?tag=eloabder-20&linkCode=osi&th=1&psc=1">View Product</a></div><div class="product"><a href="https://www.amazon.com/dp/B008RLUXI8?tag=eloabder-20&linkCode=osi&th=1&psc=1"><img src="https://m.media-amazon.com/images/I/51cnqntGe8L._SL500_.jpg" alt="Product Image"></a><p>Annie's Organic Variety Pack, Cheddar Bunnies, Bunny Grahams and Cheddar Squares, 12 Pouches, 11 oz</p><p>$8.49 ($0.77 / Ounce)</p><a href="https://www.amazon.com/dp/B008RLUXI8?tag=eloabder-20&linkCode=osi&th=1&psc=1">View Product</a></div><div class="product"><a href="https://www.amazon.com/dp/B01IPZUZW4?tag=eloabder-20&linkCode=osi&th=1&psc=1"><img src="https://m.media-amazon.com/images/I/51F2XkB6b5L._SL500_.jpg" alt="Product Image"></a><p>BetterBody Foods Organic Cacao Powder, Rich Chocolate Flavor, Non-GMO, Gluten-Free, Cocoa, 16 ounce, 1 lb bag</p><p>$12.27 ($0.77 / Ounce)</p><a href="https://www.amazon.com/dp/B01IPZUZW4?tag=eloabder-20&linkCode=osi&th=1&psc=1">View Product</a></div><div class="product"><a href="https://www.amazon.com/dp/B016BC50VY?tag=eloabder-20&linkCode=osi&th=1&psc=1"><img src="https://m.media-amazon.com/images/I/51yOgUaWJ1L._SL500_.jpg" alt="Product Image"></a><p>Good Sense Roasted & Salted Organic Pumpkin Seeds (Pepitas), Non-GMO & All Natural, 6 Ounce Resealable Bag</p><p>$3.99 ($0.66 / Ounce)</p><a href="https://www.amazon.com/dp/B016BC50VY?tag=eloabder-20&linkCode=osi&th=1&psc=1">View Product</a></div><div class="product"><a href="https://www.amazon.com/dp/B0B5V77FSZ?tag=eloabder-20&linkCode=osi&th=1&psc=1"><img src="https://m.media-amazon.com/images/I/41qVxhNyX6L._SL500_.jpg" alt="Product Image"></a><p>Pacific Foods Organic Chicken and Wild Rice Soup, 16.3 oz Can</p><p>$2.87 ($0.18 / Ounce)</p><a href="https://www.amazon.com/dp/B0B5V77FSZ?tag=eloabder-20&linkCode=osi&th=1&psc=1">View Product</a></div>

Aucun résultat trouvé.
<div class="product"><a href="https://www.amazon.com/dp/B07BQXJ123?tag=eloabder-20&linkCode=osi&th=1&psc=1"><img src="https://m.media-amazon.com/images/I/41h4IsgjbZL._SL500_.jpg" alt="Product Image"></a><p>Squirrel Brand Sweet Brown Butter Cashews, 3.5 Ounces Resealable Bag, Gluten Free, Vegetarian</p><p>$2.74 ($0.78 / Fl Oz)</p><a href="https://www.amazon.com/dp/B07BQXJ123?tag=eloabder-20&linkCode=osi&th=1&psc=1">View Product</a></div><div class="product"><a href="https://www.amazon.com/dp/B003P02EGU?tag=eloabder-20&linkCode=osi&th=1&psc=1"><img src="https://m.media-amazon.com/images/I/51aUMBXF71L._SL500_.jpg" alt="Product Image"></a><p>Sparkling Ice, Black Raspberry Sparkling Water, Zero Sugar Flavored Water, with Vitamins and Antioxidants, Low Calorie Beverage, 17 fl oz Bottles (Pack of 12)</p><p>$9.98 ($0.05 / Fl Oz)</p><a href="https://www.amazon.com/dp/B003P02EGU?tag=eloabder-20&linkCode=osi&th=1&psc=1">View Product</a></div><div class="product"><a href="https://www.amazon.com/dp/B0C6RG22VN?tag=eloabder-20&linkCode=osi&th=1&psc=1"><img src="https://m.media-amazon.com/images/I/31fjAuuWWNL._SL500_.jpg" alt="Product Image"></a><p>Bauducco Vanilla Wafers - Crispy Wafer Cookies With 3 Delicious, Indulgent, Decadent Layers of Vanilla Flavored Cream - Delicious Sweet Snack or Desert - 5.0 oz (Pack of 1)</p><p>$1.59 ($0.32 / Ounce)</p><a href="https://www.amazon.com/dp/B0C6RG22VN?tag=eloabder-20&linkCode=osi&th=1&psc=1">View Product</a></div><div class="product"><a href="https://www.amazon.com/dp/B09W5ZVDD2?tag=eloabder-20&linkCode=osi&th=1&psc=1"><img src="https://m.media-amazon.com/images/I/41SSfHVmdrL._SL500_.jpg" alt="Product Image"></a><p>Cinnamon Toast Crunch Creamy Cinnamon Spread, 10 Ounce</p><p>$2.48 ($0.25 / Ounce)</p><a href="https://www.amazon.com/dp/B09W5ZVDD2?tag=eloabder-20&linkCode=osi&th=1&psc=1">View Product</a></div><div class="product"><a href="https://www.amazon.com/dp/B00L2MWLMK?tag=eloabder-20&linkCode=osi&th=1&psc=1"><img src="https://m.media-amazon.com/images/I/51dBawJ2u9L._SL500_.jpg" alt="Product Image"></a><p>Duncan Hines Dark Chocolate Fudge Brownie Mix, 18.2 OZ</p><p>$1.54 ($0.08 / Ounce)</p><a href="https://www.amazon.com/dp/B00L2MWLMK?tag=eloabder-20&linkCode=osi&th=1&psc=1">View Product</a></div><div class="product"><a href="https://www.amazon.com/dp/B004M15U12?tag=eloabder-20&linkCode=osi&th=1&psc=1"><img src="https://m.media-amazon.com/images/I/51WF3t7pADL._SL500_.jpg" alt="Product Image"></a><p>PLANTERS Deluxe Salted Whole Cashews, Party Snacks, Plant-Based Protein, Quick Snack for Adults, After School Snack, Roasted Cashew Flavored with Sea Salt, Bulk Nuts, Kosher, 1 lb 2.25oz Canister</p><p>$9.98 ($0.55 / Ounce)</p><a href="https://www.amazon.com/dp/B004M15U12?tag=eloabder-20&linkCode=osi&th=1&psc=1">View Product</a></div><div class="product"><a href="https://www.amazon.com/dp/B078J62RYJ?tag=eloabder-20&linkCode=osi&th=1&psc=1"><img src="https://m.media-amazon.com/images/I/51AXLNUF66L._SL500_.jpg" alt="Product Image"></a><p>PLANTERS Deluxe Mixed Nuts, Cashews, Almonds, Pecans, Pistachios, Hazelnuts, Roasted with Sea Salt, Party Snacks, Plant-Based Protein, Quick Snack for Adults, After School Snack, 27oz Container</p><p>$17.51 ($0.65 / Ounce)</p><a href="https://www.amazon.com/dp/B078J62RYJ?tag=eloabder-20&linkCode=osi&th=1&psc=1">View Product</a></div><div class="product"><a href="https://www.amazon.com/dp/B0BSB1D65T?tag=eloabder-20&linkCode=osi&th=1&psc=1"><img src="https://m.media-amazon.com/images/I/51u9sSRdlIL._SL500_.jpg" alt="Product Image"></a><p>PLANTERS Cashews Cinnamon & Brown Sugar, Party Snacks, 5 Oz Bag</p><p>$3.50 ($0.70 / Ounce)</p><a href="https://www.amazon.com/dp/B0BSB1D65T?tag=eloabder-20&linkCode=osi&th=1&psc=1">View Product</a></div><div class="product"><a href="https://www.amazon.com/dp/B0BN4LZ5P3?tag=eloabder-20&linkCode=osi&th=1&psc=1"><img src="https://m.media-amazon.com/images/I/51OLBHQEeSL._SL500_.jpg" alt="Product Image"></a><p>Planters Dry Roasted Bold & Savory Peanuts, Party Snacks, Plant-Based Protein, 16 Oz Jar</p><p>$2.98 ($0.19 / Ounce)</p><a href="https://www.amazon.com/dp/B0BN4LZ5P3?tag=eloabder-20&linkCode=osi&th=1&psc=1">View Product</a></div>

<div class="product"><a href="https://www.amazon.com/dp/B0CJQJYYVQ?tag=eloabder-20&linkCode=osi&th=1&psc=1"><img src="https://m.media-amazon.com/images/I/51mbf3FOrUL._SL500_.jpg" alt="Product Image"></a><p>Dried Fruit and Nuts Gift Baskets, 9 Healthy Varieties of Nuts & Dried Fruit Gifts, Gourmet Prime Candy Basket Delivery, Family Edible Food Ideas for All, Anniversary, Birthday, Care Package, Corporate Gifts</p><p>$24.99 ($24.99 / Count)</p><a href="https://www.amazon.com/dp/B0CJQJYYVQ?tag=eloabder-20&linkCode=osi&th=1&psc=1">View Product</a></div><div class="product"><a href="https://www.amazon.com/dp/B0BRYN42RF?tag=eloabder-20&linkCode=osi&th=1&psc=1"><img src="https://m.media-amazon.com/images/I/61sztsxabsL._SL500_.jpg" alt="Product Image"></a><p>Dried Fruit & Nuts Gift Basket Arrangement Platter, Gourmet Food Snack Box, For Fathers Day, Birthday Care Package, Healthy Kosher - Her Him - 12 Snackberry Assortment (Single)</p><p>$24.99 ($1.03 / Ounce)</p><a href="https://www.amazon.com/dp/B0BRYN42RF?tag=eloabder-20&linkCode=osi&th=1&psc=1">View Product</a></div><div class="product"><a href="https://www.amazon.com/dp/B0CZ4H5N2S?tag=eloabder-20&linkCode=osi&th=1&psc=1"><img src="https://m.media-amazon.com/images/I/51NLO50v2cL._SL500_.jpg" alt="Product Image"></a><p>Variety Dried Fuit Gift Basket, Fathers Day Gift Basket, Gift Box for Birthday. Anniversary, Get Well Gift, Gift for Him, Her and Family, Snackberry (1 Pack)</p><p>$9.99 ($0.62 / Ounce)</p><a href="https://www.amazon.com/dp/B0CZ4H5N2S?tag=eloabder-20&linkCode=osi&th=1&psc=1">View Product</a></div><div class="product"><a href="https://www.amazon.com/dp/B09HW1C373?tag=eloabder-20&linkCode=osi&th=1&psc=1"><img src="https://m.media-amazon.com/images/I/418cDyDC0eL._SL500_.jpg" alt="Product Image"></a><p>Farm Fresh Assorted Nuts Gift Basket - Artfully Arranged Gourmet Nuts and Dried Fruit Collection - Prime Arrangement Platter - Makes a Delicious, Healthy Gift Basket For Holidays, Parties, Corporate Gifts, and More</p><p>$12.99 ($12.99 / Count)</p><a href="https://www.amazon.com/dp/B09HW1C373?tag=eloabder-20&linkCode=osi&th=1&psc=1">View Product</a></div><div class="product"><a href="https://www.amazon.com/dp/B0CRD2MWB9?tag=eloabder-20&linkCode=osi&th=1&psc=1"><img src="https://m.media-amazon.com/images/I/51tT9Jj4hKL._SL500_.jpg" alt="Product Image"></a><p>Happy Birthday Dried Fruit & Nuts Gift Basket Arrangement Platter, Gourmet Food Snack Box, Birthday Care Package, Healthy Kosher, Her Him (9 Assortments)</p><p>$19.99 ($19.99 / Count)</p><a href="https://www.amazon.com/dp/B0CRD2MWB9?tag=eloabder-20&linkCode=osi&th=1&psc=1">View Product</a></div><div class="product"><a href="https://www.amazon.com/dp/B0CHCJK5GN?tag=eloabder-20&linkCode=osi&th=1&psc=1"><img src="https://m.media-amazon.com/images/I/61dpK7BoYbL._SL500_.jpg" alt="Product Image"></a><p>Broadway Basketeers Deluxe Thank You Dried Fruit And Nuts Gift Basket - A Premium Healthy Appreciation Gift - Corporate, Family & Friends</p><p>$32.06</p><a href="https://www.amazon.com/dp/B0CHCJK5GN?tag=eloabder-20&linkCode=osi&th=1&psc=1">View Product</a></div>
<div class="product"><a href="https://www.amazon.com/dp/B078SZHZ82?tag=eloabder-20&linkCode=osi&th=1&psc=1"><img src="https://m.media-amazon.com/images/I/51S82IO04jL._SL500_.jpg" alt="Product Image"></a><p>DEL MONTE FRESH CUT BLUE LAKE Cut Green Beans Canned Vegetables,14.5 Ounce (Pack of 12)</p><p>$12.99 ($0.07 / Ounce)</p><a href="https://www.amazon.com/dp/B078SZHZ82?tag=eloabder-20&linkCode=osi&th=1&psc=1">View Product</a></div>
<div class="product"><a href="https://www.amazon.com/dp/B0C94YG17L?tag=eloabder-20&linkCode=osi&th=1&psc=1"><img src="https://m.media-amazon.com/images/I/51VfC5jp4OL._SL500_.jpg" alt="Product Image"></a><p>Hickory Farms Farmhouse Sausage & Cheese Medium Gift Box | Gourmet Food Basket | Charcuterie | Father's Day Gift | Perfect For Family, Birthday, Sympathy, Congratulations, Retirement, Thinking of You, Father's Day Gift</p><p>$34.99 ($34.99 / Count)</p><a href="https://www.amazon.com/dp/B0C94YG17L?tag=eloabder-20&linkCode=osi&th=1&psc=1">View Product</a></div><div class="product"><a href="https://www.amazon.com/dp/B00K35V3F8?tag=eloabder-20&linkCode=osi&th=1&psc=1"><img src="https://m.media-amazon.com/images/I/41bd0TKnKfL._SL500_.jpg" alt="Product Image"></a><p>Farmers' Market Charcuterie Gift for Summer, Wisconsin Cheese, Hickory Smoked Meat, Shelf Stable, Gourmet Meat and Cheese Platter, Large Original</p><p>$39.99</p><a href="https://www.amazon.com/dp/B00K35V3F8?tag=eloabder-20&linkCode=osi&th=1&psc=1">View Product</a></div><div class="product"><a href="https://www.amazon.com/dp/B0994V3KXV?tag=eloabder-20&linkCode=osi&th=1&psc=1"><img src="https://m.media-amazon.com/images/I/61Zr7E45qvL._SL500_.jpg" alt="Product Image"></a><p>Wisconsin Cheese Company - Specialty 100% Wisconsin Cheese Block Assortment 4 oz. (Pack of 7 Blocks) Cheddar, Pepper Jack, Swiss, Gouda, Cheddar Salami, Smoked Cheddar & Tomato Basil Cheese - Cheese Sampler Gift Set</p><p>$39.99 ($1.43 / Ounce)</p><a href="https://www.amazon.com/dp/B0994V3KXV?tag=eloabder-20&linkCode=osi&th=1&psc=1">View Product</a></div><div class="product"><a href="https://www.amazon.com/dp/B009Y7I2F0?tag=eloabder-20&linkCode=osi&th=1&psc=1"><img src="https://m.media-amazon.com/images/I/41VgrnxieeL._SL500_.jpg" alt="Product Image"></a><p>Wisconsin Cheese Company - 100% Wisconsin Cheddar & Pepper Jack Cheese and Cracker Gift Basket. Large Gourmet Gift Box Assortment. Great for Charcuterie Boards & Gifts.</p><p>$29.99 ($2.11 / Ounce)</p><a href="https://www.amazon.com/dp/B009Y7I2F0?tag=eloabder-20&linkCode=osi&th=1&psc=1">View Product</a></div><div class="product"><a href="https://www.amazon.com/dp/B00FY43IJ2?tag=eloabder-20&linkCode=osi&th=1&psc=1"><img src="https://m.media-amazon.com/images/I/41QN9RXV4RL._SL500_.jpg" alt="Product Image"></a><p>California Delicious Gourmet Cheeseboard Gift, 8 piece set</p><p>$47.98 ($6.00 / Count)</p><a href="https://www.amazon.com/dp/B00FY43IJ2?tag=eloabder-20&linkCode=osi&th=1&psc=1">View Product</a></div><div class="product"><a href="https://www.amazon.com/dp/B0CRM55TF8?tag=eloabder-20&linkCode=osi&th=1&psc=1"><img src="https://m.media-amazon.com/images/I/51Vz3kt14-L._SL500_.jpg" alt="Product Image"></a><p>Farmers' Market Cheese Block Assortment 7oz 6-Pack, Shelf Stable, Pasteurized, Locally Sourced Wisconsin Cheese (Assortment, 6 Count)</p><p>$29.99 ($0.71 / Ounce)</p><a href="https://www.amazon.com/dp/B0CRM55TF8?tag=eloabder-20&linkCode=osi&th=1&psc=1">View Product</a></div>
<div class="product"><a href="https://www.amazon.com/dp/B006GXQHKW?tag=eloabder-20&linkCode=osi&th=1&psc=1"><img src="https://m.media-amazon.com/images/I/41gffgWPG4L._SL500_.jpg" alt="Product Image"></a><p>Old Wisconsin Premium Summer Sausage, 100% Natural Meat, Charcuterie, Ready to Eat, High Protein, Low Carb, Keto, Gluten Free, Original Flavor, 8 Ounce</p><p>$6.09 ($0.76 / Count)</p><a href="https://www.amazon.com/dp/B006GXQHKW?tag=eloabder-20&linkCode=osi&th=1&psc=1">View Product</a></div><div class="product"><a href="https://www.amazon.com/dp/B07PNM9SNJ?tag=eloabder-20&linkCode=osi&th=1&psc=1"><img src="https://m.media-amazon.com/images/I/51XUGii8qrL._SL500_.jpg" alt="Product Image"></a><p>Meat Shredz - Premium Dried Pulled Pork (Variety, 6 Pack) | Gluten Free | High Protein & Low Sugar | Bacon Bits | Dehydrated Backpacking & Camping Food | Shredded, Dried Jerky Chew Snack</p><p>$42.95 ($52.06 / lb)</p><a href="https://www.amazon.com/dp/B07PNM9SNJ?tag=eloabder-20&linkCode=osi&th=1&psc=1">View Product</a></div><div class="product"><a href="https://www.amazon.com/dp/B0CVQWPGC5?tag=eloabder-20&linkCode=osi&th=1&psc=1"><img src="https://m.media-amazon.com/images/I/41M9k0m4dOL._SL500_.jpg" alt="Product Image"></a><p>Olympic Delights Premium Meats and Cheese Gift Box by Dan the Sausageman featuring Summer Sausage, Stuffed Olives, Crackers and Mustard</p><p>$68.95</p><a href="https://www.amazon.com/dp/B0CVQWPGC5?tag=eloabder-20&linkCode=osi&th=1&psc=1">View Product</a></div><div class="product"><a href="https://www.amazon.com/dp/B000FIUQAQ?tag=eloabder-20&linkCode=osi&th=1&psc=1"><img src="https://m.media-amazon.com/images/I/51-jFNA-ZgL._SL500_.jpg" alt="Product Image"></a><p>Hormel Premium No Salt Added Canned Chunk Chicken Breast in Water, 5 Ounce (Pack of 12)</p><p>$25.44 ($0.42 / Ounce)</p><a href="https://www.amazon.com/dp/B000FIUQAQ?tag=eloabder-20&linkCode=osi&th=1&psc=1">View Product</a></div><div class="product"><a href="https://www.amazon.com/dp/B07Y936YWY?tag=eloabder-20&linkCode=osi&th=1&psc=1"><img src="https://m.media-amazon.com/images/I/51cpUvuRIzL._SL500_.jpg" alt="Product Image"></a><p>Jack Link's Beef Jerky, Sweet & Hot, ½ Pounder Bag - Flavorful Meat Snack, 9g of Protein and 80 Calories, Made with Premium Beef - 96 Percent Fat Free, No Added MSG or Nitrates/Nitrites</p><p>$9.99 ($1.25 / Ounce)</p><a href="https://www.amazon.com/dp/B07Y936YWY?tag=eloabder-20&linkCode=osi&th=1&psc=1">View Product</a></div><div class="product"><a href="https://www.amazon.com/dp/B000FK7G20?tag=eloabder-20&linkCode=osi&th=1&psc=1"><img src="https://m.media-amazon.com/images/I/414A4Q9AvAL._SL500_.jpg" alt="Product Image"></a><p>Swanson White and Dark Premium Chunk Canned Chicken Breast in Water, Fully Cooked Chicken, 9.75 OZ Can (Case of 12)</p><p>$35.76 ($0.31 / Ounce)</p><a href="https://www.amazon.com/dp/B000FK7G20?tag=eloabder-20&linkCode=osi&th=1&psc=1">View Product</a></div>
<div class="product"><a href="https://www.amazon.com/dp/B072126PMY?tag=eloabder-20&linkCode=osi&th=1&psc=1"><img src="https://m.media-amazon.com/images/I/51nw4J9x8YL._SL500_.jpg" alt="Product Image"></a><p>Simple Mills Almond Flour Baking Mix, Artisan Bread Mix - Gluten Free, Plant Based, Paleo Friendly, 10.4 Ounce (Pack of 3)</p><p>$23.97 ($0.77 / Ounce)</p><a href="https://www.amazon.com/dp/B072126PMY?tag=eloabder-20&linkCode=osi&th=1&psc=1">View Product</a></div><div class="product"><a href="https://www.amazon.com/dp/B081VPXGJS?tag=eloabder-20&linkCode=osi&th=1&psc=1"><img src="https://m.media-amazon.com/images/I/51j0-+rAaZL._SL500_.jpg" alt="Product Image"></a><p>Essential Baking Company Organic Artisan Sourdough Bread, 18.2 Ounce (Pack of 3)</p><p>$28.65 ($0.52 / Ounce)</p><a href="https://www.amazon.com/dp/B081VPXGJS?tag=eloabder-20&linkCode=osi&th=1&psc=1">View Product</a></div><div class="product"><a href="https://www.amazon.com/dp/B08HSPX7LM?tag=eloabder-20&linkCode=osi&th=1&psc=1"><img src="https://m.media-amazon.com/images/I/41RUhxZCnNL._SL500_.jpg" alt="Product Image"></a><p>Giusto's Vita-Grain All-Natural Artisan Malted Unbleached Bread Flour, 5lb Bag</p><p>$10.95 ($0.14 / Ounce)</p><a href="https://www.amazon.com/dp/B08HSPX7LM?tag=eloabder-20&linkCode=osi&th=1&psc=1">View Product</a></div>
<div class="product"><a href="https://www.amazon.com/dp/B001DDD4DS?tag=eloabder-20&linkCode=osi&th=1&psc=1"><img src="https://m.media-amazon.com/images/I/51osI10x5HL._SL500_.jpg" alt="Product Image"></a><p>Mantova Flavored Extra Virgin Olive Oil Variety Pack: Garlic, Basil, Chili, Lemon Organic Extra Virgin Olive Oil, 8.5-Ounce Per Bottle (Pack of 4) Great Gift Item</p><p>$36.99 ($1.09 / Fl Oz)</p><a href="https://www.amazon.com/dp/B001DDD4DS?tag=eloabder-20&linkCode=osi&th=1&psc=1">View Product</a></div><div class="product"><a href="https://www.amazon.com/dp/B001DDD4E2?tag=eloabder-20&linkCode=osi&th=1&psc=1"><img src="https://m.media-amazon.com/images/I/51cFWLj1kiL._SL500_.jpg" alt="Product Image"></a><p>Mantova Grand’Aroma Flavored Extra Virgin Olive Oils, Variety Gift Set, made in Italy, cold-pressed, 100% natural, heart-healthy, for grilling, barbequing, smoking, and cooking, 8.5 oz (Pack of 4)</p><p>$39.99 ($1.18 / Fl Oz)</p><a href="https://www.amazon.com/dp/B001DDD4E2?tag=eloabder-20&linkCode=osi&th=1&psc=1">View Product</a></div><div class="product"><a href="https://www.amazon.com/dp/B087S41Y1W?tag=eloabder-20&linkCode=osi&th=1&psc=1"><img src="https://m.media-amazon.com/images/I/518tVUgnUkL._SL500_.jpg" alt="Product Image"></a><p>Benissimo Herb Infused Cooking Oil Chef Pack, All Natural Italiano, Roasted Garlic, Mediterranean Garlic, Balsamic Garlic</p><p>$26.99 ($0.79 / Fl Oz)</p><a href="https://www.amazon.com/dp/B087S41Y1W?tag=eloabder-20&linkCode=osi&th=1&psc=1">View Product</a></div><div class="product"><a href="https://www.amazon.com/dp/B08CY8R7TF?tag=eloabder-20&linkCode=osi&th=1&psc=1"><img src="https://m.media-amazon.com/images/I/61pbDfsr-8L._SL500_.jpg" alt="Product Image"></a><p>Infused Extra Virgin Olive Oil Gift Box Set, First Cold Pressed, Variety Pack, 4 bottles x 8.5 fl.oz (250ml), Naturally Infused for Dipping & Tasting, (Gift Box Included), Chili, Garlic, Basil, Rosemary, BASSO1904</p><p>$35.99 ($1.06 / Fl Oz)</p><a href="https://www.amazon.com/dp/B08CY8R7TF?tag=eloabder-20&linkCode=osi&th=1&psc=1">View Product</a></div><div class="product"><a href="https://www.amazon.com/dp/B009HRQ47U?tag=eloabder-20&linkCode=osi&th=1&psc=1"><img src="https://m.media-amazon.com/images/I/41PaTko-dvL._SL500_.jpg" alt="Product Image"></a><p>TruffleHunter - English, Black & White Truffle Oil Set - 3.38 Oz x 3</p><p>$29.70 ($0.10 / Fl Oz)</p><a href="https://www.amazon.com/dp/B009HRQ47U?tag=eloabder-20&linkCode=osi&th=1&psc=1">View Product</a></div><div class="product"><a href="https://www.amazon.com/dp/B07ZZLZBF8?tag=eloabder-20&linkCode=osi&th=1&psc=1"><img src="https://m.media-amazon.com/images/I/51fpIYH949L._SL500_.jpg" alt="Product Image"></a><p>Viva Oliva Six 60ml (2oz) Variety Gift Set - Premium Flavored Extra Virgin Olive Oils (Tuscan Herb, Basil, Mushroom & Sage) and All Natural Balsamic Vinegars (18 Year Traditional, Grapefruit, Black Mission Fig)</p><p>$43.95 ($3.61 / Fl Oz)</p><a href="https://www.amazon.com/dp/B07ZZLZBF8?tag=eloabder-20&linkCode=osi&th=1&psc=1">View Product</a></div><div class="product"><a href="https://www.amazon.com/dp/B0B2LS1J8F?tag=eloabder-20&linkCode=osi&th=1&psc=1"><img src="https://m.media-amazon.com/images/I/41q4RRhEqPL._SL500_.jpg" alt="Product Image"></a><p>Infused Olive Oil Gift Sets - Organic Puglia Olive Oil Sampler Gift Set. Ideal for Italian Gifts and Edible Gift Baskets. Gourmet Olive Oil Gift Box of 5 x 3.45 Fl.Oz.</p><p>$53.80 ($3.16 / Fl Oz)</p><a href="https://www.amazon.com/dp/B0B2LS1J8F?tag=eloabder-20&linkCode=osi&th=1&psc=1">View Product</a></div><div class="product"><a href="https://www.amazon.com/dp/B08P967SSX?tag=eloabder-20&linkCode=osi&th=1&psc=1"><img src="https://m.media-amazon.com/images/I/51HyprLyr5L._SL500_.jpg" alt="Product Image"></a><p>Viva Oliva Four 60ml (2oz) Variety Gift Set - Premium Flavored Extra Virgin Olive Oils (Tuscan Herb & Basil) and All Natural Balsamic Vinegars (18 Year Traditional & Black Mission Fig)</p><p>$33.95 ($4.18 / Fl Oz)</p><a href="https://www.amazon.com/dp/B08P967SSX?tag=eloabder-20&linkCode=osi&th=1&psc=1">View Product</a></div><div class="product"><a href="https://www.amazon.com/dp/B0078DPMQY?tag=eloabder-20&linkCode=osi&th=1&psc=1"><img src="https://m.media-amazon.com/images/I/31qLwvo1tML._SL500_.jpg" alt="Product Image"></a><p>Benissimo Oil Roasted Garlic, 8.1 Ounces</p><p>$11.99 ($1.48 / Ounce)</p><a href="https://www.amazon.com/dp/B0078DPMQY?tag=eloabder-20&linkCode=osi&th=1&psc=1">View Product</a></div>
<div class="product"><a href="https://www.amazon.com/dp/B07MGKCV5Y?tag=eloabder-20&linkCode=osi&th=1&psc=1"><img src="https://m.media-amazon.com/images/I/31tE+o2DanL._SL500_.jpg" alt="Product Image"></a><p>Iberia All Natural Distilled White Vinegar, 1 Gallon - 5% Acidity</p><p>$12.99 ($0.10 / Fl Oz)</p><a href="https://www.amazon.com/dp/B07MGKCV5Y?tag=eloabder-20&linkCode=osi&th=1&psc=1">View Product</a></div><div class="product"><a href="https://www.amazon.com/dp/B07985NMQD?tag=eloabder-20&linkCode=osi&th=1&psc=1"><img src="https://m.media-amazon.com/images/I/41ElEDybjlL._SL500_.jpg" alt="Product Image"></a><p>Lucy's Family Owned - Natural Distilled White Vinegar, 1 Gallon (128 oz) - 5% Acidity (White Vinegar, 1 Gallon (128 fl oz.))</p><p>$17.99 ($0.14 / Fl Oz)</p><a href="https://www.amazon.com/dp/B07985NMQD?tag=eloabder-20&linkCode=osi&th=1&psc=1">View Product</a></div><div class="product"><a href="https://www.amazon.com/dp/B07F7MXPWD?tag=eloabder-20&linkCode=osi&th=1&psc=1"><img src="https://m.media-amazon.com/images/I/51GKn4NVqTL._SL500_.jpg" alt="Product Image"></a><p>Soeos Chinkiang Vinegar 16.9 fl oz (500ml), 3 Years Aged, Naturally Fermented, Mature Aged Black Vinegar, Chinese Black Vinegar, Zhenjiang Vinegar, Black Rice Vinegar, Black Vinegar Chinese.</p><p>$13.99 ($0.83 / Fl Oz)</p><a href="https://www.amazon.com/dp/B07F7MXPWD?tag=eloabder-20&linkCode=osi&th=1&psc=1">View Product</a></div><div class="product"><a href="https://www.amazon.com/dp/B001I7MVG0?tag=eloabder-20&linkCode=osi&th=1&psc=1"><img src="https://m.media-amazon.com/images/I/41HHUOECW2L._SL500_.jpg" alt="Product Image"></a><p>Bragg Organic Raw Apple Cider Vinegar, 32 Ounce - 1 Pack</p><p>$5.99 ($0.19 / Fl Oz)</p><a href="https://www.amazon.com/dp/B001I7MVG0?tag=eloabder-20&linkCode=osi&th=1&psc=1">View Product</a></div><div class="product"><a href="https://www.amazon.com/dp/B07W9HX3MV?tag=eloabder-20&linkCode=osi&th=1&psc=1"><img src="https://m.media-amazon.com/images/I/413FdgpxYrL._SL500_.jpg" alt="Product Image"></a><p>Calyptus 45% Pure Super Concentrated Vinegar | Dilutes to 9 Gallons | 9x Power Concentrate Vinegar | 1 Gallon</p><p>$26.99 ($0.21 / Fl Oz)</p><a href="https://www.amazon.com/dp/B07W9HX3MV?tag=eloabder-20&linkCode=osi&th=1&psc=1">View Product</a></div><div class="product"><a href="https://www.amazon.com/dp/B0052BFNLS?tag=eloabder-20&linkCode=osi&th=1&psc=1"><img src="https://m.media-amazon.com/images/I/31Tfk-0-ybL._SL500_.jpg" alt="Product Image"></a><p>Pompeian Gourmet Red Wine Vinegar, Perfect for Salad Dressings, Marinades & Sauces, Naturally Gluten Free, 30 Ounce</p><p>$4.91 ($0.16 / Fl Oz)</p><a href="https://www.amazon.com/dp/B0052BFNLS?tag=eloabder-20&linkCode=osi&th=1&psc=1">View Product</a></div><div class="product"><a href="https://www.amazon.com/dp/B00AAL6W2Y?tag=eloabder-20&linkCode=osi&th=1&psc=1"><img src="https://m.media-amazon.com/images/I/51dfgVE7orL._SL500_.jpg" alt="Product Image"></a><p>Mantova Organic Flavored Balsamic Vinegar of Modena 4-Variety Pack: Fig, Pear, Pomegranate, & Raspberry; Perfect for Gift Basket, Add to Pasta, Salad, Ice Cream and Cocktails, 8.5 oz per bottle</p><p>$27.99 ($0.82 / Fl Oz)</p><a href="https://www.amazon.com/dp/B00AAL6W2Y?tag=eloabder-20&linkCode=osi&th=1&psc=1">View Product</a></div><div class="product"><a href="https://www.amazon.com/dp/B0BGYTGT7X?tag=eloabder-20&linkCode=osi&th=1&psc=1"><img src="https://m.media-amazon.com/images/I/41huHEExA1L._SL500_.jpg" alt="Product Image"></a><p>Bragg Organic Apple Cider Vinegar With the Mother– Raw, Unfiltered All Natural Ingredients (64 Fl Oz (Pack of 1))</p><p>$13.68 ($0.21 / Fl Oz)</p><a href="https://www.amazon.com/dp/B0BGYTGT7X?tag=eloabder-20&linkCode=osi&th=1&psc=1">View Product</a></div><div class="product"><a href="https://www.amazon.com/dp/B08TZY2TZ8?tag=eloabder-20&linkCode=osi&th=1&psc=1"><img src="https://m.media-amazon.com/images/I/41YwKPQA9rL._SL500_.jpg" alt="Product Image"></a><p>Due Vittorie Oro Gold Balsamic Vinegar of Modena. Highest score from The Consortium of Modena With Cork Pourer - 8.45fl oz / 250ml</p><p>$17.00 ($2.01 / Fl Oz)</p><a href="https://www.amazon.com/dp/B08TZY2TZ8?tag=eloabder-20&linkCode=osi&th=1&psc=1">View Product</a></div>
<div class="product"><a href="https://www.amazon.com/dp/B07HMJWCNL?tag=eloabder-20&linkCode=osi&th=1&psc=1"><img src="https://m.media-amazon.com/images/I/51ayBrtgPUL._SL500_.jpg" alt="Product Image"></a><p>TRUFF Original Black Truffle Hot Sauce, Gourmet Hot Sauce with Ripe Chili Peppers, Black Truffle Oil, Agave Nectar, Unique Flavor Experience in a Bottle, 6 oz.</p><p>$14.99</p><a href="https://www.amazon.com/dp/B07HMJWCNL?tag=eloabder-20&linkCode=osi&th=1&psc=1">View Product</a></div><div class="product"><a href="https://www.amazon.com/dp/B083QT1TPX?tag=eloabder-20&linkCode=osi&th=1&psc=1"><img src="https://m.media-amazon.com/images/I/41mYuAlAFNL._SL500_.jpg" alt="Product Image"></a><p>TRUFF Hot Sauce Variety Pack, Gourmet Hot Sauce Set of Original, Hotter and Limited White Edition, Unique Flavor Experiences with Truffle, 3-Bottle Bundle, 3ct 6oz bottles</p><p>$67.99 ($3.78 / Ounce)</p><a href="https://www.amazon.com/dp/B083QT1TPX?tag=eloabder-20&linkCode=osi&th=1&psc=1">View Product</a></div><div class="product"><a href="https://www.amazon.com/dp/B0BV19S7TR?tag=eloabder-20&linkCode=osi&th=1&psc=1"><img src="https://m.media-amazon.com/images/I/51iGXyqK-pL._SL500_.jpg" alt="Product Image"></a><p>Le Sauce & Co., White Wine Lemon Garlic Gourmet Finishing Sauce (2-pack), Steakhouse Quality Gourmet Sauce, Lemon Sauce, Garlic Sauce, White Wine Sauce, Steak Sauce, Chicken sauce, Lemon Sauce, Cream Sauce,</p><p>$13.94 ($1.55 / Ounce)</p><a href="https://www.amazon.com/dp/B0BV19S7TR?tag=eloabder-20&linkCode=osi&th=1&psc=1">View Product</a></div><div class="product"><a href="https://www.amazon.com/dp/B078JBZBW5?tag=eloabder-20&linkCode=osi&th=1&psc=1"><img src="https://m.media-amazon.com/images/I/51J1qgzr8uL._SL500_.jpg" alt="Product Image"></a><p>Melinda’s Hot Sauce Variety Pack - Extra Spicy Gourmet Hot Sauce Gift Set with Variety of Heat Levels - Includes XXXXtra Reserve, Garlic Habanero, Extra Hot, Mango, Ghost Pepper- 5 oz, 5 Pack</p><p>$21.99 ($0.88 / Fl Oz)</p><a href="https://www.amazon.com/dp/B078JBZBW5?tag=eloabder-20&linkCode=osi&th=1&psc=1">View Product</a></div><div class="product"><a href="https://www.amazon.com/dp/B0BL864XMH?tag=eloabder-20&linkCode=osi&th=1&psc=1"><img src="https://m.media-amazon.com/images/I/51+63Ag8ApL._SL500_.jpg" alt="Product Image"></a><p>Dave's Gourmet Creamy Hot Sauce Variety 4-Pack - Moderate Heat for Flavoring Your Favorite Food</p><p>$30.99 ($0.97 / Ounce)</p><a href="https://www.amazon.com/dp/B0BL864XMH?tag=eloabder-20&linkCode=osi&th=1&psc=1">View Product</a></div>
<div class="product"><a href="https://www.amazon.com/dp/B07WT6GP2F?tag=eloabder-20&linkCode=osi&th=1&psc=1"><img src="https://m.media-amazon.com/images/I/41mEgBeglEL._SL500_.jpg" alt="Product Image"></a><p>Lindt Mini Pralines, Assorted Chocolate Pralines with Premium Filling, Great for gift giving, 6.2 oz Box</p><p>$16.49 ($2.66 / Ounce)</p><a href="https://www.amazon.com/dp/B07WT6GP2F?tag=eloabder-20&linkCode=osi&th=1&psc=1">View Product</a></div><div class="product"><a href="https://www.amazon.com/dp/B01BDI89SW?tag=eloabder-20&linkCode=osi&th=1&psc=1"><img src="https://m.media-amazon.com/images/I/61w5wYyxzKL._SL500_.jpg" alt="Product Image"></a><p>Ferrero Collection, 24 Count, Premium Gourmet Assorted Hazelnut Milk Chocolate, Dark Chocolate and Coconut, 9.1 oz</p><p>$11.97 ($1.32 / Ounce)</p><a href="https://www.amazon.com/dp/B01BDI89SW?tag=eloabder-20&linkCode=osi&th=1&psc=1">View Product</a></div><div class="product"><a href="https://www.amazon.com/dp/B0BHTWFQ5X?tag=eloabder-20&linkCode=osi&th=1&psc=1"><img src="https://m.media-amazon.com/images/I/41K-mIm1WNL._SL500_.jpg" alt="Product Image"></a><p>Lindt LINDOR Assorted Chocolate Truffles 90 Count Gift Box, Chocolate Candy with Smooth, Melting Truffle Center, 38.4 oz. Box</p><p>$33.95 ($0.88 / Ounce)</p><a href="https://www.amazon.com/dp/B0BHTWFQ5X?tag=eloabder-20&linkCode=osi&th=1&psc=1">View Product</a></div><div class="product"><a href="https://www.amazon.com/dp/B00UXI3PLU?tag=eloabder-20&linkCode=osi&th=1&psc=1"><img src="https://m.media-amazon.com/images/I/41Jw-Ek4+CL._SL500_.jpg" alt="Product Image"></a><p>Lindt LINDOR Milk Chocolate Candy Truffles, Milk Chocolate with Melting Truffle Center, 15.2 oz. Bag</p><p>$12.18 ($0.80 / Ounce)</p><a href="https://www.amazon.com/dp/B00UXI3PLU?tag=eloabder-20&linkCode=osi&th=1&psc=1">View Product</a></div>
<div class="product"><a href="https://www.amazon.com/dp/B000SDKDM4?tag=eloabder-20&linkCode=osi&th=1&psc=1"><img src="https://m.media-amazon.com/images/I/41L+oJp7MmL._SL500_.jpg" alt="Product Image"></a><p>Lavazza Super Crema Whole Bean Coffee Blend, light-Medium Espresso Roast, 2.2 Pound (Pack of 1) ,Premium Quality, Aromatic, Mild and creamy</p><p>$18.49 ($0.53 / Ounce)</p><a href="https://www.amazon.com/dp/B000SDKDM4?tag=eloabder-20&linkCode=osi&th=1&psc=1">View Product</a></div><div class="product"><a href="https://www.amazon.com/dp/B0721BGRS9?tag=eloabder-20&linkCode=osi&th=1&psc=1"><img src="https://m.media-amazon.com/images/I/41tHHVMfguL._SL500_.jpg" alt="Product Image"></a><p>Amazon Fresh, Dark Roast, Whole Bean Coffee, 32 Oz</p><p>$19.18 ($0.60 / Ounce)</p><a href="https://www.amazon.com/dp/B0721BGRS9?tag=eloabder-20&linkCode=osi&th=1&psc=1">View Product</a></div><div class="product"><a href="https://www.amazon.com/dp/B003GV7JFE?tag=eloabder-20&linkCode=osi&th=1&psc=1"><img src="https://m.media-amazon.com/images/I/41IKY6hLa9L._SL500_.jpg" alt="Product Image"></a><p>Eight O'Clock Coffee Whole Bean, The Original, 42 Ounce</p><p>$13.98</p><a href="https://www.amazon.com/dp/B003GV7JFE?tag=eloabder-20&linkCode=osi&th=1&psc=1">View Product</a></div><div class="product"><a href="https://www.amazon.com/dp/B07171HMF5?tag=eloabder-20&linkCode=osi&th=1&psc=1"><img src="https://m.media-amazon.com/images/I/41EBDHFVYVL._SL500_.jpg" alt="Product Image"></a><p>Mt. Comfort Coffee Organic Peru Medium Roast, 2.5 Pounds - Flavor Notes of Nutty, Chocolate, & Citrus - Sourced From Small, Peruvian Coffee Farms - Roasted Whole Beans</p><p>$23.19 ($0.58 / Ounce)</p><a href="https://www.amazon.com/dp/B07171HMF5?tag=eloabder-20&linkCode=osi&th=1&psc=1">View Product</a></div><div class="product"><a href="https://www.amazon.com/dp/B006Y7WAHE?tag=eloabder-20&linkCode=osi&th=1&psc=1"><img src="https://m.media-amazon.com/images/I/31VxnI1AuQL._SL500_.jpg" alt="Product Image"></a><p>Cameron's Coffee Roasted Whole Bean Coffee, Breakfast Blend, 32 Ounce, (Pack of 1)</p><p>$10.98 ($0.34 / Ounce)</p><a href="https://www.amazon.com/dp/B006Y7WAHE?tag=eloabder-20&linkCode=osi&th=1&psc=1">View Product</a></div><div class="product"><a href="https://www.amazon.com/dp/B0002E2GQU?tag=eloabder-20&linkCode=osi&th=1&psc=1"><img src="https://m.media-amazon.com/images/I/41f+StbrprL._SL500_.jpg" alt="Product Image"></a><p>Lavazza Crema E Aroma Whole Bean Coffee Blend, 2.2-Pound Bag , Balanced medium roast with an intense, earthy flavor and long lasting crema, Non-GMO</p><p>$17.99 ($0.51 / Ounce)</p><a href="https://www.amazon.com/dp/B0002E2GQU?tag=eloabder-20&linkCode=osi&th=1&psc=1">View Product</a></div><div class="product"><a href="https://www.amazon.com/dp/B005OJ4X32?tag=eloabder-20&linkCode=osi&th=1&psc=1"><img src="https://m.media-amazon.com/images/I/31GzxEGJ-1L._SL500_.jpg" alt="Product Image"></a><p>Lavazza Espresso Barista Gran Crema Whole Bean Coffee Blend, Medium Espresso Roast, Oz Bag (Packaging May Vary) - 2.2 LB, 35.2 Ounce</p><p>$17.99 ($0.51 / Ounce)</p><a href="https://www.amazon.com/dp/B005OJ4X32?tag=eloabder-20&linkCode=osi&th=1&psc=1">View Product</a></div><div class="product"><a href="https://www.amazon.com/dp/B003YVRX5W?tag=eloabder-20&linkCode=osi&th=1&psc=1"><img src="https://m.media-amazon.com/images/I/41Ioxmr1WhL._SL500_.jpg" alt="Product Image"></a><p>Tim Hortons Whole Bean Original, Medium Roast Coffee, Made with 100% Arabica Beans, 32 Ounce Bag</p><p>$15.68 ($0.49 / Ounce)</p><a href="https://www.amazon.com/dp/B003YVRX5W?tag=eloabder-20&linkCode=osi&th=1&psc=1">View Product</a></div><div class="product"><a href="https://www.amazon.com/dp/B016RY0LWO?tag=eloabder-20&linkCode=osi&th=1&psc=1"><img src="https://m.media-amazon.com/images/I/41I6lHKpWrL._SL500_.jpg" alt="Product Image"></a><p>Lavazza Espresso Italiano Whole Bean Coffee Blend, Medium Roast,Premium Quality Arabic, 2.2 Pound (Pack of 1) (Packaging may vary)</p><p>$14.98 ($0.43 / Ounce)</p><a href="https://www.amazon.com/dp/B016RY0LWO?tag=eloabder-20&linkCode=osi&th=1&psc=1">View Product</a></div>
<div class="product"><a href="https://www.amazon.com/dp/B09ZMVM3XJ?tag=eloabder-20&linkCode=osi&th=1&psc=1"><img src="https://m.media-amazon.com/images/I/51IRO3xhEKL._SL500_.jpg" alt="Product Image"></a><p>Gardenika Organic Loose Leaf Tea Sampler – 8 Pack, 1 LB – Herbal and Naturally Caffeine-Free Set - Ayurvedic Assortment Blend</p><p>$29.95 ($29.95 / Count)</p><a href="https://www.amazon.com/dp/B09ZMVM3XJ?tag=eloabder-20&linkCode=osi&th=1&psc=1">View Product</a></div><div class="product"><a href="https://www.amazon.com/dp/B0CVTGJHK9?tag=eloabder-20&linkCode=osi&th=1&psc=1"><img src="https://m.media-amazon.com/images/I/51J-jqFqytL._SL500_.jpg" alt="Product Image"></a><p>Lyon DIY Tea Blending Set-16 Tin Variety Pack-Premium Herbal Tea & Exotic Floral/Fruit Flavor Infusers - Create 75+ Cups w/Assorted Teas, Oolong, Chamomile, Rose, Peach & More</p><p>$44.95 ($6.25 / Ounce)</p><a href="https://www.amazon.com/dp/B0CVTGJHK9?tag=eloabder-20&linkCode=osi&th=1&psc=1">View Product</a></div><div class="product"><a href="https://www.amazon.com/dp/B01AJBV0US?tag=eloabder-20&linkCode=osi&th=1&psc=1"><img src="https://m.media-amazon.com/images/I/516u5DAm7GL._SL500_.jpg" alt="Product Image"></a><p>Tiesta Tea - Lavender Chamomile | Soft Chamomile Herbal Tea | Premium Loose Leaf Tea Blend | Non Caffeinated Herbal Tea | Make Hot or Iced Tea & Brews Up to 25 Cups - 0.9 Ounce Resealable Pouch</p><p>$4.99 ($5.54 / Ounce)</p><a href="https://www.amazon.com/dp/B01AJBV0US?tag=eloabder-20&linkCode=osi&th=1&psc=1">View Product</a></div><div class="product"><a href="https://www.amazon.com/dp/B08VF85JJF?tag=eloabder-20&linkCode=osi&th=1&psc=1"><img src="https://m.media-amazon.com/images/I/517Ac4bB6FL._SL500_.jpg" alt="Product Image"></a><p>Tiesta Tea Top 8 Favorites Sampler Set, Up to 80 Cups, High to No Caffeine, Hot & Iced Tea, Loose Leaf Tea Variety Pack with Green, Herbal, Black & Chai Tea, 8 Sample Pouches</p><p>$22.95 ($3.59 / Ounce)</p><a href="https://www.amazon.com/dp/B08VF85JJF?tag=eloabder-20&linkCode=osi&th=1&psc=1">View Product</a></div><div class="product"><a href="https://www.amazon.com/dp/B08MWDTNTZ?tag=eloabder-20&linkCode=osi&th=1&psc=1"><img src="https://m.media-amazon.com/images/I/51M1TNYBU7L._SL500_.jpg" alt="Product Image"></a><p>Tetley British Blend Premium Black Tea, 320 Tea Bags, Rainforest Alliance Certified, 320 Count (Pack of 1)</p><p>$15.92 ($0.05 / Count)</p><a href="https://www.amazon.com/dp/B08MWDTNTZ?tag=eloabder-20&linkCode=osi&th=1&psc=1">View Product</a></div><div class="product"><a href="https://www.amazon.com/dp/B086R8PDZV?tag=eloabder-20&linkCode=osi&th=1&psc=1"><img src="https://m.media-amazon.com/images/I/41nHau5YdVL._SL500_.jpg" alt="Product Image"></a><p>Buddha Teas - Organic Mushroom Wellness Blend - Herbal Tea - For Health & Wellbeing - With Antioxidants & Minerals - Clean Ingredients - Caffeine Free - OU Kosher & Non-GMO - 18 Tea Bags (Pack of 1).</p><p>$8.25 ($0.46 / Count)</p><a href="https://www.amazon.com/dp/B086R8PDZV?tag=eloabder-20&linkCode=osi&th=1&psc=1">View Product</a></div><div class="product"><a href="https://www.amazon.com/dp/B07CGW59KH?tag=eloabder-20&linkCode=osi&th=1&psc=1"><img src="https://m.media-amazon.com/images/I/611h06lvlUL._SL500_.jpg" alt="Product Image"></a><p>Loose Leaf Tea Sampler Create Your Own Tea Blend Starter Kit w/Sencha, Rooibos, China Black, & Ginger, Lavender, Rose, Lemongrass, Hibiscus Spices</p><p>$29.99</p><a href="https://www.amazon.com/dp/B07CGW59KH?tag=eloabder-20&linkCode=osi&th=1&psc=1">View Product</a></div><div class="product"><a href="https://www.amazon.com/dp/B0CT8JGNB8?tag=eloabder-20&linkCode=osi&th=1&psc=1"><img src="https://m.media-amazon.com/images/I/411PWQNU6BL._SL500_.jpg" alt="Product Image"></a><p>120 Premium Turmeric, Ginger, Cinnamon Blend Tea Bags, 100% Natural & No Additives & Caffeine Free.</p><p>$14.95 ($0.12 / Count)</p><a href="https://www.amazon.com/dp/B0CT8JGNB8?tag=eloabder-20&linkCode=osi&th=1&psc=1">View Product</a></div><div class="product"><a href="https://www.amazon.com/dp/B00OS96DVY?tag=eloabder-20&linkCode=osi&th=1&psc=1"><img src="https://m.media-amazon.com/images/I/51-sK6ajnML._SL500_.jpg" alt="Product Image"></a><p>Harney & Sons Tower of London Black Tea with Vanilla, Black Currant, Caramel, and Honey | 30 sachets, Historic Royal Palaces Collection</p><p>$10.33 ($3.90 / Ounce)</p><a href="https://www.amazon.com/dp/B00OS96DVY?tag=eloabder-20&linkCode=osi&th=1&psc=1">View Product</a></div><div class="product"><a href="https://www.amazon.com/dp/B0BHYBHVJ6?tag=eloabder-20&linkCode=osi&th=1&psc=1"><img src="https://m.media-amazon.com/images/I/51F9trJcmdL._SL500_.jpg" alt="Product Image"></a><p>Organic Sleep Blend Herbal Tea - 50 Packets - Natural Chamomile, Peppermint, Fennel And Tulsi Teabags - USDA Certified 100% Non-GMO - Decaffeinated Designer Gift Tin</p><p>$8.69 ($0.17 / Count)</p><a href="https://www.amazon.com/dp/B0BHYBHVJ6?tag=eloabder-20&linkCode=osi&th=1&psc=1">View Product</a></div>
<div class="product"><a href="https://www.amazon.com/dp/B0BVXD8CX3?tag=eloabder-20&linkCode=osi&th=1&psc=1"><img src="https://m.media-amazon.com/images/I/51hkEiL7c8L._SL500_.jpg" alt="Product Image"></a><p>Simply Organic Herbs, Spices and Seasonings Assorted Variety Sampler Gift Set - By Veher (24-Pack)</p><p>$142.95 ($5.96 / Ounce)</p><a href="https://www.amazon.com/dp/B0BVXD8CX3?tag=eloabder-20&linkCode=osi&th=1&psc=1">View Product</a></div><div class="product"><a href="https://www.amazon.com/dp/B094WXH3KP?tag=eloabder-20&linkCode=osi&th=1&psc=1"><img src="https://m.media-amazon.com/images/I/51mqUk3dM1L._SL500_.jpg" alt="Product Image"></a><p>eonou Encore Seasonings and Spices 10 pk - Premium Cooking Spices and Herbs (Oregano, Rosemary, Basil, Parsley, Italian Seasoning, Cumin, Steak Spice, Chopped Onion, Onion Powder, Thyme)</p><p>$19.99 ($2.00 / Count)</p><a href="https://www.amazon.com/dp/B094WXH3KP?tag=eloabder-20&linkCode=osi&th=1&psc=1">View Product</a></div><div class="product"><a href="https://www.amazon.com/dp/B072N9BLHS?tag=eloabder-20&linkCode=osi&th=1&psc=1"><img src="https://m.media-amazon.com/images/I/519zkN7EgWL._SL500_.jpg" alt="Product Image"></a><p>The Spice Way Herbes De Provence - | 4oz | fresh herbs and spice seasoning</p><p>$6.99 ($1.75 / Ounce)</p><a href="https://www.amazon.com/dp/B072N9BLHS?tag=eloabder-20&linkCode=osi&th=1&psc=1">View Product</a></div><div class="product"><a href="https://www.amazon.com/dp/B0761Z81ZK?tag=eloabder-20&linkCode=osi&th=1&psc=1"><img src="https://m.media-amazon.com/images/I/51tYgb8ntBL._SL500_.jpg" alt="Product Image"></a><p>McCormick Grill Mates Roasted Garlic & Herb Seasoning, 9.25 oz</p><p>$7.43 ($0.80 / Ounce)</p><a href="https://www.amazon.com/dp/B0761Z81ZK?tag=eloabder-20&linkCode=osi&th=1&psc=1">View Product</a></div><div class="product"><a href="https://www.amazon.com/dp/B00CQ7K9J2?tag=eloabder-20&linkCode=osi&th=1&psc=1"><img src="https://m.media-amazon.com/images/I/317BBm1p-TL._SL500_.jpg" alt="Product Image"></a><p>Bragg Sprinkle Herbs and Spices - Salt Free Seasoning, 1.5oz, Single</p><p>$6.99 ($4.66 / Ounce)</p><a href="https://www.amazon.com/dp/B00CQ7K9J2?tag=eloabder-20&linkCode=osi&th=1&psc=1">View Product</a></div><div class="product"><a href="https://www.amazon.com/dp/B003H2S2KI?tag=eloabder-20&linkCode=osi&th=1&psc=1"><img src="https://m.media-amazon.com/images/I/41mr0wk+3mL._SL500_.jpg" alt="Product Image"></a><p>Badia Herbs De Provence, 8 Ounces</p><p>$6.26 ($0.78 / Ounce)</p><a href="https://www.amazon.com/dp/B003H2S2KI?tag=eloabder-20&linkCode=osi&th=1&psc=1">View Product</a></div><div class="product"><a href="https://www.amazon.com/dp/B0BQ4VRJBL?tag=eloabder-20&linkCode=osi&th=1&psc=1"><img src="https://m.media-amazon.com/images/I/41ZxLNNd8mL._SL500_.jpg" alt="Product Image"></a><p>Weber Roasted Garlic & Herb Seasoning, 5.5 Ounce Shaker</p><p>$2.82 ($0.51 / Ounce)</p><a href="https://www.amazon.com/dp/B0BQ4VRJBL?tag=eloabder-20&linkCode=osi&th=1&psc=1">View Product</a></div><div class="product"><a href="https://www.amazon.com/dp/B08KRC7V7J?tag=eloabder-20&linkCode=osi&th=1&psc=1"><img src="https://m.media-amazon.com/images/I/4170CYnZ9WL._SL500_.jpg" alt="Product Image"></a><p>McCormick Salt Free Garlic and Herb Seasoning, 4.37 oz</p><p>$4.68 ($1.07 / Ounce)</p><a href="https://www.amazon.com/dp/B08KRC7V7J?tag=eloabder-20&linkCode=osi&th=1&psc=1">View Product</a></div><div class="product"><a href="https://www.amazon.com/dp/B00IX4WUTY?tag=eloabder-20&linkCode=osi&th=1&psc=1"><img src="https://m.media-amazon.com/images/I/51TAH1ijkqS._SL500_.jpg" alt="Product Image"></a><p>Bragg Sprinkle Herbs and Spices Seasoning, 1.5oz, 3 Pack</p><p>$20.27 ($13.51 / Ounce)</p><a href="https://www.amazon.com/dp/B00IX4WUTY?tag=eloabder-20&linkCode=osi&th=1&psc=1">View Product</a></div>
<div class="product"><a href="https://www.amazon.com/dp/B0BWSKYV63?tag=eloabder-20&linkCode=osi&th=1&psc=1"><img src="https://m.media-amazon.com/images/I/51Q5Je2yRhL._SL500_.jpg" alt="Product Image"></a><p>Welch's Fruit Snacks, Mixed Fruit, Perfect Easter Basket Stuffers, Gluten Free, Bulk Pack, Individual Single Serve Bags, 0.8 oz (Pack of 40)</p><p>$7.99 ($0.25 / Ounce)</p><a href="https://www.amazon.com/dp/B0BWSKYV63?tag=eloabder-20&linkCode=osi&th=1&psc=1">View Product</a></div><div class="product"><a href="https://www.amazon.com/dp/B08826B2XL?tag=eloabder-20&linkCode=osi&th=1&psc=1"><img src="https://m.media-amazon.com/images/I/61DT5pSYXFL._SL500_.jpg" alt="Product Image"></a><p>Frito Lay Ultimate Classic Snacks Package, Variety Assortment of Chips, Cookies, Crackers, & Nuts, (Pack of 40) (Packaging May Vary)</p><p>$26.91</p><a href="https://www.amazon.com/dp/B08826B2XL?tag=eloabder-20&linkCode=osi&th=1&psc=1">View Product</a></div><div class="product"><a href="https://www.amazon.com/dp/B013OY25GA?tag=eloabder-20&linkCode=osi&th=1&psc=1"><img src="https://m.media-amazon.com/images/I/51FlSjX95aL._SL500_.jpg" alt="Product Image"></a><p>Snack Pack Chocolate and Vanilla Flavored Pudding Cups Family Pack, 12 Count Pudding Cups (6 Pack)</p><p>$3.27 ($0.01 / Ounce)</p><a href="https://www.amazon.com/dp/B013OY25GA?tag=eloabder-20&linkCode=osi&th=1&psc=1">View Product</a></div><div class="product"><a href="https://www.amazon.com/dp/B0BWSLB73Z?tag=eloabder-20&linkCode=osi&th=1&psc=1"><img src="https://m.media-amazon.com/images/I/51RWXG4OG6L._SL500_.jpg" alt="Product Image"></a><p>Welch's Fruit Snacks, Fruit Punch & Island Fruits Variety Pack, Perfect for School Lunches, Gluten Free, Bulk Pack, 0.8 oz Individual Single Serve Bags (Pack of 40)</p><p>$8.49 ($0.21 / Count)</p><a href="https://www.amazon.com/dp/B0BWSLB73Z?tag=eloabder-20&linkCode=osi&th=1&psc=1">View Product</a></div><div class="product"><a href="https://www.amazon.com/dp/B09FFXR2VV?tag=eloabder-20&linkCode=osi&th=1&psc=1"><img src="https://m.media-amazon.com/images/I/51SZiftXwcL._SL500_.jpg" alt="Product Image"></a><p>The Only Bean Crunchy Dry Roasted Edamame Snacks (Sea Salt), Keto Snack Food, High Protein (11g) Healthy Snacks, Low Carb Gluten Free Office Vegan Food 100 Calorie Snack Pack, 0.9oz 10 Pack</p><p>$12.72 ($1.41 / Ounce)</p><a href="https://www.amazon.com/dp/B09FFXR2VV?tag=eloabder-20&linkCode=osi&th=1&psc=1">View Product</a></div><div class="product"><a href="https://www.amazon.com/dp/B072151Q32?tag=eloabder-20&linkCode=osi&th=1&psc=1"><img src="https://m.media-amazon.com/images/I/41Rlgfdz90L._SL500_.jpg" alt="Product Image"></a><p>Dole Fruit Bowls No Sugar Added Variety Pack Snacks, Peaches, Mandarin Oranges & Cherry Mixed Fruit, 4oz 12 Cups, Gluten & Dairy Free, Bulk Lunch Snacks for Kids & Adults</p><p>$6.74 ($0.56 / Count)</p><a href="https://www.amazon.com/dp/B072151Q32?tag=eloabder-20&linkCode=osi&th=1&psc=1">View Product</a></div><div class="product"><a href="https://www.amazon.com/dp/B084RDDFGR?tag=eloabder-20&linkCode=osi&th=1&psc=1"><img src="https://m.media-amazon.com/images/I/41eLMpoHGkL._SL500_.jpg" alt="Product Image"></a><p>Kellogg's Rice Krispies Treats, Crispy Marshmallow Squares, Original, School Lunch Snack, 41.9oz Case (54 Count)</p><p>$13.49 ($0.32 / Ounce)</p><a href="https://www.amazon.com/dp/B084RDDFGR?tag=eloabder-20&linkCode=osi&th=1&psc=1">View Product</a></div><div class="product"><a href="https://www.amazon.com/dp/B00G2XNSWQ?tag=eloabder-20&linkCode=osi&th=1&psc=1"><img src="https://m.media-amazon.com/images/I/411XH1pQP8L._SL500_.jpg" alt="Product Image"></a><p>Nutella & GO! Bulk 12 Pack, Hazelnut and Cocoa Spread with Breadsticks, Snack Cups for Kids, 1.8 oz Each</p><p>$11.99 ($0.56 / Ounce)</p><a href="https://www.amazon.com/dp/B00G2XNSWQ?tag=eloabder-20&linkCode=osi&th=1&psc=1">View Product</a></div><div class="product"><a href="https://www.amazon.com/dp/B00KR7PKTC?tag=eloabder-20&linkCode=osi&th=1&psc=1"><img src="https://m.media-amazon.com/images/I/414UW7g-s5L._SL500_.jpg" alt="Product Image"></a><p>Cheez-It Cheese Crackers, Baked Snack Crackers, Lunch Snacks, Variety Pack, 12.1oz Box (12 Packs)</p><p>$5.82 ($0.48 / Ounce)</p><a href="https://www.amazon.com/dp/B00KR7PKTC?tag=eloabder-20&linkCode=osi&th=1&psc=1">View Product</a></div><div class="product"><a href="https://www.amazon.com/dp/B078D7MGY5?tag=eloabder-20&linkCode=osi&th=1&psc=1"><img src="https://m.media-amazon.com/images/I/41ttxloA1AL._SL500_.jpg" alt="Product Image"></a><p>Pringles Potato Crisps Chips, Lunch Snacks, On-the-Go Snacks, Snack Stacks, Variety Pack, 19.3oz Box (27 Cups)</p><p>$12.99 ($0.67 / Ounce)</p><a href="https://www.amazon.com/dp/B078D7MGY5?tag=eloabder-20&linkCode=osi&th=1&psc=1">View Product</a></div>
<div class="product"><a href="https://www.amazon.com/dp/B0C5YLP6PC?tag=eloabder-20&linkCode=osi&th=1&psc=1"><img src="https://m.media-amazon.com/images/I/41Ru-8CxkhL._SL500_.jpg" alt="Product Image"></a><p>3 Pack, Gluten Free Potato Gnocchi, Cooks in 2-3 minutes, (3 x 1 lb), Italian Gnocchi, Product of Italy, NON GMO, Eggs Free, Vegan, by L'Oro Del Sud</p><p>$17.99 ($1.12 / Ounce)</p><a href="https://www.amazon.com/dp/B0C5YLP6PC?tag=eloabder-20&linkCode=osi&th=1&psc=1">View Product</a></div><div class="product"><a href="https://www.amazon.com/dp/B09Q98H64R?tag=eloabder-20&linkCode=osi&th=1&psc=1"><img src="https://m.media-amazon.com/images/I/5101NV4WQOL._SL500_.jpg" alt="Product Image"></a><p>Kraft Gluten Free Original Mac & Cheese Macaroni and Cheese Dinner, 4 ct Pack, 1.9 oz Cups</p><p>$6.49 ($0.85 / Ounce)</p><a href="https://www.amazon.com/dp/B09Q98H64R?tag=eloabder-20&linkCode=osi&th=1&psc=1">View Product</a></div><div class="product"><a href="https://www.amazon.com/dp/B0BRBWXDTK?tag=eloabder-20&linkCode=osi&th=1&psc=1"><img src="https://m.media-amazon.com/images/I/41Di2iNnMJL._SL500_.jpg" alt="Product Image"></a><p>Katz Gluten Free Oatmeal Crème Pies| Dairy Free, Nut Free, Soy Free, Gluten Free | Kosher (1 Pack 6.3 Ounce)</p><p>$12.99 ($2.16 / Ounce)</p><a href="https://www.amazon.com/dp/B0BRBWXDTK?tag=eloabder-20&linkCode=osi&th=1&psc=1">View Product</a></div><div class="product"><a href="https://www.amazon.com/dp/B01JJ9H1Q8?tag=eloabder-20&linkCode=osi&th=1&psc=1"><img src="https://m.media-amazon.com/images/I/41EC1yykptL._SL500_.jpg" alt="Product Image"></a><p>King Arthur, Measure for Measure Flour, Certified Gluten-Free, Non-GMO Project Verified, Certified Kosher, 3 Pounds, Packaging May Vary</p><p>$8.62 ($0.18 / Ounce)</p><a href="https://www.amazon.com/dp/B01JJ9H1Q8?tag=eloabder-20&linkCode=osi&th=1&psc=1">View Product</a></div><div class="product"><a href="https://www.amazon.com/dp/B07CL1SRNB?tag=eloabder-20&linkCode=osi&th=1&psc=1"><img src="https://m.media-amazon.com/images/I/51jpv3MCzgL._SL500_.jpg" alt="Product Image"></a><p>Snyder's of Hanover, Gluten Free Pretzels, 8 Oz</p><p>$4.89 ($0.61 / Ounce)</p><a href="https://www.amazon.com/dp/B07CL1SRNB?tag=eloabder-20&linkCode=osi&th=1&psc=1">View Product</a></div><div class="product"><a href="https://www.amazon.com/dp/B004TSXNIA?tag=eloabder-20&linkCode=osi&th=1&psc=1"><img src="https://m.media-amazon.com/images/I/5137tUox+SL._SL500_.jpg" alt="Product Image"></a><p>Annie's Gluten Free Cocoa and Vanilla Bunny Cookies, 6.75 oz</p><p>$4.22 ($0.62 / Ounce)</p><a href="https://www.amazon.com/dp/B004TSXNIA?tag=eloabder-20&linkCode=osi&th=1&psc=1">View Product</a></div><div class="product"><a href="https://www.amazon.com/dp/B00GI9B84O?tag=eloabder-20&linkCode=osi&th=1&psc=1"><img src="https://m.media-amazon.com/images/I/41e7kO-b3WS._SL500_.jpg" alt="Product Image"></a><p>Mom's Place Gluten Free Beef Stroganoff Mix</p><p>$5.99 ($5.99 / Count)</p><a href="https://www.amazon.com/dp/B00GI9B84O?tag=eloabder-20&linkCode=osi&th=1&psc=1">View Product</a></div><div class="product"><a href="https://www.amazon.com/dp/B0BXQWVL1Q?tag=eloabder-20&linkCode=osi&th=1&psc=1"><img src="https://m.media-amazon.com/images/I/413idrGl7fL._SL500_.jpg" alt="Product Image"></a><p>Simple Mills Almond Flour Snack Bars (Chocolate Brownie) with Organic Coconut Oil, Chia Seeds, Sunflower Seeds, and Flax Seeds, 6oz, 1 Count</p><p>$4.50 ($0.75 / Ounce)</p><a href="https://www.amazon.com/dp/B0BXQWVL1Q?tag=eloabder-20&linkCode=osi&th=1&psc=1">View Product</a></div><div class="product"><a href="https://www.amazon.com/dp/B09Z9QV2CT?tag=eloabder-20&linkCode=osi&th=1&psc=1"><img src="https://m.media-amazon.com/images/I/41pnXqKjS7L._SL500_.jpg" alt="Product Image"></a><p>Mom's Place Gluten Free Biscuits & Gravy Mix</p><p>$8.99 ($0.67 / Ounce)</p><a href="https://www.amazon.com/dp/B09Z9QV2CT?tag=eloabder-20&linkCode=osi&th=1&psc=1">View Product</a></div>
<div class="product"><a href="https://www.amazon.com/dp/B0BNZF5CCM?tag=eloabder-20&linkCode=osi&th=1&psc=1"><img src="https://m.media-amazon.com/images/I/61ZB1KesX-L._SL500_.jpg" alt="Product Image"></a><p>Midi International Snack Box | Premium Exotic Foreign Snacks | Unique Snack Food Gifts Included | Purple Theme Box | Candies from Around the World | 12 Full-Size + 1 Bonus Snacks</p><p>$14.95 ($14.95 / Count)</p><a href="https://www.amazon.com/dp/B0BNZF5CCM?tag=eloabder-20&linkCode=osi&th=1&psc=1">View Product</a></div><div class="product"><a href="https://www.amazon.com/dp/B08W72N8SM?tag=eloabder-20&linkCode=osi&th=1&psc=1"><img src="https://m.media-amazon.com/images/I/61UC7bprqkL._SL500_.jpg" alt="Product Image"></a><p>Midi International Snack Box | Premium Exotic Foreign Snacks | Unique Snack Food Gifts Included | Fantastic Space Theme | Candies from Around the World | 12 Full-Size + 1 Bonus Snacks</p><p>$14.99 ($1.25 / Count)</p><a href="https://www.amazon.com/dp/B08W72N8SM?tag=eloabder-20&linkCode=osi&th=1&psc=1">View Product</a></div><div class="product"><a href="https://www.amazon.com/dp/B0C6PRVVJY?tag=eloabder-20&linkCode=osi&th=1&psc=1"><img src="https://m.media-amazon.com/images/I/61o8Z3EzSnL._SL500_.jpg" alt="Product Image"></a><p>International Exotic Snack Box Variety Pack, 22 Count Premium Foreign Rare Snack Food Gifts with Suprise Item for Fun, Mystery Box of Snacks, European Snacks for Adults and Kids</p><p>$29.95</p><a href="https://www.amazon.com/dp/B0C6PRVVJY?tag=eloabder-20&linkCode=osi&th=1&psc=1">View Product</a></div><div class="product"><a href="https://www.amazon.com/dp/B09T7B3QFJ?tag=eloabder-20&linkCode=osi&th=1&psc=1"><img src="https://m.media-amazon.com/images/I/61Xx7pPJCkL._SL500_.jpg" alt="Product Image"></a><p>Universal Yums International Snack Box | Variety Pack Of Chips, Candy, Chocolates, And Snacks From Around The World | Foreign Snacks For Office, Family, Gifts, And Parties | (50 Exotic Snacks)</p><p>$49.50</p><a href="https://www.amazon.com/dp/B09T7B3QFJ?tag=eloabder-20&linkCode=osi&th=1&psc=1">View Product</a></div><div class="product"><a href="https://www.amazon.com/dp/B08W71KXLS?tag=eloabder-20&linkCode=osi&th=1&psc=1"><img src="https://m.media-amazon.com/images/I/61dcTJQFmBL._SL500_.jpg" alt="Product Image"></a><p>Midi International Snack Box | Premium Exotic Foreign Snacks | Unique Snack Food Gifts Included | Picnic Box Theme | Candies from Around the World | 12 Full-Size + 1 Bonus Snacks</p><p>$14.99 ($14.99 / Count)</p><a href="https://www.amazon.com/dp/B08W71KXLS?tag=eloabder-20&linkCode=osi&th=1&psc=1">View Product</a></div><div class="product"><a href="https://www.amazon.com/dp/B09TG6WCBC?tag=eloabder-20&linkCode=osi&th=1&psc=1"><img src="https://m.media-amazon.com/images/I/61lmk368l0L._SL500_.jpg" alt="Product Image"></a><p>Midi International Snack Box (Fairy Tale Themed) | Snacks Variety Pack of International Treats | Foreign Snack Box Offering Unique Experience | Mix Care Pack of Turkish Candies | 12 Full-Size Snacks</p><p>$14.99 ($1.00 / Ounce)</p><a href="https://www.amazon.com/dp/B09TG6WCBC?tag=eloabder-20&linkCode=osi&th=1&psc=1">View Product</a></div><div class="product"><a href="https://www.amazon.com/dp/B0BNZCVDYQ?tag=eloabder-20&linkCode=osi&th=1&psc=1"><img src="https://m.media-amazon.com/images/I/61aTXvWjbSL._SL500_.jpg" alt="Product Image"></a><p>Midi International Snack Box | Premium Exotic Foreign Snacks | Unique Snack Food Gifts Included | Orange Nebula Space Theme | Candies from Around the World | 12 Full-Size + 1 Bonus Snacks</p><p>$14.99 ($14.99 / Count)</p><a href="https://www.amazon.com/dp/B0BNZCVDYQ?tag=eloabder-20&linkCode=osi&th=1&psc=1">View Product</a></div><div class="product"><a href="https://www.amazon.com/dp/B0CK8DWXS2?tag=eloabder-20&linkCode=osi&th=1&psc=1"><img src="https://m.media-amazon.com/images/I/511Z-FX62TL._SL500_.jpg" alt="Product Image"></a><p>Mega International Snack Box | Premium Exotic Foreign Snacks | Unique Snack Food Gifts Included | Try Extraordinary Turkish Snacks | Candies from Around the World | 32+1 Full-Size Snacks</p><p>$39.95 ($1.00 / Ounce)</p><a href="https://www.amazon.com/dp/B0CK8DWXS2?tag=eloabder-20&linkCode=osi&th=1&psc=1">View Product</a></div><div class="product"><a href="https://www.amazon.com/dp/B0CGRMR7VN?tag=eloabder-20&linkCode=osi&th=1&psc=1"><img src="https://m.media-amazon.com/images/I/51PgWRUNnkL._SL500_.jpg" alt="Product Image"></a><p>Turkish Foreign Snack Box, Gourmet Turkish Food Gift Box, Variety of Unique Sweets and Savory Snacks from Turkey - International Snacks Box - Full Sized Snacks - 24ct</p><p>$23.99 ($1.00 / Count)</p><a href="https://www.amazon.com/dp/B0CGRMR7VN?tag=eloabder-20&linkCode=osi&th=1&psc=1">View Product</a></div>
<div class="product"><a href="https://www.amazon.com/dp/B001EQ5NHE?tag=eloabder-20&linkCode=osi&th=1&psc=1"><img src="https://m.media-amazon.com/images/I/51Kg06c5YuL._SL500_.jpg" alt="Product Image"></a><p>Spam Classic, 12 Ounce Can (Pack of 12)</p><p>$28.32 ($0.20 / Ounce)</p><a href="https://www.amazon.com/dp/B001EQ5NHE?tag=eloabder-20&linkCode=osi&th=1&psc=1">View Product</a></div><div class="product"><a href="https://www.amazon.com/dp/B08DQ6422D?tag=eloabder-20&linkCode=osi&th=1&psc=1"><img src="https://m.media-amazon.com/images/I/51-xOj2EbVL._SL500_.jpg" alt="Product Image"></a><p>Del Monte Cut Blue Lake Green Beans With No Added Salt 14.5 Oz,(Pack of 4)</p><p>$5.28 ($0.09 / Ounce)</p><a href="https://www.amazon.com/dp/B08DQ6422D?tag=eloabder-20&linkCode=osi&th=1&psc=1">View Product</a></div><div class="product"><a href="https://www.amazon.com/dp/B089PMW6C3?tag=eloabder-20&linkCode=osi&th=1&psc=1"><img src="https://m.media-amazon.com/images/I/41fKtFm2RAL._SL500_.jpg" alt="Product Image"></a><p>SpaghettiOs Canned Pasta with Meatballs, 15.6 oz Can (Pack of 12)</p><p>$11.44 ($0.06 / Ounce)</p><a href="https://www.amazon.com/dp/B089PMW6C3?tag=eloabder-20&linkCode=osi&th=1&psc=1">View Product</a></div><div class="product"><a href="https://www.amazon.com/dp/B006VS7C60?tag=eloabder-20&linkCode=osi&th=1&psc=1"><img src="https://m.media-amazon.com/images/I/51adZb-RUeL._SL500_.jpg" alt="Product Image"></a><p>Campbell’s Pork and Beans, 11 Oz Can (Case of 24)</p><p>$20.64 ($0.08 / Ounce)</p><a href="https://www.amazon.com/dp/B006VS7C60?tag=eloabder-20&linkCode=osi&th=1&psc=1">View Product</a></div><div class="product"><a href="https://www.amazon.com/dp/B00CPDWTBI?tag=eloabder-20&linkCode=osi&th=1&psc=1"><img src="https://m.media-amazon.com/images/I/61M2-LCC5uL._SL500_.jpg" alt="Product Image"></a><p>DEL MONTE FRESH CUT Whole New Canned Potatoes, Canned Vegetables, 12 Pack, 14.5 oz Can</p><p>$17.76 ($0.10 / Ounce)</p><a href="https://www.amazon.com/dp/B00CPDWTBI?tag=eloabder-20&linkCode=osi&th=1&psc=1">View Product</a></div><div class="product"><a href="https://www.amazon.com/dp/B00TFPKEZM?tag=eloabder-20&linkCode=osi&th=1&psc=1"><img src="https://m.media-amazon.com/images/I/51VTHItyaXL._SL500_.jpg" alt="Product Image"></a><p>Del Monte Canned Fresh Cut French Style Green Beans, 8 Ounce (Pack of 12)</p><p>$16.68 ($0.17 / Ounce)</p><a href="https://www.amazon.com/dp/B00TFPKEZM?tag=eloabder-20&linkCode=osi&th=1&psc=1">View Product</a></div><div class="product"><a href="https://www.amazon.com/dp/B08WR5J62L?tag=eloabder-20&linkCode=osi&th=1&psc=1"><img src="https://m.media-amazon.com/images/I/51QjonsN18L._SL500_.jpg" alt="Product Image"></a><p>Chicken of the Sea Chunk Light Tuna in Water, Wild Caught Tuna, 5-Ounce Cans (Pack of 10)</p><p>$8.90 ($2.85 / lb)</p><a href="https://www.amazon.com/dp/B08WR5J62L?tag=eloabder-20&linkCode=osi&th=1&psc=1">View Product</a></div><div class="product"><a href="https://www.amazon.com/dp/B01MQ6BDM0?tag=eloabder-20&linkCode=osi&th=1&psc=1"><img src="https://m.media-amazon.com/images/I/51chxbCoRfL._SL500_.jpg" alt="Product Image"></a><p>Libby's Vienna Sausage in Chicken Broth, Canned Sausage, 4.6 OZ (Pack of 24)</p><p>$23.52 ($0.98 / Count)</p><a href="https://www.amazon.com/dp/B01MQ6BDM0?tag=eloabder-20&linkCode=osi&th=1&psc=1">View Product</a></div><div class="product"><a href="https://www.amazon.com/dp/B01NBFQ8TF?tag=eloabder-20&linkCode=osi&th=1&psc=1"><img src="https://m.media-amazon.com/images/I/41ijyPglLPL._SL500_.jpg" alt="Product Image"></a><p>Bush's Best Baked Beans, Country Style with Bacon and Brown Sugar, 8.3 OZ (Pack of 12)</p><p>$20.28 ($1.69 / Count)</p><a href="https://www.amazon.com/dp/B01NBFQ8TF?tag=eloabder-20&linkCode=osi&th=1&psc=1">View Product</a></div><div class="product"><a href="https://www.amazon.com/dp/B019YHSNGC?tag=eloabder-20&linkCode=osi&th=1&psc=1"><img src="https://m.media-amazon.com/images/I/51oHYkvLL0L._SL500_.jpg" alt="Product Image"></a><p>Bumble Bee Chunk Light Tuna In Water, 5 oz Cans (Pack of 24) - Wild Caught Skipjack Tuna - 23g Protein Per Serving - MSC Certified Sustainable Seafood, Non-GMO, Gluten Free, Kosher</p><p>$23.36 ($0.19 / Ounce)</p><a href="https://www.amazon.com/dp/B019YHSNGC?tag=eloabder-20&linkCode=osi&th=1&psc=1">View Product</a></div>
<div class="product"><a href="https://www.amazon.com/dp/B07KQNNW9K?tag=eloabder-20&linkCode=osi&th=1&psc=1"><img src="https://m.media-amazon.com/images/I/51EVSxp535L._SL500_.jpg" alt="Product Image"></a><p>HORMEL COMPLEATS Protein Variety Pack Microwave Trays (Pack of 5)</p><p>$14.99 ($0.33 / Ounce)</p><a href="https://www.amazon.com/dp/B07KQNNW9K?tag=eloabder-20&linkCode=osi&th=1&psc=1">View Product</a></div><div class="product"><a href="https://www.amazon.com/dp/B000V1JVAI?tag=eloabder-20&linkCode=osi&th=1&psc=1"><img src="https://m.media-amazon.com/images/I/51moeAwg0qL._SL500_.jpg" alt="Product Image"></a><p>HORMEL COMPLEATS Meatloaf & Gravy With Mashed Potatoes Microwave Tray, 9 oz. (6 Pack)</p><p>$13.68 ($0.25 / Ounce)</p><a href="https://www.amazon.com/dp/B000V1JVAI?tag=eloabder-20&linkCode=osi&th=1&psc=1">View Product</a></div><div class="product"><a href="https://www.amazon.com/dp/B001E55YXS?tag=eloabder-20&linkCode=osi&th=1&psc=1"><img src="https://m.media-amazon.com/images/I/51f7Q-awP2L._SL500_.jpg" alt="Product Image"></a><p>HORMEL COMPLEATS Beef Pot Roast Microwave Tray, 9 Ounce (Pack of 6)</p><p>$13.68 ($0.25 / Ounce)</p><a href="https://www.amazon.com/dp/B001E55YXS?tag=eloabder-20&linkCode=osi&th=1&psc=1">View Product</a></div><div class="product"><a href="https://www.amazon.com/dp/B001E52XGO?tag=eloabder-20&linkCode=osi&th=1&psc=1"><img src="https://m.media-amazon.com/images/I/513-IE78MvL._SL500_.jpg" alt="Product Image"></a><p>HORMEL COMPLEATS Turkey & Dressing Microwave Tray, 10 oz. (6 Pack)</p><p>$13.68 ($0.23 / Ounce)</p><a href="https://www.amazon.com/dp/B001E52XGO?tag=eloabder-20&linkCode=osi&th=1&psc=1">View Product</a></div><div class="product"><a href="https://www.amazon.com/dp/B01JLWGOCA?tag=eloabder-20&linkCode=osi&th=1&psc=1"><img src="https://m.media-amazon.com/images/I/41JtN2c2Y3L._SL500_.jpg" alt="Product Image"></a><p>Idahoan Four Cheese Mashed Potatoes, Made with Gluten-Free 100-Percent Real Idaho Potatoes, 1.5 oz Cup (Pack of 10)</p><p>$11.23 ($0.75 / Ounce)</p><a href="https://www.amazon.com/dp/B01JLWGOCA?tag=eloabder-20&linkCode=osi&th=1&psc=1">View Product</a></div><div class="product"><a href="https://www.amazon.com/dp/B08P3SVWFR?tag=eloabder-20&linkCode=osi&th=1&psc=1"><img src="https://m.media-amazon.com/images/I/51Q7KX85dtL._SL500_.jpg" alt="Product Image"></a><p>StarKist Premium White Chicken - 2.6 oz Pouch (Pack of 12)</p><p>$15.06 ($0.48 / Ounce)</p><a href="https://www.amazon.com/dp/B08P3SVWFR?tag=eloabder-20&linkCode=osi&th=1&psc=1">View Product</a></div><div class="product"><a href="https://www.amazon.com/dp/B001E52WAG?tag=eloabder-20&linkCode=osi&th=1&psc=1"><img src="https://m.media-amazon.com/images/I/51dV9dBtkEL._SL500_.jpg" alt="Product Image"></a><p>Dinty Moore Beef Stew, 9-Ounce Packages (Pack of 6)</p><p>$17.34 ($0.32 / Ounce)</p><a href="https://www.amazon.com/dp/B001E52WAG?tag=eloabder-20&linkCode=osi&th=1&psc=1">View Product</a></div><div class="product"><a href="https://www.amazon.com/dp/B0BTQWY5LL?tag=eloabder-20&linkCode=osi&th=1&psc=1"><img src="https://m.media-amazon.com/images/I/61dN-t0ureL._SL500_.jpg" alt="Product Image"></a><p>MISS OLIVE'S Variety Pack Microwavable Low Sodium Ready Meals (Bundle of 6)-1 of each flavor</p><p>$26.49 ($0.63 / Ounce)</p><a href="https://www.amazon.com/dp/B0BTQWY5LL?tag=eloabder-20&linkCode=osi&th=1&psc=1">View Product</a></div><div class="product"><a href="https://www.amazon.com/dp/B0111Y7PO2?tag=eloabder-20&linkCode=osi&th=1&psc=1"><img src="https://m.media-amazon.com/images/I/51ReJtj0zJL._SL500_.jpg" alt="Product Image"></a><p>HORMEL COMPLEATS Rice & Chicken Microwave Tray, 7.5 Ounces (Pack of 7)</p><p>$15.96 ($0.30 / Ounce)</p><a href="https://www.amazon.com/dp/B0111Y7PO2?tag=eloabder-20&linkCode=osi&th=1&psc=1">View Product</a></div><div class="product"><a href="https://www.amazon.com/dp/B09GL33XZG?tag=eloabder-20&linkCode=osi&th=1&psc=1"><img src="https://m.media-amazon.com/images/I/41tbj+XvZLL._SL500_.jpg" alt="Product Image"></a><p>HMR Ultimate Entrée Pack | Pre-packaged Lunch or Dinner to Support Weight Loss | Pack of 17 Ready to Eat Meals | 10-20 grams of Protein per Entrée | Low Calorie Food | 7-8oz Servings per Meal</p><p>$89.99</p><a href="https://www.amazon.com/dp/B09GL33XZG?tag=eloabder-20&linkCode=osi&th=1&psc=1">View Product</a></div>
<div class="product"><a href="https://www.amazon.com/dp/B00I9VBMLI?tag=eloabder-20&linkCode=osi&th=1&psc=1"><img src="https://m.media-amazon.com/images/I/51kyWWI+vRL._SL500_.jpg" alt="Product Image"></a><p>Chef Boyardee Beef Ravioli, 15 oz, 4 Pack</p><p>$4.48 ($0.07 / Count)</p><a href="https://www.amazon.com/dp/B00I9VBMLI?tag=eloabder-20&linkCode=osi&th=1&psc=1">View Product</a></div>
<div class="product"><a href="https://www.amazon.com/dp/B0CJCXLDSP?tag=eloabder-20&linkCode=osi&th=1&psc=1"><img src="https://m.media-amazon.com/images/I/41uUHvJRp2L._SL500_.jpg" alt="Product Image"></a><p>ARM & HAMMER Baking Soda Made in USA, Ideal for Baking, Pure & Natural, 2.7lb Bag</p><p>$7.99 ($0.18 / Ounce)</p><a href="https://www.amazon.com/dp/B0CJCXLDSP?tag=eloabder-20&linkCode=osi&th=1&psc=1">View Product</a></div><div class="product"><a href="https://www.amazon.com/dp/B07JFLXZQV?tag=eloabder-20&linkCode=osi&th=1&psc=1"><img src="https://m.media-amazon.com/images/I/41mGwlHTcmL._SL500_.jpg" alt="Product Image"></a><p>Vanilla Bean Paste for Baking and Cooking - Gourmet Madagascar Bourbon Blend made with Real Vanilla Seeds - 4 Ounces</p><p>$14.99 ($3.75 / Ounce)</p><a href="https://www.amazon.com/dp/B07JFLXZQV?tag=eloabder-20&linkCode=osi&th=1&psc=1">View Product</a></div><div class="product"><a href="https://www.amazon.com/dp/B0046EJ570?tag=eloabder-20&linkCode=osi&th=1&psc=1"><img src="https://m.media-amazon.com/images/I/31TFd1IdsRL._SL500_.jpg" alt="Product Image"></a><p>Watkins All Natural Original Gourmet Baking Vanilla, with Pure Vanilla Extract, 11 Fl Oz (Pack of 1) - Packaging May Vary</p><p>$12.35 ($1.12 / Fl Oz)</p><a href="https://www.amazon.com/dp/B0046EJ570?tag=eloabder-20&linkCode=osi&th=1&psc=1">View Product</a></div><div class="product"><a href="https://www.amazon.com/dp/B00PMUNEK6?tag=eloabder-20&linkCode=osi&th=1&psc=1"><img src="https://m.media-amazon.com/images/I/41LZqR+JNZL._SL500_.jpg" alt="Product Image"></a><p>10 Organic Madagascar Vanilla Beans Whole Grade A Vanilla Pods for Vanilla Extract and Baking</p><p>$11.04 ($1.10 / Count)</p><a href="https://www.amazon.com/dp/B00PMUNEK6?tag=eloabder-20&linkCode=osi&th=1&psc=1">View Product</a></div><div class="product"><a href="https://www.amazon.com/dp/B0CBW3D9T7?tag=eloabder-20&linkCode=osi&th=1&psc=1"><img src="https://m.media-amazon.com/images/I/414XubDDPPL._SL500_.jpg" alt="Product Image"></a><p>Scratch Diastatic Malt Powder for Baking - (10oz) Dried Barley Malt for Baking Bread - Bread Improver - Premium Baking Ingredients for Breads, Pizzas, Pretzels, Desserts, Shakes and More</p><p>$8.95 ($0.90 / Ounce)</p><a href="https://www.amazon.com/dp/B0CBW3D9T7?tag=eloabder-20&linkCode=osi&th=1&psc=1">View Product</a></div><div class="product"><a href="https://www.amazon.com/dp/B00VEJOUXE?tag=eloabder-20&linkCode=osi&th=1&psc=1"><img src="https://m.media-amazon.com/images/I/41HmZhMPH1L._SL500_.jpg" alt="Product Image"></a><p>Bob's Red Mill Baking Soda - 1 Pound (Pack of 4), Non GMO, Gluten Free, Vegan, Kosher, Paleo Friendly</p><p>$13.10 ($0.20 / Ounce)</p><a href="https://www.amazon.com/dp/B00VEJOUXE?tag=eloabder-20&linkCode=osi&th=1&psc=1">View Product</a></div><div class="product"><a href="https://www.amazon.com/dp/B0CG7C5X2F?tag=eloabder-20&linkCode=osi&th=1&psc=1"><img src="https://m.media-amazon.com/images/I/41cN3OdncVL._SL500_.jpg" alt="Product Image"></a><p>Micro Ingredients Baking Soda Powder, 6lbs | Pure Sodium Bicarbonate | Bulk Food Grade Supply | Great for Cleaning, Cooking, Laundry, or Personal Care | Non-GMO, Filler Free</p><p>$13.95 ($0.15 / Ounce)</p><a href="https://www.amazon.com/dp/B0CG7C5X2F?tag=eloabder-20&linkCode=osi&th=1&psc=1">View Product</a></div><div class="product"><a href="https://www.amazon.com/dp/B075456XMK?tag=eloabder-20&linkCode=osi&th=1&psc=1"><img src="https://m.media-amazon.com/images/I/31YCnL21+nL._SL500_.jpg" alt="Product Image"></a><p>Pure Original Ingredients Baking Soda (2 lb) Sodium Bicarbonate (NaHCO3), Always Pure, No Fillers Or Additives.</p><p>$11.99 ($0.37 / Ounce)</p><a href="https://www.amazon.com/dp/B075456XMK?tag=eloabder-20&linkCode=osi&th=1&psc=1">View Product</a></div><div class="product"><a href="https://www.amazon.com/dp/B08FYKMRGT?tag=eloabder-20&linkCode=osi&th=1&psc=1"><img src="https://m.media-amazon.com/images/I/41TdlxCI0EL._SL500_.jpg" alt="Product Image"></a><p>King Arthur, Baking Sugar Alternative, Made with Plant-Based Ingredients, Keto-Friendly, 1-to-1 Substitute for Granulated Sugar, 12 Ounces</p><p>$9.95 ($0.83 / Ounce)</p><a href="https://www.amazon.com/dp/B08FYKMRGT?tag=eloabder-20&linkCode=osi&th=1&psc=1">View Product</a></div><div class="product"><a href="https://www.amazon.com/dp/B07KKL5Q68?tag=eloabder-20&linkCode=osi&th=1&psc=1"><img src="https://m.media-amazon.com/images/I/41G0eZnHIxL._SL500_.jpg" alt="Product Image"></a><p>Pure Original Ingredients Baking Soda (1 Gallon) Aluminum Free, Cooking, Baking, Cleaning</p><p>$30.99 ($0.19 / Ounce)</p><a href="https://www.amazon.com/dp/B07KKL5Q68?tag=eloabder-20&linkCode=osi&th=1&psc=1">View Product</a></div>
<div class="product"><a href="https://www.amazon.com/dp/B0029K0U90?tag=eloabder-20&linkCode=osi&th=1&psc=1"><img src="https://m.media-amazon.com/images/I/412vWjuj9tL._SL500_.jpg" alt="Product Image"></a><p>Mrs. Wages Pasta Sauce Canning Mix 5 Ounce (Pack of 6)</p><p>$19.32 ($0.64 / Ounce)</p><a href="https://www.amazon.com/dp/B0029K0U90?tag=eloabder-20&linkCode=osi&th=1&psc=1">View Product</a></div><div class="product"><a href="https://www.amazon.com/dp/B0005ZWUDU?tag=eloabder-20&linkCode=osi&th=1&psc=1"><img src="https://m.media-amazon.com/images/I/411oE+5BGYL._SL500_.jpg" alt="Product Image"></a><p>Classico Roasted Garlic Tomato Spaghetti Pasta Sauce (24 oz Jar)</p><p>$2.98 ($0.12 / Ounce)</p><a href="https://www.amazon.com/dp/B0005ZWUDU?tag=eloabder-20&linkCode=osi&th=1&psc=1">View Product</a></div><div class="product"><a href="https://www.amazon.com/dp/B00H3TKG6O?tag=eloabder-20&linkCode=osi&th=1&psc=1"><img src="https://m.media-amazon.com/images/I/41dtGUjEl7L._SL500_.jpg" alt="Product Image"></a><p>Classico Family Favorites Traditional Pasta Sauce (24 oz Jar)</p><p>$2.16 ($0.09 / Ounce)</p><a href="https://www.amazon.com/dp/B00H3TKG6O?tag=eloabder-20&linkCode=osi&th=1&psc=1">View Product</a></div><div class="product"><a href="https://www.amazon.com/dp/B088N719GQ?tag=eloabder-20&linkCode=osi&th=1&psc=1"><img src="https://m.media-amazon.com/images/I/412O4vvfLcL._SL500_.jpg" alt="Product Image"></a><p>Prego Traditional Pasta Sauce, 45 Oz Jar</p><p>$4.23 ($0.09 / Ounce)</p><a href="https://www.amazon.com/dp/B088N719GQ?tag=eloabder-20&linkCode=osi&th=1&psc=1">View Product</a></div><div class="product"><a href="https://www.amazon.com/dp/B00IAE65L6?tag=eloabder-20&linkCode=osi&th=1&psc=1"><img src="https://m.media-amazon.com/images/I/41keFWtHEbL._SL500_.jpg" alt="Product Image"></a><p>Prego Traditional Pasta Sauce, 67 Oz Jar</p><p>$5.36 ($0.08 / Ounce)</p><a href="https://www.amazon.com/dp/B00IAE65L6?tag=eloabder-20&linkCode=osi&th=1&psc=1">View Product</a></div><div class="product"><a href="https://www.amazon.com/dp/B0CRXQZMWN?tag=eloabder-20&linkCode=osi&th=1&psc=1"><img src="https://m.media-amazon.com/images/I/41GWdkqzH0L._SL500_.jpg" alt="Product Image"></a><p>Prego Creamy Roasted Garlic Pesto Pasta Sauce, 14.5 oz Jar</p><p>$2.79 ($0.19 / Ounce)</p><a href="https://www.amazon.com/dp/B0CRXQZMWN?tag=eloabder-20&linkCode=osi&th=1&psc=1">View Product</a></div><div class="product"><a href="https://www.amazon.com/dp/B0033TSDKY?tag=eloabder-20&linkCode=osi&th=1&psc=1"><img src="https://m.media-amazon.com/images/I/416ipEt-ErS._SL500_.jpg" alt="Product Image"></a><p>Classico Four Cheese Alfredo Pasta Sauce (15 oz Jar)</p><p>$3.13 ($0.21 / Ounce)</p><a href="https://www.amazon.com/dp/B0033TSDKY?tag=eloabder-20&linkCode=osi&th=1&psc=1">View Product</a></div><div class="product"><a href="https://www.amazon.com/dp/B000Q3R6V2?tag=eloabder-20&linkCode=osi&th=1&psc=1"><img src="https://m.media-amazon.com/images/I/51DwtNnipoL._SL500_.jpg" alt="Product Image"></a><p>Hunt's Traditional Pasta Sauce, 24 oz</p><p>$1.34 ($0.06 / Ounce)</p><a href="https://www.amazon.com/dp/B000Q3R6V2?tag=eloabder-20&linkCode=osi&th=1&psc=1">View Product</a></div><div class="product"><a href="https://www.amazon.com/dp/B00XXGW39Y?tag=eloabder-20&linkCode=osi&th=1&psc=1"><img src="https://m.media-amazon.com/images/I/41FycYZ91BL._SL500_.jpg" alt="Product Image"></a><p>Classico Vodka Sauce Tomato Spaghetti Pasta Sauce (24 oz Jar)</p><p>$2.52 ($0.10 / Fl Oz)</p><a href="https://www.amazon.com/dp/B00XXGW39Y?tag=eloabder-20&linkCode=osi&th=1&psc=1">View Product</a></div><div class="product"><a href="https://www.amazon.com/dp/B07JVJR966?tag=eloabder-20&linkCode=osi&th=1&psc=1"><img src="https://m.media-amazon.com/images/I/412rjNSU1HL._SL500_.jpg" alt="Product Image"></a><p>Prego Traditional Pasta Sauce, 24 Oz Jar (Case of 12)</p><p>$29.76 ($0.10 / Fl Oz)</p><a href="https://www.amazon.com/dp/B07JVJR966?tag=eloabder-20&linkCode=osi&th=1&psc=1">View Product</a></div>
<div class="product"><a href="https://www.amazon.com/dp/B07GBS8GVH?tag=eloabder-20&linkCode=osi&th=1&psc=1"><img src="https://m.media-amazon.com/images/I/51Xpb2UbnAS._SL500_.jpg" alt="Product Image"></a><p>BEN'S ORIGINAL Ready Rice Whole Grain Brown Rice, Easy Dinner Side, 8.8 OZ Pouch (Pack of 6)</p><p>$13.08 ($0.25 / Ounce)</p><a href="https://www.amazon.com/dp/B07GBS8GVH?tag=eloabder-20&linkCode=osi&th=1&psc=1">View Product</a></div><div class="product"><a href="https://www.amazon.com/dp/B000YPKPV0?tag=eloabder-20&linkCode=osi&th=1&psc=1"><img src="https://m.media-amazon.com/images/I/51RKdJy7-TL._SL500_.jpg" alt="Product Image"></a><p>Rice-A-Roni Long grain & wild rice with herbs, 4.3 Ounce Pack of 12</p><p>$12.00 ($0.23 / Ounce)</p><a href="https://www.amazon.com/dp/B000YPKPV0?tag=eloabder-20&linkCode=osi&th=1&psc=1">View Product</a></div><div class="product"><a href="https://www.amazon.com/dp/B004NRLAVY?tag=eloabder-20&linkCode=osi&th=1&psc=1"><img src="https://m.media-amazon.com/images/I/51l35npdSyL._SL500_.jpg" alt="Product Image"></a><p>Nishiki Premium Rice, Medium Grain,15 Pound (Pack of 1)</p><p>$20.19 ($0.08 / Ounce)</p><a href="https://www.amazon.com/dp/B004NRLAVY?tag=eloabder-20&linkCode=osi&th=1&psc=1">View Product</a></div><div class="product"><a href="https://www.amazon.com/dp/B00MMTQAF6?tag=eloabder-20&linkCode=osi&th=1&psc=1"><img src="https://m.media-amazon.com/images/I/41uID5vVhuL._SL500_.jpg" alt="Product Image"></a><p>Mahatma Extra Long Grain White Rice, 10 Pound, Gluten-Free and Non-GMO, Rice Bulk Bag (Pack of 1)</p><p>$9.98 ($0.06 / Ounce)</p><a href="https://www.amazon.com/dp/B00MMTQAF6?tag=eloabder-20&linkCode=osi&th=1&psc=1">View Product</a></div><div class="product"><a href="https://www.amazon.com/dp/B00I330QEQ?tag=eloabder-20&linkCode=osi&th=1&psc=1"><img src="https://m.media-amazon.com/images/I/41eu-3nevsL._SL500_.jpg" alt="Product Image"></a><p>Authentic Royal - Naturally Aged Long Grain Indian White Basmati Rice - 15 lbs</p><p>$15.03 ($0.06 / Ounce)</p><a href="https://www.amazon.com/dp/B00I330QEQ?tag=eloabder-20&linkCode=osi&th=1&psc=1">View Product</a></div><div class="product"><a href="https://www.amazon.com/dp/B00CLGUKKG?tag=eloabder-20&linkCode=osi&th=1&psc=1"><img src="https://m.media-amazon.com/images/I/41mEtyqtEVL._SL500_.jpg" alt="Product Image"></a><p>Mahatma Whole-Grain Brown Rice, 32-Ounce Bag of Rice, Stovetop or Microwave Rice</p><p>$2.68 ($0.08 / Ounce)</p><a href="https://www.amazon.com/dp/B00CLGUKKG?tag=eloabder-20&linkCode=osi&th=1&psc=1">View Product</a></div><div class="product"><a href="https://www.amazon.com/dp/B0087HFXJ6?tag=eloabder-20&linkCode=osi&th=1&psc=1"><img src="https://m.media-amazon.com/images/I/51eYTUAUKZL._SL500_.jpg" alt="Product Image"></a><p>RiceSelect Royal Blend, Blend Of Texmati White, Brown, Red, And Wild Rice, Premium Gluten Free Rice, Non-GMO, 21 Ounce Jar</p><p>$6.98 ($0.33 / Ounce)</p><a href="https://www.amazon.com/dp/B0087HFXJ6?tag=eloabder-20&linkCode=osi&th=1&psc=1">View Product</a></div><div class="product"><a href="https://www.amazon.com/dp/B07HKTD2BD?tag=eloabder-20&linkCode=osi&th=1&psc=1"><img src="https://m.media-amazon.com/images/I/519+60cp2dL._SL500_.jpg" alt="Product Image"></a><p>Nishiki Premium 7 Grains Mix, 2 Pound</p><p>$14.49 ($0.45 / Ounce)</p><a href="https://www.amazon.com/dp/B07HKTD2BD?tag=eloabder-20&linkCode=osi&th=1&psc=1">View Product</a></div><div class="product"><a href="https://www.amazon.com/dp/B00G9U46DW?tag=eloabder-20&linkCode=osi&th=1&psc=1"><img src="https://m.media-amazon.com/images/I/51Xpb2UbnAS._SL500_.jpg" alt="Product Image"></a><p>BEN'S ORIGINAL Ready Rice Whole Grain Brown Rice, Easy Dinner Side, 8.8 OZ Pouch (Pack of 12)</p><p>$26.16 ($0.25 / Ounce)</p><a href="https://www.amazon.com/dp/B00G9U46DW?tag=eloabder-20&linkCode=osi&th=1&psc=1">View Product</a></div>
<div class="product"><a href="https://www.amazon.com/dp/B0D4KLB4HP?tag=eloabder-20&linkCode=osi&th=1&psc=1"><img src="https://m.media-amazon.com/images/I/51r7s+M2jqL._SL500_.jpg" alt="Product Image"></a><p>Chronos Condiment 150 bundle pack - 50 Single Serve Pouches of Each: Ketchup, Mustard, and Mayo - 150 Pack, Great for Picnics, Boxed Lunch, BBQ, Travel, and Parties</p><p>$21.97</p><a href="https://www.amazon.com/dp/B0D4KLB4HP?tag=eloabder-20&linkCode=osi&th=1&psc=1">View Product</a></div><div class="product"><a href="https://www.amazon.com/dp/B003XLOOCS?tag=eloabder-20&linkCode=osi&th=1&psc=1"><img src="https://m.media-amazon.com/images/I/51x0jDzOLjL._SL500_.jpg" alt="Product Image"></a><p>Heinz Tomato Ketchup, Relish, and Mustard Picnic Pack, 3 Count</p><p>$5.98 ($0.11 / Ounce)</p><a href="https://www.amazon.com/dp/B003XLOOCS?tag=eloabder-20&linkCode=osi&th=1&psc=1">View Product</a></div><div class="product"><a href="https://www.amazon.com/dp/B0992VW16R?tag=eloabder-20&linkCode=osi&th=1&psc=1"><img src="https://m.media-amazon.com/images/I/51eFgOarc1L._SL500_.jpg" alt="Product Image"></a><p>Grab-n-Go Condiment Packs - 50 Single Serve Pouches of Each: Ketchup, Mustard, Relish, and Mayo - Great for Picnics, Boxed Lunch, BBQ, Travel, Picnic and Parties (200 Condiment Packets Total)</p><p>$29.99 ($0.15 / Count)</p><a href="https://www.amazon.com/dp/B0992VW16R?tag=eloabder-20&linkCode=osi&th=1&psc=1">View Product</a></div><div class="product"><a href="https://www.amazon.com/dp/B0D3J9HHS2?tag=eloabder-20&linkCode=osi&th=1&psc=1"><img src="https://m.media-amazon.com/images/I/51VkOjMAkXL._SL500_.jpg" alt="Product Image"></a><p>Heinz Condiment Packets Variety 100 Pack- 25 Heinz Ketchup Packets, 25 Mayonnaise Packets, 25 Mustard Packets, and 25 Relish Packets. Ketchup Heinz, Mayo Packets.</p><p>$19.99 ($0.20 / Count)</p><a href="https://www.amazon.com/dp/B0D3J9HHS2?tag=eloabder-20&linkCode=osi&th=1&psc=1">View Product</a></div><div class="product"><a href="https://www.amazon.com/dp/B091DCC2CH?tag=eloabder-20&linkCode=osi&th=1&psc=1"><img src="https://m.media-amazon.com/images/I/415Iq4kWRXL._SL500_.jpg" alt="Product Image"></a><p>Hellmann's Real Mayonnaise Squeeze Bottle 3 Count a Rich Creamy Condiment Gluten Free, Made With 100% Cage-Free Eggs 20 oz</p><p>$11.90 ($0.20 / Fl Oz)</p><a href="https://www.amazon.com/dp/B091DCC2CH?tag=eloabder-20&linkCode=osi&th=1&psc=1">View Product</a></div><div class="product"><a href="https://www.amazon.com/dp/B0CMR2DML7?tag=eloabder-20&linkCode=osi&th=1&psc=1"><img src="https://m.media-amazon.com/images/I/61dFhpega1L._SL500_.jpg" alt="Product Image"></a><p>Crait Individual Condiment Packets Variety Pack of 50 Hot Sauce Packets with Mayo Packets, Ketchup Packets and Yellow Mustard Packets Single Serve</p><p>$15.00 ($0.30 / Count)</p><a href="https://www.amazon.com/dp/B0CMR2DML7?tag=eloabder-20&linkCode=osi&th=1&psc=1">View Product</a></div><div class="product"><a href="https://www.amazon.com/dp/B0D3JCR2XS?tag=eloabder-20&linkCode=osi&th=1&psc=1"><img src="https://m.media-amazon.com/images/I/51RtTP7u7aL._SL500_.jpg" alt="Product Image"></a><p>Hot Sauce Variety Pack of 48 Condiment Packets. 4 Each of 12 Flavors. Texas Pete Hot Sauce Packets, Mini Condiments, Mini Hot Sauce, Condiment Packets Variety Pack, Single Serve</p><p>$17.99 ($0.37 / Count)</p><a href="https://www.amazon.com/dp/B0D3JCR2XS?tag=eloabder-20&linkCode=osi&th=1&psc=1">View Product</a></div><div class="product"><a href="https://www.amazon.com/dp/B00XK3IYUW?tag=eloabder-20&linkCode=osi&th=1&psc=1"><img src="https://m.media-amazon.com/images/I/51T9Vgtx+bL._SL500_.jpg" alt="Product Image"></a><p>Heinz Condiment Packets Ketchup and Mustard (100 Total; 50 Each Flavor)</p><p>$13.10 ($0.60 / Ounce)</p><a href="https://www.amazon.com/dp/B00XK3IYUW?tag=eloabder-20&linkCode=osi&th=1&psc=1">View Product</a></div>
<div class="product"><a href="https://www.amazon.com/dp/B09DYZSHJR?tag=eloabder-20&linkCode=osi&th=1&psc=1"><img src="https://m.media-amazon.com/images/I/31fEqU5FfOL._SL500_.jpg" alt="Product Image"></a><p>DaVinci Gourmet Honey Syrup, 25.4 Fluid Ounce (Pack of 1)</p><p>$9.99 ($0.39 / Fl Oz)</p><a href="https://www.amazon.com/dp/B09DYZSHJR?tag=eloabder-20&linkCode=osi&th=1&psc=1">View Product</a></div><div class="product"><a href="https://www.amazon.com/dp/B09GW7TXH3?tag=eloabder-20&linkCode=osi&th=1&psc=1"><img src="https://m.media-amazon.com/images/I/31hUGuR-NsL._SL500_.jpg" alt="Product Image"></a><p>Glorybee, Premium Honey Syrup, Real Honey, No Artifical colors or flavors, 25.4 fl oz</p><p>$10.73 ($0.42 / Fl Oz)</p><a href="https://www.amazon.com/dp/B09GW7TXH3?tag=eloabder-20&linkCode=osi&th=1&psc=1">View Product</a></div><div class="product"><a href="https://www.amazon.com/dp/B07C1138N5?tag=eloabder-20&linkCode=osi&th=1&psc=1"><img src="https://m.media-amazon.com/images/I/31bISVR+FkL._SL500_.jpg" alt="Product Image"></a><p>Monin - Honey Syrup, Smooth Sweet Honey Flavor, Great for Teas, Lemonades, Cocktails, & Coffee, Gluten-Free, Non-GMO (1 Liter)</p><p>$19.13 ($0.57 / Fl Oz)</p><a href="https://www.amazon.com/dp/B07C1138N5?tag=eloabder-20&linkCode=osi&th=1&psc=1">View Product</a></div><div class="product"><a href="https://www.amazon.com/dp/B0D43FMJ8V?tag=eloabder-20&linkCode=osi&th=1&psc=1"><img src="https://m.media-amazon.com/images/I/41P8d3eueDL._SL500_.jpg" alt="Product Image"></a><p>Torani Salted Honey Butter Syrup for Coffee 25.4 Ounces Coffee Syrups and Flavors with Jimoco Pump Syrup Dispenser</p><p>$17.95 ($0.71 / Fl Oz)</p><a href="https://www.amazon.com/dp/B0D43FMJ8V?tag=eloabder-20&linkCode=osi&th=1&psc=1">View Product</a></div><div class="product"><a href="https://www.amazon.com/dp/B00IRRJBRQ?tag=eloabder-20&linkCode=osi&th=1&psc=1"><img src="https://m.media-amazon.com/images/I/31a3OJgvluL._SL500_.jpg" alt="Product Image"></a><p>Torani Honey Sweetener, 25.4 Ounce (Pack of 4)</p><p>$25.47 ($0.25 / Fl Oz)</p><a href="https://www.amazon.com/dp/B00IRRJBRQ?tag=eloabder-20&linkCode=osi&th=1&psc=1">View Product</a></div><div class="product"><a href="https://www.amazon.com/dp/B0BSMPDPZ9?tag=eloabder-20&linkCode=osi&th=1&psc=1"><img src="https://m.media-amazon.com/images/I/41A+L9ilEXL._SL500_.jpg" alt="Product Image"></a><p>Monin - Hot Honey Syrup, Robust Sweet & Spicy Flavors, Great for Lemonades, Teas, Cocktails, Culinary Recipes, & More, No Artificial Sweeteners, Gluten-Free, Non-GMO, Clean Label (1 Liter)</p><p>$17.99 ($0.53 / Fl Oz)</p><a href="https://www.amazon.com/dp/B0BSMPDPZ9?tag=eloabder-20&linkCode=osi&th=1&psc=1">View Product</a></div><div class="product"><a href="https://www.amazon.com/dp/B078YFLF9K?tag=eloabder-20&linkCode=osi&th=1&psc=1"><img src="https://m.media-amazon.com/images/I/41Gx-mwendL._SL500_.jpg" alt="Product Image"></a><p>Tippleman's Ginger Honey Syrup - Craft Cocktail Mixer - All Natural Complex Syrup for Cocktails and Non-Alcoholic Beverages - Margarita, Whiskey Sour, or Sweet Iced Tea - Makes 17 Cocktails</p><p>$24.99 ($1.92 / Fl Oz)</p><a href="https://www.amazon.com/dp/B078YFLF9K?tag=eloabder-20&linkCode=osi&th=1&psc=1">View Product</a></div><div class="product"><a href="https://www.amazon.com/dp/B07CWFJV6C?tag=eloabder-20&linkCode=osi&th=1&psc=1"><img src="https://m.media-amazon.com/images/I/41cmu+ltDxL._SL500_.jpg" alt="Product Image"></a><p>Robitussin Maximum Strength Honey Cough + Chest Congestion DM, Cough Medicine for Cough and Chest Congestion Relief Made with Real Honey- 4 Fl Oz Bottle</p><p>$11.74 ($2.94 / Fl Oz)</p><a href="https://www.amazon.com/dp/B07CWFJV6C?tag=eloabder-20&linkCode=osi&th=1&psc=1">View Product</a></div><div class="product"><a href="https://www.amazon.com/dp/B005S1LP28?tag=eloabder-20&linkCode=osi&th=1&psc=1"><img src="https://m.media-amazon.com/images/I/41DkU4bxBrL._SL500_.jpg" alt="Product Image"></a><p>Monin - Organic Honey Sweetener, Low-Calorie Liquid Sweetener, Sugar Substitute, Coffee Syrup, Made with Organic Honey, Simple Syrup for Cocktails, Iced Tea, & More, Clean Label (1 Liter)</p><p>$26.99 ($0.80 / Fl Oz)</p><a href="https://www.amazon.com/dp/B005S1LP28?tag=eloabder-20&linkCode=osi&th=1&psc=1">View Product</a></div>
<div class="product"><a href="https://www.amazon.com/dp/B0D3FYHWP7?tag=eloabder-20&linkCode=osi&th=1&psc=1"><img src="https://m.media-amazon.com/images/I/41W51dqWhAL._SL500_.jpg" alt="Product Image"></a><p>Blueprint Bryan Johnson Nutty Butter - Macadamia Nuts and Walnuts - Just 3 Ingredients - No Palm Oil - Keto and Low Carb Snack - No Added Sugar, Vegan, Non GMO, Keto and Paleo Friendly (8.8 ounces)</p><p>$11.00 ($1.25 / Ounce)</p><a href="https://www.amazon.com/dp/B0D3FYHWP7?tag=eloabder-20&linkCode=osi&th=1&psc=1">View Product</a></div><div class="product"><a href="https://www.amazon.com/dp/B0B34J7HHD?tag=eloabder-20&linkCode=osi&th=1&psc=1"><img src="https://m.media-amazon.com/images/I/31UpKhqk2QL._SL500_.jpg" alt="Product Image"></a><p>Octonuts Dry Roasted Pure Cashew 16oz Nut Butter 16oz - Pure Creamy Nut Butter - Gluten Free, Vegan, Kosher, Paleo, Non-GMO Nut Butters Single Ingredient</p><p>$11.99 ($0.75 / Ounce)</p><a href="https://www.amazon.com/dp/B0B34J7HHD?tag=eloabder-20&linkCode=osi&th=1&psc=1">View Product</a></div><div class="product"><a href="https://www.amazon.com/dp/B09NP7D465?tag=eloabder-20&linkCode=osi&th=1&psc=1"><img src="https://m.media-amazon.com/images/I/51+XSeELM2L._SL500_.jpg" alt="Product Image"></a><p>Crazy Go Nuts Walnut Butter - Plain w/ Sea Salt - Healthy Snacks, Keto, Vegan, Low Carb, Gluten Free, Superfood - Natural, Non-GMO, ALA, Omega 3 Fatty Acids, Good Fats and Antioxidants - 9.25 oz (1-Pack)</p><p>$10.99 ($1.19 / Ounce)</p><a href="https://www.amazon.com/dp/B09NP7D465?tag=eloabder-20&linkCode=osi&th=1&psc=1">View Product</a></div><div class="product"><a href="https://www.amazon.com/dp/B00KHAG1BK?tag=eloabder-20&linkCode=osi&th=1&psc=1"><img src="https://m.media-amazon.com/images/I/41nZVovN5oL._SL500_.jpg" alt="Product Image"></a><p>JUSTIN'S Classic Gluten-Free Almond Butter Squeeze Packs, 1.15 Ounce (Pack of 10)</p><p>$13.40 ($1.17 / Ounce)</p><a href="https://www.amazon.com/dp/B00KHAG1BK?tag=eloabder-20&linkCode=osi&th=1&psc=1">View Product</a></div><div class="product"><a href="https://www.amazon.com/dp/B01M06S98E?tag=eloabder-20&linkCode=osi&th=1&psc=1"><img src="https://m.media-amazon.com/images/I/41fCsKiYMdL._SL500_.jpg" alt="Product Image"></a><p>Organic Power Fuel Crunchy Nut Butter by NuttZo | 7 Nuts & Seeds Blend, Paleo, Non-GMO, Gluten-Free, Vegan, Kosher | 1g Sugar, 6g Protein | 26oz Jar</p><p>$21.99 ($0.85 / Ounce)</p><a href="https://www.amazon.com/dp/B01M06S98E?tag=eloabder-20&linkCode=osi&th=1&psc=1">View Product</a></div><div class="product"><a href="https://www.amazon.com/dp/B07CGZ2RJQ?tag=eloabder-20&linkCode=osi&th=1&psc=1"><img src="https://m.media-amazon.com/images/I/41eZiTYDVgL._SL500_.jpg" alt="Product Image"></a><p>Vör Pure Macadamia Nut Butter Spread (11oz) | Only One Ingredient</p><p>$18.99 ($1.73 / Ounce)</p><a href="https://www.amazon.com/dp/B07CGZ2RJQ?tag=eloabder-20&linkCode=osi&th=1&psc=1">View Product</a></div><div class="product"><a href="https://www.amazon.com/dp/B00X7W96OO?tag=eloabder-20&linkCode=osi&th=1&psc=1"><img src="https://m.media-amazon.com/images/I/41jU7bL5rFL._SL500_.jpg" alt="Product Image"></a><p>MaraNatha Creamy Roasted Caramel Almond Butter, No Stir, 12 Ounce Jar</p><p>$6.94 ($0.58 / Ounce)</p><a href="https://www.amazon.com/dp/B00X7W96OO?tag=eloabder-20&linkCode=osi&th=1&psc=1">View Product</a></div>
<div class="product"><a href="https://www.amazon.com/dp/B01CUS63OG?tag=eloabder-20&linkCode=osi&th=1&psc=1"><img src="https://m.media-amazon.com/images/I/51o0FJwMj8L._SL500_.jpg" alt="Product Image"></a><p>Anna and Sarah Tropical Dried Fruit Mix 2 Lbs</p><p>$17.99 ($9.00 / lb)</p><a href="https://www.amazon.com/dp/B01CUS63OG?tag=eloabder-20&linkCode=osi&th=1&psc=1">View Product</a></div><div class="product"><a href="https://www.amazon.com/dp/B09LZ7YCF7?tag=eloabder-20&linkCode=osi&th=1&psc=1"><img src="https://m.media-amazon.com/images/I/41XMLNKxlML._SL500_.jpg" alt="Product Image"></a><p>Dried Pineapple Chunks, 1 Pound. Dehydrated Pineapple Chunk, Dehydrated Pineapple Bulk, Dried Pineapple Bits. All Natural, Non-GMO, Lightly Sweetened Dried Pineapples, 16 oz.</p><p>$9.99 ($0.62 / oz)</p><a href="https://www.amazon.com/dp/B09LZ7YCF7?tag=eloabder-20&linkCode=osi&th=1&psc=1">View Product</a></div><div class="product"><a href="https://www.amazon.com/dp/B000M69QRU?tag=eloabder-20&linkCode=osi&th=1&psc=1"><img src="https://m.media-amazon.com/images/I/51EyH2xvyyS._SL500_.jpg" alt="Product Image"></a><p>Ocean Spray Craisins Dried Cranberries, Original, 48 Ounce</p><p>$7.62 ($0.16 / Fl Oz)</p><a href="https://www.amazon.com/dp/B000M69QRU?tag=eloabder-20&linkCode=osi&th=1&psc=1">View Product</a></div><div class="product"><a href="https://www.amazon.com/dp/B09YTMZ1GP?tag=eloabder-20&linkCode=osi&th=1&psc=1"><img src="https://m.media-amazon.com/images/I/51+y56cVq0L._SL500_.jpg" alt="Product Image"></a><p>Oregon Farm Fresh Snacks Dried Fruit Mix – 24oz Healthy Snacks - Fresh and Natural Fruit Trail Mix – Mixed Fruit Snacks for Adults and Kids – Ideal for Breakfast, Cakes, Snacks</p><p>$17.99 ($0.75 / Ounce)</p><a href="https://www.amazon.com/dp/B09YTMZ1GP?tag=eloabder-20&linkCode=osi&th=1&psc=1">View Product</a></div><div class="product"><a href="https://www.amazon.com/dp/B08Z5QXBK1?tag=eloabder-20&linkCode=osi&th=1&psc=1"><img src="https://m.media-amazon.com/images/I/51a0Oclr3nS._SL500_.jpg" alt="Product Image"></a><p>Dried Cherries Tart Cherry, 1lb. Montmorency Tart Cherries, Dried Sour Cherries Fresh, Montmorency Dried Tart Cherries, Dried Cherries, All-Natural Whole Sour Cherry 16 oz.</p><p>$14.28 ($0.89 / oz)</p><a href="https://www.amazon.com/dp/B08Z5QXBK1?tag=eloabder-20&linkCode=osi&th=1&psc=1">View Product</a></div><div class="product"><a href="https://www.amazon.com/dp/B00F34772M?tag=eloabder-20&linkCode=osi&th=1&psc=1"><img src="https://m.media-amazon.com/images/I/51AsgKQIMiL._SL500_.jpg" alt="Product Image"></a><p>A Gift Inside Sweet Bloom Dried Fruit Deluxe Tray Basket Arrangement for Holiday Birthday Healthy Snack Business Kosher</p><p>$33.20</p><a href="https://www.amazon.com/dp/B00F34772M?tag=eloabder-20&linkCode=osi&th=1&psc=1">View Product</a></div><div class="product"><a href="https://www.amazon.com/dp/B01N057EEP?tag=eloabder-20&linkCode=osi&th=1&psc=1"><img src="https://m.media-amazon.com/images/I/51MrelYxkML._SL500_.jpg" alt="Product Image"></a><p>Mavuno Harvest Organic Dried Fruit Variety Pack | Dried Mango, Pineapple, and Jackfruit | Healthy, Vegan, No Sugar Added, Non GMO Snacks for Kids & Adults | 2 Ounce, Pack of 3</p><p>$13.99 ($2.33 / Ounce)</p><a href="https://www.amazon.com/dp/B01N057EEP?tag=eloabder-20&linkCode=osi&th=1&psc=1">View Product</a></div><div class="product"><a href="https://www.amazon.com/dp/B08JWR4M3F?tag=eloabder-20&linkCode=osi&th=1&psc=1"><img src="https://m.media-amazon.com/images/I/41rjnxAN2FL._SL500_.jpg" alt="Product Image"></a><p>Sunrise Fresh Dried Sweet Cherries, Unsweetened, No Sugar Added, Fresh Fruit Flavor, 1 lb Bag</p><p>$14.49 ($0.91 / oz)</p><a href="https://www.amazon.com/dp/B08JWR4M3F?tag=eloabder-20&linkCode=osi&th=1&psc=1">View Product</a></div><div class="product"><a href="https://www.amazon.com/dp/B08YP8NQP4?tag=eloabder-20&linkCode=osi&th=1&psc=1"><img src="https://m.media-amazon.com/images/I/51GM51afRIS._SL500_.jpg" alt="Product Image"></a><p>Whole Dried Blueberries, No Sugar Added, Bulk, Dehydrated, Dried Unsweetened Blueberries, All Natural, Non-GMO, 1 Pound. - 16 oz.</p><p>$17.44 ($1.09 / oz)</p><a href="https://www.amazon.com/dp/B08YP8NQP4?tag=eloabder-20&linkCode=osi&th=1&psc=1">View Product</a></div>
<div class="product"><a href="https://www.amazon.com/dp/B084T1VWP5?tag=eloabder-20&linkCode=osi&th=1&psc=1"><img src="https://m.media-amazon.com/images/I/51o0utHF41L._SL500_.jpg" alt="Product Image"></a><p>Planters Pop & Pour Dry Roasted Sunflower Seeds, (4 - 5.85 oz. Jars)</p><p>$7.96 ($0.34 / Ounce)</p><a href="https://www.amazon.com/dp/B084T1VWP5?tag=eloabder-20&linkCode=osi&th=1&psc=1">View Product</a></div><div class="product"><a href="https://www.amazon.com/dp/B07TZX3KQZ?tag=eloabder-20&linkCode=osi&th=1&psc=1"><img src="https://m.media-amazon.com/images/I/41OvCvu5E9L._SL500_.jpg" alt="Product Image"></a><p>Yupik Organic Super 6 Seeds Mix, 2.2 lb, Non-GMO, Vegan</p><p>$11.99 ($0.34 / Ounce)</p><a href="https://www.amazon.com/dp/B07TZX3KQZ?tag=eloabder-20&linkCode=osi&th=1&psc=1">View Product</a></div><div class="product"><a href="https://www.amazon.com/dp/B07W7ZZJQB?tag=eloabder-20&linkCode=osi&th=1&psc=1"><img src="https://m.media-amazon.com/images/I/51jbKA5l0CL._SL500_.jpg" alt="Product Image"></a><p>Southern Style Nuts Gourmet Hunter Mix, 23 Ounces, Sesame Sticks, Peanuts, Sunflower Kernels, Almonds, Cashews, and Pepitas</p><p>$7.92 ($0.34 / Ounce)</p><a href="https://www.amazon.com/dp/B07W7ZZJQB?tag=eloabder-20&linkCode=osi&th=1&psc=1">View Product</a></div><div class="product"><a href="https://www.amazon.com/dp/B089LJB5F5?tag=eloabder-20&linkCode=osi&th=1&psc=1"><img src="https://m.media-amazon.com/images/I/51kS4PKIyZL._SL500_.jpg" alt="Product Image"></a><p>Fisher Oven Roasted Never Fried Deluxe Mixed Nuts, 24 Ounces (Pack of 1), Almonds, Cashews, Pecans, Pistachios, Snacks for Adults, Made With Sea Salt, No Added Oil, Artificial Ingredients or Preservatives, Trail Mix, Gluten Free</p><p>$17.09 ($0.71 / Ounce)</p><a href="https://www.amazon.com/dp/B089LJB5F5?tag=eloabder-20&linkCode=osi&th=1&psc=1">View Product</a></div><div class="product"><a href="https://www.amazon.com/dp/B077HZW2FX?tag=eloabder-20&linkCode=osi&th=1&psc=1"><img src="https://m.media-amazon.com/images/I/51AQx+2kfEL._SL500_.jpg" alt="Product Image"></a><p>BetterBody Foods Superfood Organic Super Seeds - Blend of Organic Chia Seeds, Milled Flax Seed, Hemp Hearts, Add to Smoothies Shakes & More, 1lb, 16 oz</p><p>$10.66 ($0.67 / Ounce)</p><a href="https://www.amazon.com/dp/B077HZW2FX?tag=eloabder-20&linkCode=osi&th=1&psc=1">View Product</a></div><div class="product"><a href="https://www.amazon.com/dp/B00PPKSZO8?tag=eloabder-20&linkCode=osi&th=1&psc=1"><img src="https://m.media-amazon.com/images/I/41Q7alFU8RL._SL500_.jpg" alt="Product Image"></a><p>PLANTERS Unsalted Mixed Nuts, Cashews, Almonds, Hazelnuts, Pecans, Pistachios no Shell, Party Snacks, Plant-Based Protein, Quick Snack for Adults, After School Snack, Kosher, 2.16lb Container</p><p>$17.26 ($0.50 / Fl Oz)</p><a href="https://www.amazon.com/dp/B00PPKSZO8?tag=eloabder-20&linkCode=osi&th=1&psc=1">View Product</a></div><div class="product"><a href="https://www.amazon.com/dp/B0CHLKJ7JM?tag=eloabder-20&linkCode=osi&th=1&psc=1"><img src="https://m.media-amazon.com/images/I/51sXps1S2KL._SL500_.jpg" alt="Product Image"></a><p>KIND Seeds Fruit & Nuts Snack Bar, Orange Cranberry | 5g Protein, High Fiber, Gluten Free Bars, 1.4 OZ, 12 Count</p><p>$14.96 ($1.25 / Count)</p><a href="https://www.amazon.com/dp/B0CHLKJ7JM?tag=eloabder-20&linkCode=osi&th=1&psc=1">View Product</a></div><div class="product"><a href="https://www.amazon.com/dp/B0CHLD9ZKL?tag=eloabder-20&linkCode=osi&th=1&psc=1"><img src="https://m.media-amazon.com/images/I/51l78v8NL9L._SL500_.jpg" alt="Product Image"></a><p>KIND Seeds Fruit & Nuts Snack Bar, Strawberry Sunflower Seed | 5g Protein, High Fiber, Gluten Free Bars, 1.4 OZ, 12 Count</p><p>$13.58 ($1.13 / Count)</p><a href="https://www.amazon.com/dp/B0CHLD9ZKL?tag=eloabder-20&linkCode=osi&th=1&psc=1">View Product</a></div><div class="product"><a href="https://www.amazon.com/dp/B079WN7C3F?tag=eloabder-20&linkCode=osi&th=1&psc=1"><img src="https://m.media-amazon.com/images/I/41YqpED33FL._SL500_.jpg" alt="Product Image"></a><p>GERBS Raw Super 7 Seed Snack Trail Mix 1 LBS. | Top 14 Food Allergy Free | Resealable Bulk Bag | Made in USA | Raw Pumpkin | Sunflower | Brown & Golden Flax | Black & White Chia | Hemp | Gluten Free</p><p>$14.99 ($0.94 / Ounce)</p><a href="https://www.amazon.com/dp/B079WN7C3F?tag=eloabder-20&linkCode=osi&th=1&psc=1">View Product</a></div><div class="product"><a href="https://www.amazon.com/dp/B00CYK8DOE?tag=eloabder-20&linkCode=osi&th=1&psc=1"><img src="https://m.media-amazon.com/images/I/41hvbaCdz6L._SL500_.jpg" alt="Product Image"></a><p>Oh! Nuts Roasted Salted Pumpkin Seeds | Resealable 2LB Bulk Bag of Unshelled Pepitas | All-Natural Protein Power for Gluten-Free & Vegan Snacking | Fresh & Healthy Keto Snacks</p><p>$18.81 ($0.59 / Ounce)</p><a href="https://www.amazon.com/dp/B00CYK8DOE?tag=eloabder-20&linkCode=osi&th=1&psc=1">View Product</a></div>

<div class="product"><a href="https://www.amazon.com/dp/B08TTFGPS5?tag=eloabder-20&linkCode=osi&th=1&psc=1"><img src="https://m.media-amazon.com/images/I/51LP-kQBLAL._SL500_.jpg" alt="Product Image"></a><p>Pine River Cheese Spreads - Variety Pack 3 8oz. Sharp Cheddar-Garlic & Herb-Swiss (24oz)</p><p>$21.93 ($0.91 / Ounce)</p><a href="https://www.amazon.com/dp/B08TTFGPS5?tag=eloabder-20&linkCode=osi&th=1&psc=1">View Product</a></div><div class="product"><a href="https://www.amazon.com/dp/B09GW71DPQ?tag=eloabder-20&linkCode=osi&th=1&psc=1"><img src="https://m.media-amazon.com/images/I/41BpjCgQpKL._SL500_.jpg" alt="Product Image"></a><p>Port Wine Cheese Spread 8 Ounce (Pack of 4)</p><p>$26.10 ($0.82 / Ounce)</p><a href="https://www.amazon.com/dp/B09GW71DPQ?tag=eloabder-20&linkCode=osi&th=1&psc=1">View Product</a></div><div class="product"><a href="https://www.amazon.com/dp/B006G4NCT0?tag=eloabder-20&linkCode=osi&th=1&psc=1"><img src="https://m.media-amazon.com/images/I/41-Krj0PbcL._SL500_.jpg" alt="Product Image"></a><p>Sharp Cheddar Cheese Spread 8 Ounce (Pack of 4)</p><p>$25.90 ($1.08 / Ounce)</p><a href="https://www.amazon.com/dp/B006G4NCT0?tag=eloabder-20&linkCode=osi&th=1&psc=1">View Product</a></div><div class="product"><a href="https://www.amazon.com/dp/B09SM3L7LN?tag=eloabder-20&linkCode=osi&th=1&psc=1"><img src="https://m.media-amazon.com/images/I/417W7hKPcvL._SL500_.jpg" alt="Product Image"></a><p>Cheese Snack Spread Variety 4 Pack</p><p>$34.00 ($1.06 / Ounce)</p><a href="https://www.amazon.com/dp/B09SM3L7LN?tag=eloabder-20&linkCode=osi&th=1&psc=1">View Product</a></div>
<div class="product"><a href="https://www.amazon.com/dp/B08CNRQ2C6?tag=eloabder-20&linkCode=osi&th=1&psc=1"><img src="https://m.media-amazon.com/images/I/41ps--esahL._SL500_.jpg" alt="Product Image"></a><p>HOIST Premium Military Hydration Electrolyte Drink, Powerful IV-Level Hydration, Clinically Proven Performance Drink, Peach Mango, 16 Fl Oz (Pack of 12)</p><p>$29.99 ($0.16 / Fl Oz)</p><a href="https://www.amazon.com/dp/B08CNRQ2C6?tag=eloabder-20&linkCode=osi&th=1&psc=1">View Product</a></div><div class="product"><a href="https://www.amazon.com/dp/B082BG3XYZ?tag=eloabder-20&linkCode=osi&th=1&psc=1"><img src="https://m.media-amazon.com/images/I/51+XFCzX3zL._SL500_.jpg" alt="Product Image"></a><p>UPTIME – Blueberry Pomegranate - Zero Sugar (12 Pack), Premium Energy Drink, 12oz Bottles, Natural Caffeine, Sparkling, Natural Flavors, 5 Calories…</p><p>$28.99 ($0.20 / Fl Oz)</p><a href="https://www.amazon.com/dp/B082BG3XYZ?tag=eloabder-20&linkCode=osi&th=1&psc=1">View Product</a></div><div class="product"><a href="https://www.amazon.com/dp/B0BSP3R4JX?tag=eloabder-20&linkCode=osi&th=1&psc=1"><img src="https://m.media-amazon.com/images/I/41TvMVYbcjL._SL500_.jpg" alt="Product Image"></a><p>Barcode Premium Hydration Drink - No Added Sugars, Variety Pack (12 Pack) - Plant-Based Beverage - Adaptogen Drink with Electrolytes for Immunity & Performance</p><p>$29.88 ($0.15 / Fl Oz)</p><a href="https://www.amazon.com/dp/B0BSP3R4JX?tag=eloabder-20&linkCode=osi&th=1&psc=1">View Product</a></div><div class="product"><a href="https://www.amazon.com/dp/B0CYL4CCKM?tag=eloabder-20&linkCode=osi&th=1&psc=1"><img src="https://m.media-amazon.com/images/I/514q0PPV9+L._SL500_.jpg" alt="Product Image"></a><p>ProBaller Ultra Premium Energy Drink - Wild Berry ZERO</p><p>$35.99 ($0.20 / Fl Oz)</p><a href="https://www.amazon.com/dp/B0CYL4CCKM?tag=eloabder-20&linkCode=osi&th=1&psc=1">View Product</a></div><div class="product"><a href="https://www.amazon.com/dp/B0D2BKB2J3?tag=eloabder-20&linkCode=osi&th=1&psc=1"><img src="https://m.media-amazon.com/images/I/41MbnJUx3LL._SL500_.jpg" alt="Product Image"></a><p>ProBaller Ultra Premium Energy Drink - Sugar Free</p><p>$35.99 ($0.20 / Fl Oz)</p><a href="https://www.amazon.com/dp/B0D2BKB2J3?tag=eloabder-20&linkCode=osi&th=1&psc=1">View Product</a></div><div class="product"><a href="https://www.amazon.com/dp/B0CYJXMRKS?tag=eloabder-20&linkCode=osi&th=1&psc=1"><img src="https://m.media-amazon.com/images/I/41gt6X6dVdL._SL500_.jpg" alt="Product Image"></a><p>Joggy Clean Energy Drink - 4-Pack Tart Cherry & Hibiscus - 150mg Organic Guayusa Caffeine - Zero Added Sugar, Vegan, Plant-Based, Natural Healthy Boost, Premium Beverage</p><p>$13.99 ($0.44 / Fl Oz)</p><a href="https://www.amazon.com/dp/B0CYJXMRKS?tag=eloabder-20&linkCode=osi&th=1&psc=1">View Product</a></div><div class="product"><a href="https://www.amazon.com/dp/B081QCCN21?tag=eloabder-20&linkCode=osi&th=1&psc=1"><img src="https://m.media-amazon.com/images/I/61k-oHxeO2L._SL500_.jpg" alt="Product Image"></a><p>Hawaiian Sun Premium Tropical Juice Drink Party Bundle of 10 Assorted Flavors (24 Cans Total)</p><p>$44.95 ($0.16 / Fl Oz )</p><a href="https://www.amazon.com/dp/B081QCCN21?tag=eloabder-20&linkCode=osi&th=1&psc=1">View Product</a></div><div class="product"><a href="https://www.amazon.com/dp/B0CCHW3Q8Q?tag=eloabder-20&linkCode=osi&th=1&psc=1"><img src="https://m.media-amazon.com/images/I/414+SPv3c5L._SL500_.jpg" alt="Product Image"></a><p>Camp Craft Cocktail Mix - Flo'rita | Premium Drink Mixer Infusion Kit with Dehydrated Fruit, Herbs and Vegan Sugar | 16 oz Glass Jar Mixer for Cocktails, Margaritas, and Mocktails - Serves 8</p><p>$25.00 ($1.56 / Fl Oz)</p><a href="https://www.amazon.com/dp/B0CCHW3Q8Q?tag=eloabder-20&linkCode=osi&th=1&psc=1">View Product</a></div><div class="product"><a href="https://www.amazon.com/dp/B0CVQN2NBB?tag=eloabder-20&linkCode=osi&th=1&psc=1"><img src="https://m.media-amazon.com/images/I/51bpS7Tlj2L._SL500_.jpg" alt="Product Image"></a><p>Starbucks Cold Brew Coffee, Vanilla Sweet Cream, 11 fl oz Cans (12 Pack), Premium Coffee Drink, Iced Coffee</p><p>$39.39 ($0.30 / Fl Oz)</p><a href="https://www.amazon.com/dp/B0CVQN2NBB?tag=eloabder-20&linkCode=osi&th=1&psc=1">View Product</a></div>
<div class="product"><a href="https://www.amazon.com/dp/B08PW3LK4T?tag=eloabder-20&linkCode=osi&th=1&psc=1"><img src="https://m.media-amazon.com/images/I/41TLoWBkNWL._SL500_.jpg" alt="Product Image"></a><p>Classic Ginger Beer, Regatta Craft Mixers, All-Natural Ingredients, Non-GMO, 7.5oz, Case of 24 Sleek Cans</p><p>$29.98 ($0.17 / Fl Oz)</p><a href="https://www.amazon.com/dp/B08PW3LK4T?tag=eloabder-20&linkCode=osi&th=1&psc=1">View Product</a></div><div class="product"><a href="https://www.amazon.com/dp/B08KTP2999?tag=eloabder-20&linkCode=osi&th=1&psc=1"><img src="https://m.media-amazon.com/images/I/41tC0pFgGtL._SL500_.jpg" alt="Product Image"></a><p>ABC Crafted Series Beer Making Kit | Beer Making Ingredients for Home Brewing | Yields 6 Gallons of Beer | Brown Ale</p><p>$25.00</p><a href="https://www.amazon.com/dp/B08KTP2999?tag=eloabder-20&linkCode=osi&th=1&psc=1">View Product</a></div><div class="product"><a href="https://www.amazon.com/dp/B01KSD9JKU?tag=eloabder-20&linkCode=osi&th=1&psc=1"><img src="https://m.media-amazon.com/images/I/517aGsVY9qL._SL500_.jpg" alt="Product Image"></a><p>Beer-infused Hot Sauce Variety 3-pack (Includes Asian Sriracha, Garlic Serrano, & Roasty Chipotle) - Craft Beer Gift, Hot Sauce Gift Set, Beer Sauce, BBQ Sauce, Beer Lover, Grill + Man Cave</p><p>$27.99 ($1.87 / Fl Oz)</p><a href="https://www.amazon.com/dp/B01KSD9JKU?tag=eloabder-20&linkCode=osi&th=1&psc=1">View Product</a></div><div class="product"><a href="https://www.amazon.com/dp/B0C9KKG6C6?tag=eloabder-20&linkCode=osi&th=1&psc=1"><img src="https://m.media-amazon.com/images/I/41Rxjjlu5+L._SL500_.jpg" alt="Product Image"></a><p>Plochman, Craft Beer Mustard (Brickstone), 11 oz, Blended Mustard</p><p>$6.99 ($0.64 / Ounce)</p><a href="https://www.amazon.com/dp/B0C9KKG6C6?tag=eloabder-20&linkCode=osi&th=1&psc=1">View Product</a></div><div class="product"><a href="https://www.amazon.com/dp/B01692UXRW?tag=eloabder-20&linkCode=osi&th=1&psc=1"><img src="https://m.media-amazon.com/images/I/51qUU-Fjx5L._SL500_.jpg" alt="Product Image"></a><p>BREW CANDY | Hoppy IPA + Roasty Stout + Honey Ale | Great Craft Beer Gift for Beer Drinkers and Candy Lovers | Perfect for the Man Cave, Brewery, Office, or Home | MADE IN USA</p><p>$9.99 ($2.50 / Ounce)</p><a href="https://www.amazon.com/dp/B01692UXRW?tag=eloabder-20&linkCode=osi&th=1&psc=1">View Product</a></div><div class="product"><a href="https://www.amazon.com/dp/B07L1M2P57?tag=eloabder-20&linkCode=osi&th=1&psc=1"><img src="https://m.media-amazon.com/images/I/415wGhwZDvL._SL500_.jpg" alt="Product Image"></a><p>Unique Snacks Sourdough Craft Beer Pretzel Rings, Delicious Homestyle Baked Snack Bag, Vegan, OU Kosher, and Non-GMO Food, No Artificial Flavor, 11 Oz. Bag, Pack of 6</p><p>$24.99 ($0.38 / Ounce)</p><a href="https://www.amazon.com/dp/B07L1M2P57?tag=eloabder-20&linkCode=osi&th=1&psc=1">View Product</a></div>
<div class="product"><a href="https://www.amazon.com/dp/B0CD79R3QZ?tag=eloabder-20&linkCode=osi&th=1&psc=1"><img src="https://m.media-amazon.com/images/I/21X3VVYgpXL._SL500_.jpg" alt="Product Image"></a><p>French Bloom Le Blanc Alcohol-Free Sparkling Wine, 750ml - Certified Organic, Vegan, Halal, Low Calorie, Sulfite Free - Made with Fine Organic Wine, No Preservatives or Added Sugar</p><p>$41.00 ($1.61 / Fl Oz)</p><a href="https://www.amazon.com/dp/B0CD79R3QZ?tag=eloabder-20&linkCode=osi&th=1&psc=1">View Product</a></div><div class="product"><a href="https://www.amazon.com/dp/B0D6HWD369?tag=eloabder-20&linkCode=osi&th=1&psc=1"><img src="https://m.media-amazon.com/images/I/31U1YybAm5L._SL500_.jpg" alt="Product Image"></a><p>Saint Viviana Non-Alcoholic Sauvignon Blanc, Crisp Dry White Wine with Fresh Fruit Flavor & Floral Notes, Made in Washington State, 24.6 Fl Oz Bottle</p><p>$22.99 ($0.93 / Fl Oz)</p><a href="https://www.amazon.com/dp/B0D6HWD369?tag=eloabder-20&linkCode=osi&th=1&psc=1">View Product</a></div><div class="product"><a href="https://www.amazon.com/dp/B0D244C3VJ?tag=eloabder-20&linkCode=osi&th=1&psc=1"><img src="https://m.media-amazon.com/images/I/416UnLmeDPL._SL500_.jpg" alt="Product Image"></a><p>Monari Marsala Fine Wine PDO Glaze| 9 Ounce, Pack of 6</p><p>$37.99 ($6.33 / Count)</p><a href="https://www.amazon.com/dp/B0D244C3VJ?tag=eloabder-20&linkCode=osi&th=1&psc=1">View Product</a></div><div class="product"><a href="https://www.amazon.com/dp/B0054KSA5I?tag=eloabder-20&linkCode=osi&th=1&psc=1"><img src="https://m.media-amazon.com/images/I/41Dk7Gmm5xL._SL500_.jpg" alt="Product Image"></a><p>Regina Fine Red Wine Vinegar, 12 Fl Oz</p><p>$12.94 ($1.08 / Fl Oz)</p><a href="https://www.amazon.com/dp/B0054KSA5I?tag=eloabder-20&linkCode=osi&th=1&psc=1">View Product</a></div><div class="product"><a href="https://www.amazon.com/dp/B0CC6JY2CM?tag=eloabder-20&linkCode=osi&th=1&psc=1"><img src="https://m.media-amazon.com/images/I/31FVY0Kg2cL._SL500_.jpg" alt="Product Image"></a><p>ST. REGIS Cabernet Sauvignon 25.4 Fl Oz (1 Pack) - Low Calorie and Sugar - Fruity & Spicy Rich Flavor from North of Spain Vineyards</p><p>$17.95 ($0.71 / Fl Oz)</p><a href="https://www.amazon.com/dp/B0CC6JY2CM?tag=eloabder-20&linkCode=osi&th=1&psc=1">View Product</a></div><div class="product"><a href="https://www.amazon.com/dp/B0CLYLY93H?tag=eloabder-20&linkCode=osi&th=1&psc=1"><img src="https://m.media-amazon.com/images/I/31cSVgLe1sL._SL500_.jpg" alt="Product Image"></a><p>Chateau del ISH Sparkling Rosé | Award-Winning Non-Alcoholic Sparkling Wine | De-Alcoholized Blend of Merlot & Pinot Noir Grapes | Only 9 grams of Sugar | 45 Calories per Serving | 750 ml Bottle</p><p>$23.99 ($0.94 / Fl Oz)</p><a href="https://www.amazon.com/dp/B0CLYLY93H?tag=eloabder-20&linkCode=osi&th=1&psc=1">View Product</a></div><div class="product"><a href="https://www.amazon.com/dp/B00075WK10?tag=eloabder-20&linkCode=osi&th=1&psc=1"><img src="https://m.media-amazon.com/images/I/41wn5BC9e3L._SL500_.jpg" alt="Product Image"></a><p>Mantova Italian White Wine Vinegar 17 oz (Pack of 2). Made with traditional methods and aged in fine wood casks, it retains the flavor of the wine, accented by the crisp character of the vinegar.</p><p>$12.97 ($7.21 / Fl Oz)</p><a href="https://www.amazon.com/dp/B00075WK10?tag=eloabder-20&linkCode=osi&th=1&psc=1">View Product</a></div><div class="product"><a href="https://www.amazon.com/dp/B0B6Y4LGT8?tag=eloabder-20&linkCode=osi&th=1&psc=1"><img src="https://m.media-amazon.com/images/I/31DYvJX17cL._SL500_.jpg" alt="Product Image"></a><p>Wander + Found Non-Alcoholic Wine, Pinot Noir, Award Winning Red Wine from Germany, Non-GMO Dealcoholized Wine, 750 ml (1 Bottle)</p><p>$25.99 ($1.02 / Fl Oz)</p><a href="https://www.amazon.com/dp/B0B6Y4LGT8?tag=eloabder-20&linkCode=osi&th=1&psc=1">View Product</a></div><div class="product"><a href="https://www.amazon.com/dp/B08FBLJFL3?tag=eloabder-20&linkCode=osi&th=1&psc=1"><img src="https://m.media-amazon.com/images/I/31xcotQJiQL._SL500_.jpg" alt="Product Image"></a><p>Lussory Organic Merlot Dealcoholized 0.0% Non-Alcoholic Red From Spain, Low Calories, Organic, Vegan (750ml, 1 Bottle)</p><p>$27.99 ($1.10 / Fl Oz)</p><a href="https://www.amazon.com/dp/B08FBLJFL3?tag=eloabder-20&linkCode=osi&th=1&psc=1">View Product</a></div>
<div class="product"><a href="https://www.amazon.com/dp/B08RD41V4Y?tag=eloabder-20&linkCode=osi&th=1&psc=1"><img src="https://m.media-amazon.com/images/I/41Ctrzm6OdL._SL500_.jpg" alt="Product Image"></a><p>Pure Organic Layered Fruit Bars Variety Pack 28 count (Pack of 1).</p><p>$13.99 ($0.40 / Ounce)</p><a href="https://www.amazon.com/dp/B08RD41V4Y?tag=eloabder-20&linkCode=osi&th=1&psc=1">View Product</a></div><div class="product"><a href="https://www.amazon.com/dp/B06X6JR48M?tag=eloabder-20&linkCode=osi&th=1&psc=1"><img src="https://m.media-amazon.com/images/I/51QhYDgoJFL._SL500_.jpg" alt="Product Image"></a><p>Nature's Garden Organic Trail Mix Snack Packs, Multi Pack 1.2 oz - Pack of 24 (Total 28.8 oz)</p><p>$14.89 ($0.52 / Ounce)</p><a href="https://www.amazon.com/dp/B06X6JR48M?tag=eloabder-20&linkCode=osi&th=1&psc=1">View Product</a></div><div class="product"><a href="https://www.amazon.com/dp/B0BQTL31PR?tag=eloabder-20&linkCode=osi&th=1&psc=1"><img src="https://m.media-amazon.com/images/I/512GxWL1ejL._SL500_.jpg" alt="Product Image"></a><p>Annie's Organic Birthday Cake Bunny Grahams and Cheddar Bunnies Snack Pack 36 Count, 36 oz</p><p>$16.99 ($0.47 / Ounce)</p><a href="https://www.amazon.com/dp/B0BQTL31PR?tag=eloabder-20&linkCode=osi&th=1&psc=1">View Product</a></div><div class="product"><a href="https://www.amazon.com/dp/B0C17SW6V1?tag=eloabder-20&linkCode=osi&th=1&psc=1"><img src="https://m.media-amazon.com/images/I/51JwHhUMp-L._SL500_.jpg" alt="Product Image"></a><p>Annie's Organic Bunny Fruit Snacks, Variety Pack, Gluten Free, 22 ct, 15.4 oz</p><p>$9.98 ($0.45 / Count)</p><a href="https://www.amazon.com/dp/B0C17SW6V1?tag=eloabder-20&linkCode=osi&th=1&psc=1">View Product</a></div><div class="product"><a href="https://www.amazon.com/dp/B079LY41VY?tag=eloabder-20&linkCode=osi&th=1&psc=1"><img src="https://m.media-amazon.com/images/I/51hNBmR-vOL._SL500_.jpg" alt="Product Image"></a><p>MadeGood Healthy Snacks Variety Pack (40 Count) Organic Assortment of Granola Bars, Granola Mini and Crispy Squares; Individually Wrapped Snacks</p><p>$29.99</p><a href="https://www.amazon.com/dp/B079LY41VY?tag=eloabder-20&linkCode=osi&th=1&psc=1">View Product</a></div><div class="product"><a href="https://www.amazon.com/dp/B0B88WYZVC?tag=eloabder-20&linkCode=osi&th=1&psc=1"><img src="https://m.media-amazon.com/images/I/41jnzaqqPlL._SL500_.jpg" alt="Product Image"></a><p>YumEarth Organic Fruit Snacks Box, 0.7 Ounce (Pack of 10)</p><p>$6.49 ($0.93 / Ounce)</p><a href="https://www.amazon.com/dp/B0B88WYZVC?tag=eloabder-20&linkCode=osi&th=1&psc=1">View Product</a></div><div class="product"><a href="https://www.amazon.com/dp/B087HBLXSM?tag=eloabder-20&linkCode=osi&th=1&psc=1"><img src="https://m.media-amazon.com/images/I/4103I3BvCSL._SL500_.jpg" alt="Product Image"></a><p>Tropical Fields Organic Crispy Coconut Rolls, 11 Oz</p><p>$9.94 ($0.90 / Ounce)</p><a href="https://www.amazon.com/dp/B087HBLXSM?tag=eloabder-20&linkCode=osi&th=1&psc=1">View Product</a></div><div class="product"><a href="https://www.amazon.com/dp/B08L4XZBS1?tag=eloabder-20&linkCode=osi&th=1&psc=1"><img src="https://m.media-amazon.com/images/I/51IN3a2zpZL._SL500_.jpg" alt="Product Image"></a><p>Annie's Organic Fruit Peel-A-Parts Fruit Snacks, Strawberry and Fruit Punch, 12 packs, 6.7 oz.</p><p>$9.99 ($0.83 / Count)</p><a href="https://www.amazon.com/dp/B08L4XZBS1?tag=eloabder-20&linkCode=osi&th=1&psc=1">View Product</a></div><div class="product"><a href="https://www.amazon.com/dp/B088PRVMXL?tag=eloabder-20&linkCode=osi&th=1&psc=1"><img src="https://m.media-amazon.com/images/I/51Lye-KMCNL._SL500_.jpg" alt="Product Image"></a><p>Gimme Seaweed - Sea Salt & Avocado Oil - 20 Count - Organic Roasted Seaweed Sheets - Keto, Vegan, Gluten Free - Great Source of Iodine & Omega 3’s - Healthy On-The-Go Snack for Kids & Adults</p><p>$14.43 ($4.51 / Ounce)</p><a href="https://www.amazon.com/dp/B088PRVMXL?tag=eloabder-20&linkCode=osi&th=1&psc=1">View Product</a></div><div class="product"><a href="https://www.amazon.com/dp/B0792LF5DZ?tag=eloabder-20&linkCode=osi&th=1&psc=1"><img src="https://m.media-amazon.com/images/I/51Ogpal4rKL._SL500_.jpg" alt="Product Image"></a><p>Simply, Variety Pack Snacks, 0.875 Ounce (Pack of 36)</p><p>$22.43 ($0.71 / Ounce)</p><a href="https://www.amazon.com/dp/B0792LF5DZ?tag=eloabder-20&linkCode=osi&th=1&psc=1">View Product</a></div>
<div class="product"><a href="https://www.amazon.com/dp/B07D83162X?tag=eloabder-20&linkCode=osi&th=1&psc=1"><img src="https://m.media-amazon.com/images/I/515OpZM7eUL._SL500_.jpg" alt="Product Image"></a><p>CLIF BAR - Energy Bars - Variety Pack - Made with Organic Oats - 9-11g Protein - Non-GMO - Plant Based - 2.4 oz. (16 Count)</p><p>$25.98 ($0.68 / Ounce)</p><a href="https://www.amazon.com/dp/B07D83162X?tag=eloabder-20&linkCode=osi&th=1&psc=1">View Product</a></div><div class="product"><a href="https://www.amazon.com/dp/B0CXQ6QP2B?tag=eloabder-20&linkCode=osi&th=1&psc=1"><img src="https://m.media-amazon.com/images/I/41zGg7iGu+L._SL500_.jpg" alt="Product Image"></a><p>CLIF BAR - Crunchy Peanut Butter - Made with Organic Oats - 11g Protein - Non-GMO - Plant Based - Energy Bars - 2.4 oz. (15 Pack)</p><p>$17.24 ($0.48 / Ounce)</p><a href="https://www.amazon.com/dp/B0CXQ6QP2B?tag=eloabder-20&linkCode=osi&th=1&psc=1">View Product</a></div><div class="product"><a href="https://www.amazon.com/dp/B00GJ82VK4?tag=eloabder-20&linkCode=osi&th=1&psc=1"><img src="https://m.media-amazon.com/images/I/51j2KOV9-+L._SL500_.jpg" alt="Product Image"></a><p>Pure Protein Bars, High Protein, Nutritious Snacks to Support Energy, Low Sugar, Gluten Free, Chocolate Peanut Butter, 1.76oz, 12 Count (Packaging May Vary)</p><p>$15.55 ($0.73 / Ounce)</p><a href="https://www.amazon.com/dp/B00GJ82VK4?tag=eloabder-20&linkCode=osi&th=1&psc=1">View Product</a></div><div class="product"><a href="https://www.amazon.com/dp/B084R2FJVV?tag=eloabder-20&linkCode=osi&th=1&psc=1"><img src="https://m.media-amazon.com/images/I/51mGjMQ-PjL._SL500_.jpg" alt="Product Image"></a><p>KIND Energy Bars, Chocolate Chunk, Healthy Snacks, Gluten Free, 30 Count</p><p>$35.45 ($0.56 / Ounce)</p><a href="https://www.amazon.com/dp/B084R2FJVV?tag=eloabder-20&linkCode=osi&th=1&psc=1">View Product</a></div><div class="product"><a href="https://www.amazon.com/dp/B0BHMRSNWX?tag=eloabder-20&linkCode=osi&th=1&psc=1"><img src="https://m.media-amazon.com/images/I/51mha5Z8vAL._SL500_.jpg" alt="Product Image"></a><p>Verb Energy - Variety Pack Caffeinated Snack Bars - 110-Calorie Low Sugar Energy Bar - Nutrition Bars - Vegan Snacks - Gluten Free Breakfast Bars with Organic Green Tea, 26g (Pack of 16)</p><p>$28.95 ($1.97 / Ounce)</p><a href="https://www.amazon.com/dp/B0BHMRSNWX?tag=eloabder-20&linkCode=osi&th=1&psc=1">View Product</a></div><div class="product"><a href="https://www.amazon.com/dp/B08939X5HL?tag=eloabder-20&linkCode=osi&th=1&psc=1"><img src="https://m.media-amazon.com/images/I/51RKwNvJZiL._SL500_.jpg" alt="Product Image"></a><p>Nature Valley Chewy Fruit and Nut Granola Bars, Trail Mix, 1.2 oz, 15 ct</p><p>$6.24 ($0.35 / Ounce)</p><a href="https://www.amazon.com/dp/B08939X5HL?tag=eloabder-20&linkCode=osi&th=1&psc=1">View Product</a></div><div class="product"><a href="https://www.amazon.com/dp/B004XEDS5I?tag=eloabder-20&linkCode=osi&th=1&psc=1"><img src="https://m.media-amazon.com/images/I/51dc89OLXjL._SL500_.jpg" alt="Product Image"></a><p>CLIF BAR - Chocolate Chip - Made with Organic Oats - Non-GMO - Plant Based - Energy Bars - 2.4 oz. (12 Pack)</p><p>$15.17 ($0.53 / Ounce)</p><a href="https://www.amazon.com/dp/B004XEDS5I?tag=eloabder-20&linkCode=osi&th=1&psc=1">View Product</a></div><div class="product"><a href="https://www.amazon.com/dp/B07HHK51J9?tag=eloabder-20&linkCode=osi&th=1&psc=1"><img src="https://m.media-amazon.com/images/I/41h0pofx49L._SL500_.jpg" alt="Product Image"></a><p>Quantum Energy Square: Energy Bar with Caffeine & 10g Protein. Delicious Healthy Snack On The Go. (Vegan, Gluten-free, Soy-free, Dairy-free). Flavor: Variety 8Pk</p><p>$19.95 ($1.48 / Ounce)</p><a href="https://www.amazon.com/dp/B07HHK51J9?tag=eloabder-20&linkCode=osi&th=1&psc=1">View Product</a></div><div class="product"><a href="https://www.amazon.com/dp/B0BY3NL6N3?tag=eloabder-20&linkCode=osi&th=1&psc=1"><img src="https://m.media-amazon.com/images/I/61a84haNQXL._SL500_.jpg" alt="Product Image"></a><p>Atkins Soft Baked Energy Bars, Blueberry, 15g Protein,2g Sugar, Excellent Source of Fiber, Low Carb, 4 Packs (5 Bars Each)</p><p>$40.00 ($2.00 / Count)</p><a href="https://www.amazon.com/dp/B0BY3NL6N3?tag=eloabder-20&linkCode=osi&th=1&psc=1">View Product</a></div><div class="product"><a href="https://www.amazon.com/dp/B0767X1YGZ?tag=eloabder-20&linkCode=osi&th=1&psc=1"><img src="https://m.media-amazon.com/images/I/41wLM+HSd7L._SL500_.jpg" alt="Product Image"></a><p>SKRATCH LABS Energy Bar | Cherry + Pistachio (12 pack) | Plant Based Healthy Snack | Low Sugar - 5g Protein | non-gmo, gluten free, soy free, vegan, kosher</p><p>$29.95 ($1.41 / Ounce)</p><a href="https://www.amazon.com/dp/B0767X1YGZ?tag=eloabder-20&linkCode=osi&th=1&psc=1">View Product</a></div>
<div class="product"><a href="https://www.amazon.com/dp/B00819SSGK?tag=eloabder-20&linkCode=osi&th=1&psc=1"><img src="https://m.media-amazon.com/images/I/51OoPlQlUFL._SL500_.jpg" alt="Product Image"></a><p>Orville Redenbacher's Original Gourmet Popping Corn Kernels, 8 lb.</p><p>$13.28 ($0.10 / Ounce)</p><a href="https://www.amazon.com/dp/B00819SSGK?tag=eloabder-20&linkCode=osi&th=1&psc=1">View Product</a></div><div class="product"><a href="https://www.amazon.com/dp/B0C8QMKF7K?tag=eloabder-20&linkCode=osi&th=1&psc=1"><img src="https://m.media-amazon.com/images/I/41Q1zRw163L._SL500_.jpg" alt="Product Image"></a><p>Extra Buttery Caramel Gourmet Popcorn | 6 Cups Total | Made From Scratch, Made in USA, & GMO-Free | Great as a Snack, Gift, Thank You, & Movie Night - (10.8oz Total)</p><p>$8.99 ($0.83 / Ounce)</p><a href="https://www.amazon.com/dp/B0C8QMKF7K?tag=eloabder-20&linkCode=osi&th=1&psc=1">View Product</a></div><div class="product"><a href="https://www.amazon.com/dp/B0CKLW62T5?tag=eloabder-20&linkCode=osi&th=1&psc=1"><img src="https://m.media-amazon.com/images/I/51UzqTDjfaL._SL500_.jpg" alt="Product Image"></a><p>Garrett Popcorn Garrett Mix, 6.0oz, 4 Bags, Cheese and Caramel Gourmet Popcorn, Gluten Free, Sweet and Salty Snack, Popped Popcorn Bags</p><p>$24.95 ($1.04 / Ounce)</p><a href="https://www.amazon.com/dp/B0CKLW62T5?tag=eloabder-20&linkCode=osi&th=1&psc=1">View Product</a></div><div class="product"><a href="https://www.amazon.com/dp/B07JN5467R?tag=eloabder-20&linkCode=osi&th=1&psc=1"><img src="https://m.media-amazon.com/images/I/51vsJLZ79WL._SL500_.jpg" alt="Product Image"></a><p>Urban Accents MOVIE NIGHT Popcorn Kernels and Popcorn Seasoning Variety Pack (set of 8) - 3 Non-GMO Popcorn Kernel Packs and 5 Gourmet Popcorn Snack Seasoning</p><p>$22.00 ($1.01 / Ounce)</p><a href="https://www.amazon.com/dp/B07JN5467R?tag=eloabder-20&linkCode=osi&th=1&psc=1">View Product</a></div><div class="product"><a href="https://www.amazon.com/dp/B0C9592XTW?tag=eloabder-20&linkCode=osi&th=1&psc=1"><img src="https://m.media-amazon.com/images/I/41DvOymNLML._SL500_.jpg" alt="Product Image"></a><p>Funky Chunky Gourmet Popcorn, Chocolatey Popcorn, Pretzel, and Nutty Mixes, Peanut Butter Cup Popcorn, 19-Ounce Large Bag (Pack of 1)</p><p>$15.00 ($0.79 / Ounce)</p><a href="https://www.amazon.com/dp/B0C9592XTW?tag=eloabder-20&linkCode=osi&th=1&psc=1">View Product</a></div><div class="product"><a href="https://www.amazon.com/dp/B0D3FH1GW4?tag=eloabder-20&linkCode=osi&th=1&psc=1"><img src="https://m.media-amazon.com/images/I/51hBtOn2I4L._SL500_.jpg" alt="Product Image"></a><p>Garrett Popcorn Garrett Mix, 1.9oz, 12 Bags, Cheese and Caramel Gourmet Popcorn, Gluten Free, Sweet and Salty Snack Bags, Popped Popcorn Bags, Multipack</p><p>$29.95 ($1.31 / Ounce)</p><a href="https://www.amazon.com/dp/B0D3FH1GW4?tag=eloabder-20&linkCode=osi&th=1&psc=1">View Product</a></div><div class="product"><a href="https://www.amazon.com/dp/B00Q0PWE7Q?tag=eloabder-20&linkCode=osi&th=1&psc=1"><img src="https://m.media-amazon.com/images/I/51jM1d0eF8L._SL500_.jpg" alt="Product Image"></a><p>Popcornopolis Gourmet Caramel Corn Popcorn, Popped Popcorn Snack Bags 9.5 Oz</p><p>$8.99 ($0.95 / Ounce)</p><a href="https://www.amazon.com/dp/B00Q0PWE7Q?tag=eloabder-20&linkCode=osi&th=1&psc=1">View Product</a></div><div class="product"><a href="https://www.amazon.com/dp/B00D2H6LOW?tag=eloabder-20&linkCode=osi&th=1&psc=1"><img src="https://m.media-amazon.com/images/I/41iePRgsY5L._SL500_.jpg" alt="Product Image"></a><p>Thatcher's Gourmet Specialties Fruit Medley, 8 Oz (Pack of 1)</p><p>$6.25 ($0.78 / Ounce)</p><a href="https://www.amazon.com/dp/B00D2H6LOW?tag=eloabder-20&linkCode=osi&th=1&psc=1">View Product</a></div>
<div class="product"><a href="https://www.amazon.com/dp/B07ZXN7LPC?tag=eloabder-20&linkCode=osi&th=1&psc=1"><img src="https://m.media-amazon.com/images/I/51YkD3V1JyL._SL500_.jpg" alt="Product Image"></a><p>Mantova Organic Italian Specialty Pasta, Caserecce (2 packs of 1 lb. each) - Artisan Pasta, Non-GMO, Vegan, Kosher Certified, and Imported From Italy, Premium Quality</p><p>$12.99 ($0.41 / Ounce)</p><a href="https://www.amazon.com/dp/B07ZXN7LPC?tag=eloabder-20&linkCode=osi&th=1&psc=1">View Product</a></div><div class="product"><a href="https://www.amazon.com/dp/B01F2Z8ZOU?tag=eloabder-20&linkCode=osi&th=1&psc=1"><img src="https://m.media-amazon.com/images/I/51MK8iWLCgL._SL500_.jpg" alt="Product Image"></a><p>Mantova Organic Italian Specialty Pasta, Lumaconi, 1 lb (Pack of 2)</p><p>$13.99 ($0.87 / Ounce)</p><a href="https://www.amazon.com/dp/B01F2Z8ZOU?tag=eloabder-20&linkCode=osi&th=1&psc=1">View Product</a></div><div class="product"><a href="https://www.amazon.com/dp/B004N5HA6A?tag=eloabder-20&linkCode=osi&th=1&psc=1"><img src="https://m.media-amazon.com/images/I/517oR0RhHgL._SL500_.jpg" alt="Product Image"></a><p>Morelli Gourmet Pasta Italian Gift Basket From Italy - Tricolor Pasta Linguine Set - Red Chili, Garlic & Basil, and Lemon Pasta - Tricolored Organic Pasta from Italy, Made in Italy (3x 8.8 Ounce)</p><p>$31.99 ($1.21 / Ounce)</p><a href="https://www.amazon.com/dp/B004N5HA6A?tag=eloabder-20&linkCode=osi&th=1&psc=1">View Product</a></div><div class="product"><a href="https://www.amazon.com/dp/B00I8R5HSW?tag=eloabder-20&linkCode=osi&th=1&psc=1"><img src="https://m.media-amazon.com/images/I/41miThBoNtL._SL500_.jpg" alt="Product Image"></a><p>Mafaldine Italian Pasta di Gragnano | I.G.P. Protected | USDA Certified Organic | 17.6 Ounce | 500 Gram</p><p>$12.95 ($0.73 / Ounce)</p><a href="https://www.amazon.com/dp/B00I8R5HSW?tag=eloabder-20&linkCode=osi&th=1&psc=1">View Product</a></div><div class="product"><a href="https://www.amazon.com/dp/B0B1469JM5?tag=eloabder-20&linkCode=osi&th=1&psc=1"><img src="https://m.media-amazon.com/images/I/51spzGwiJ9L._SL500_.jpg" alt="Product Image"></a><p>Morelli Busiate, Pici, and Bucatini Organic Pasta Variety Pack - Imported Italian Pasta Sampler - Specialty Assortment Includes Three-17.6 oz Packages of Gourmet Pasta from Italy</p><p>$39.99 ($0.76 / Ounce)</p><a href="https://www.amazon.com/dp/B0B1469JM5?tag=eloabder-20&linkCode=osi&th=1&psc=1">View Product</a></div><div class="product"><a href="https://www.amazon.com/dp/B083X2P94L?tag=eloabder-20&linkCode=osi&th=1&psc=1"><img src="https://m.media-amazon.com/images/I/51APpkv+ImL._SL500_.jpg" alt="Product Image"></a><p>Pasta Deliziosa! Handcrafted Pasta Variety Pack, All Flavors, 12 Ounce (Pack of 6)</p><p>$38.99 ($3.25 / Ounce)</p><a href="https://www.amazon.com/dp/B083X2P94L?tag=eloabder-20&linkCode=osi&th=1&psc=1">View Product</a></div><div class="product"><a href="https://www.amazon.com/dp/B0793LPXRN?tag=eloabder-20&linkCode=osi&th=1&psc=1"><img src="https://m.media-amazon.com/images/I/41zIY0jxDdL._SL500_.jpg" alt="Product Image"></a><p>La Molisana Pasta Anellini Siciliani, 16 oz</p><p>$6.95 ($0.43 / Ounce)</p><a href="https://www.amazon.com/dp/B0793LPXRN?tag=eloabder-20&linkCode=osi&th=1&psc=1">View Product</a></div><div class="product"><a href="https://www.amazon.com/dp/B006ODJEBS?tag=eloabder-20&linkCode=osi&th=1&psc=1"><img src="https://m.media-amazon.com/images/I/51x4T3SOw1L._SL500_.jpg" alt="Product Image"></a><p>La Molisana Pasta Fusilli Bucati Cort, 1 Pound (Pack of 1)</p><p>$7.99 ($0.05 / Ounce)</p><a href="https://www.amazon.com/dp/B006ODJEBS?tag=eloabder-20&linkCode=osi&th=1&psc=1">View Product</a></div><div class="product"><a href="https://www.amazon.com/dp/B0095F92HS?tag=eloabder-20&linkCode=osi&th=1&psc=1"><img src="https://m.media-amazon.com/images/I/51IXE-gW1gL._SL500_.jpg" alt="Product Image"></a><p>De Cecco Pasta, Egg Pappardelle, 8.8 Ounce</p><p>$2.50 ($0.28 / Ounce)</p><a href="https://www.amazon.com/dp/B0095F92HS?tag=eloabder-20&linkCode=osi&th=1&psc=1">View Product</a></div><div class="product"><a href="https://www.amazon.com/dp/B000LRH8AM?tag=eloabder-20&linkCode=osi&th=1&psc=1"><img src="https://m.media-amazon.com/images/I/517Gsx3xbQL._SL500_.jpg" alt="Product Image"></a><p>RiceSelect Tri-Color Orzo Rice-Shaped Pasta, Premium Spinach- and Tomato-Flavored Non-GMO Orzo Pasta, 32-Ounce Jar</p><p>$7.29 ($0.28 / Ounce)</p><a href="https://www.amazon.com/dp/B000LRH8AM?tag=eloabder-20&linkCode=osi&th=1&psc=1">View Product</a></div>
<div class="product"><a href="https://www.amazon.com/dp/B00LUK2TGC?tag=eloabder-20&linkCode=osi&th=1&psc=1"><img src="https://m.media-amazon.com/images/I/51-6ifc3VmL._SL500_.jpg" alt="Product Image"></a><p>The Gourmet Choice Gift Basket by Wine Country Gift Baskets</p><p>$83.35</p><a href="https://www.amazon.com/dp/B00LUK2TGC?tag=eloabder-20&linkCode=osi&th=1&psc=1">View Product</a></div><div class="product"><a href="https://www.amazon.com/dp/B009LHPJ1S?tag=eloabder-20&linkCode=osi&th=1&psc=1"><img src="https://m.media-amazon.com/images/I/51cf0AEkjgL._SL500_.jpg" alt="Product Image"></a><p>Wine Country Gift Baskets Gourmet Feast Perfect For Family, Friends, Co-Workers, Loved Ones and Clients</p><p>$59.95</p><a href="https://www.amazon.com/dp/B009LHPJ1S?tag=eloabder-20&linkCode=osi&th=1&psc=1">View Product</a></div><div class="product"><a href="https://www.amazon.com/dp/B004D9XYWU?tag=eloabder-20&linkCode=osi&th=1&psc=1"><img src="https://m.media-amazon.com/images/I/515H6eRSagL._SL500_.jpg" alt="Product Image"></a><p>A Gift Inside Chocolate, Caramel and Crunch Grand Gift Basket</p><p>$42.95</p><a href="https://www.amazon.com/dp/B004D9XYWU?tag=eloabder-20&linkCode=osi&th=1&psc=1">View Product</a></div><div class="product"><a href="https://www.amazon.com/dp/B00BY78O7Y?tag=eloabder-20&linkCode=osi&th=1&psc=1"><img src="https://m.media-amazon.com/images/I/51sFeewMqVL._SL500_.jpg" alt="Product Image"></a><p>The Bon Appetit Gourmet Gift Basket by Wine Country Gift Baskets Gift for Families College Students Appreciation Thank You Congratulations Get Well Soon Care Package</p><p>$49.95</p><a href="https://www.amazon.com/dp/B00BY78O7Y?tag=eloabder-20&linkCode=osi&th=1&psc=1">View Product</a></div><div class="product"><a href="https://www.amazon.com/dp/B07CHSN691?tag=eloabder-20&linkCode=osi&th=1&psc=1"><img src="https://m.media-amazon.com/images/I/51-Qvkf4yFL._SL500_.jpg" alt="Product Image"></a><p>Dried Fruit Gift Basket– Healthy Gourmet Snack Box - Holiday Food Tray - Variety Snacks - Birthday, Sympathy, Mom, Dad, Corporate Tray - Bonnie & Pop</p><p>$37.99</p><a href="https://www.amazon.com/dp/B07CHSN691?tag=eloabder-20&linkCode=osi&th=1&psc=1">View Product</a></div><div class="product"><a href="https://www.amazon.com/dp/B00FBGKCHE?tag=eloabder-20&linkCode=osi&th=1&psc=1"><img src="https://m.media-amazon.com/images/I/51anmoX7EkL._SL500_.jpg" alt="Product Image"></a><p>Broadway Basketeers Chocolate Gift Basket Snack Gifts for Women, Men, Families, College, Appreciation, Thank You, Birthday, Corporate, Get Well Soon, Sympathy Care Package</p><p>$48.70 ($48.70 / Count)</p><a href="https://www.amazon.com/dp/B00FBGKCHE?tag=eloabder-20&linkCode=osi&th=1&psc=1">View Product</a></div><div class="product"><a href="https://www.amazon.com/dp/B00BY78O60?tag=eloabder-20&linkCode=osi&th=1&psc=1"><img src="https://m.media-amazon.com/images/I/51vKfvc7JTL._SL500_.jpg" alt="Product Image"></a><p>Wine Country Gift Baskets The Connoisseur Gourmet Gift Basket Food Gift Basket for Families College Students Appreciation Thank You Congratulations Get Well Soon Care Package</p><p>$56.36</p><a href="https://www.amazon.com/dp/B00BY78O60?tag=eloabder-20&linkCode=osi&th=1&psc=1">View Product</a></div><div class="product"><a href="https://www.amazon.com/dp/B07FT598PM?tag=eloabder-20&linkCode=osi&th=1&psc=1"><img src="https://m.media-amazon.com/images/I/51OJVHYoRsL._SL500_.jpg" alt="Product Image"></a><p>Wine Country Gift Baskets Gourmet Deluxe Gift Basket</p><p>$99.95</p><a href="https://www.amazon.com/dp/B07FT598PM?tag=eloabder-20&linkCode=osi&th=1&psc=1">View Product</a></div>
<div class="product"><a href="https://www.amazon.com/dp/B0B5ZTZL6G?tag=eloabder-20&linkCode=osi&th=1&psc=1"><img src="https://m.media-amazon.com/images/I/51rZYLnRlVL._SL500_.jpg" alt="Product Image"></a><p>Reinmoson Tea Strainers for Loose Tea, Extra Fine Mesh Tea Infuser, 304 Stainless Steel & Updated Slim Threaded Lid, Loose Leaf Tea Steeper for Black Tea, Rooibos, etc</p><p>$9.99</p><a href="https://www.amazon.com/dp/B0B5ZTZL6G?tag=eloabder-20&linkCode=osi&th=1&psc=1">View Product</a></div><div class="product"><a href="https://www.amazon.com/dp/B00SBTK5KW?tag=eloabder-20&linkCode=osi&th=1&psc=1"><img src="https://m.media-amazon.com/images/I/414cqIbd9eL._SL500_.jpg" alt="Product Image"></a><p>Tea Forte Single Steeps Loose Leaf Lotus Tea Sampler, Assorted Variety Tea Box, Serve Pouches,15 Count (Pack of 1)</p><p>$18.00 ($9.33 / Ounce)</p><a href="https://www.amazon.com/dp/B00SBTK5KW?tag=eloabder-20&linkCode=osi&th=1&psc=1">View Product</a></div><div class="product"><a href="https://www.amazon.com/dp/B08VMR4MXN?tag=eloabder-20&linkCode=osi&th=1&psc=1"><img src="https://m.media-amazon.com/images/I/51qQv4-VV3L._SL500_.jpg" alt="Product Image"></a><p>Twinings Tea Sampler Set 12 Flavors Assortment 48 Assorted Tea Bags with 20 Honey Sticks for Tea, Straws and Naturally Caffeine Free Herbal Tea Set…</p><p>$22.96 ($22.96 / Count)</p><a href="https://www.amazon.com/dp/B08VMR4MXN?tag=eloabder-20&linkCode=osi&th=1&psc=1">View Product</a></div><div class="product"><a href="https://www.amazon.com/dp/B074T2FWJY?tag=eloabder-20&linkCode=osi&th=1&psc=1"><img src="https://m.media-amazon.com/images/I/41n1uoomGAL._SL500_.jpg" alt="Product Image"></a><p>10Pcs Heart Tea Infuser for Loose Leaf Tea Steeper - Tea Diffusers for Loose Tea Leaf Steeper Tea Strainers for Loose Tea Infuser Spoon - Tea Steeper for Loose Tea Strainer Heart Shaped Tea Infuser</p><p>$9.98 ($1.00 / Count)</p><a href="https://www.amazon.com/dp/B074T2FWJY?tag=eloabder-20&linkCode=osi&th=1&psc=1">View Product</a></div><div class="product"><a href="https://www.amazon.com/dp/B074L4MZRY?tag=eloabder-20&linkCode=osi&th=1&psc=1"><img src="https://m.media-amazon.com/images/I/418v4F8ZhkL._SL500_.jpg" alt="Product Image"></a><p>VAHDAM Perfect Measure Loose Leaf Tea Spoon | Premium Quality Stainless Steel Tea Scoop | Perfect Measuring Teaspoons To Brew 1 Cup Of Loose Leaf Tea & Matcha</p><p>$7.99</p><a href="https://www.amazon.com/dp/B074L4MZRY?tag=eloabder-20&linkCode=osi&th=1&psc=1">View Product</a></div><div class="product"><a href="https://www.amazon.com/dp/B09FF6P7BL?tag=eloabder-20&linkCode=osi&th=1&psc=1"><img src="https://m.media-amazon.com/images/I/41oGPC0w7ML._SL500_.jpg" alt="Product Image"></a><p>Cute Tea Infuser by OTOTO - Loose Leaf Tea Steeper, Tea Accessories, Tea Diffusers, Tea Infuser for Loose Leaf Tea, Tea Strainers, Cute Gifts, Tea Gift Set, Kitchen Gifts, Cooking Gadgets</p><p>$14.95</p><a href="https://www.amazon.com/dp/B09FF6P7BL?tag=eloabder-20&linkCode=osi&th=1&psc=1">View Product</a></div><div class="product"><a href="https://www.amazon.com/dp/B072XP4FQK?tag=eloabder-20&linkCode=osi&th=1&psc=1"><img src="https://m.media-amazon.com/images/I/31Lfv+7oU6L._SL500_.jpg" alt="Product Image"></a><p>Tea Infuser (Set of 2 Pyramid & Square) with Tea Scoop | Ultra Fine Tea Strainer for Loose Leaf Tea | Stainless Steel Tea Steeper for a Superior Brewing Experience</p><p>$9.99</p><a href="https://www.amazon.com/dp/B072XP4FQK?tag=eloabder-20&linkCode=osi&th=1&psc=1">View Product</a></div><div class="product"><a href="https://www.amazon.com/dp/B0D2SCT4C4?tag=eloabder-20&linkCode=osi&th=1&psc=1"><img src="https://m.media-amazon.com/images/I/51vJnfc4-JL._SL500_.jpg" alt="Product Image"></a><p>Organic Tea Gift Set with Portable Kettle - 36 Piece Tea Gifts for Tea Lovers - Includes Insulated Mug, Assorted Organic Teas, Honey Sticks & Tea Accessories - Ultimate Brewing Experience</p><p>$56.90</p><a href="https://www.amazon.com/dp/B0D2SCT4C4?tag=eloabder-20&linkCode=osi&th=1&psc=1">View Product</a></div>
<div class="product"><a href="https://www.amazon.com/dp/B01NAV05XS?tag=eloabder-20&linkCode=osi&th=1&psc=1"><img src="https://m.media-amazon.com/images/I/51xpd-egLaL._SL500_.jpg" alt="Product Image"></a><p>Torani Variety Pack Caramel, French Vanilla, Vanilla & Hazelnut, 25.4 Ounces (Pack of 4)</p><p>$35.99 ($0.35 / Fl Oz)</p><a href="https://www.amazon.com/dp/B01NAV05XS?tag=eloabder-20&linkCode=osi&th=1&psc=1">View Product</a></div><div class="product"><a href="https://www.amazon.com/dp/B084NVN1J6?tag=eloabder-20&linkCode=osi&th=1&psc=1"><img src="https://m.media-amazon.com/images/I/51Vz7p8hhyL._SL500_.jpg" alt="Product Image"></a><p>Bones Coffee Company Cookies 'N Dreams Coffee Beans, Cookies & Cream Flavor, Low Acid Flavored Coffee, Made with Arabica Coffee Beans, Medium Roast Gourmet Coffee (12 oz)</p><p>$17.99 ($1.50 / Ounce)</p><a href="https://www.amazon.com/dp/B084NVN1J6?tag=eloabder-20&linkCode=osi&th=1&psc=1">View Product</a></div><div class="product"><a href="https://www.amazon.com/dp/B0C2DHCBD6?tag=eloabder-20&linkCode=osi&th=1&psc=1"><img src="https://m.media-amazon.com/images/I/51wa33jmF7L._SL500_.jpg" alt="Product Image"></a><p>Torani Puremade Sauce Variety Pack, 4 Flavors, 16.5 Ounces Bottle (Set of 4)</p><p>$25.99 ($0.39 / Ounce)</p><a href="https://www.amazon.com/dp/B0C2DHCBD6?tag=eloabder-20&linkCode=osi&th=1&psc=1">View Product</a></div><div class="product"><a href="https://www.amazon.com/dp/B000S75D66?tag=eloabder-20&linkCode=osi&th=1&psc=1"><img src="https://m.media-amazon.com/images/I/41AZMaoxbWL._SL500_.jpg" alt="Product Image"></a><p>illy Ground Coffee Moka - 100% Arabica Flavored Coffee Ground - Rich Aromatic Coffee Grounds Profile – Classico Medium Roast - Notes of Caramel, Orange Blossom & Jasmine - No Preservatives – 8.8 Ounce</p><p>$13.85 ($1.57 / Ounce)</p><a href="https://www.amazon.com/dp/B000S75D66?tag=eloabder-20&linkCode=osi&th=1&psc=1">View Product</a></div><div class="product"><a href="https://www.amazon.com/dp/B0BBY6V5T3?tag=eloabder-20&linkCode=osi&th=1&psc=1"><img src="https://m.media-amazon.com/images/I/515wvEFTD7L._SL500_.jpg" alt="Product Image"></a><p>Bones Coffee Company NEW World Tour Sample Pack | Ground Coffee Beans Sampler Gift Box Set | 4 oz Pack of 5 Assorted Single-Origin Gourmet Coffee Gifts | Medium Roast Coffee Beverages (Ground)</p><p>$34.99 ($1.75 / Ounce)</p><a href="https://www.amazon.com/dp/B0BBY6V5T3?tag=eloabder-20&linkCode=osi&th=1&psc=1">View Product</a></div>

<div class="product"><a href="https://www.amazon.com/dp/B01E4C982U?tag=eloabder-20&linkCode=osi&th=1&psc=1"><img src="https://m.media-amazon.com/images/I/51nAunBrSiL._SL500_.jpg" alt="Product Image"></a><p>Green Tea leaves Sencha, JAS Certified Organic, Japanese Tea, Uji-Kyoto, 80g Bag 【YAMASAN】</p><p>$14.70 ($5.25 / Ounce)</p><a href="https://www.amazon.com/dp/B01E4C982U?tag=eloabder-20&linkCode=osi&th=1&psc=1">View Product</a></div><div class="product"><a href="https://www.amazon.com/dp/B000SARJF6?tag=eloabder-20&linkCode=osi&th=1&psc=1"><img src="https://m.media-amazon.com/images/I/51hE2hmSzuL._SL500_.jpg" alt="Product Image"></a><p>Davidson's Tea Bulk, English Breakfast, 16 Ounce</p><p>$15.99 ($1.00 / Ounce)</p><a href="https://www.amazon.com/dp/B000SARJF6?tag=eloabder-20&linkCode=osi&th=1&psc=1">View Product</a></div><div class="product"><a href="https://www.amazon.com/dp/B008FOLQRE?tag=eloabder-20&linkCode=osi&th=1&psc=1"><img src="https://m.media-amazon.com/images/I/51F0rcvhhvL._SL500_.jpg" alt="Product Image"></a><p>Traditional Medicinals Organic Raspberry Leaf Herbal Tea, Eases Menstrual Cramps & Supports Healthy Pregnancy, (Pack of 1) - 16 Tea Bags</p><p>$4.92 ($5.79 / Ounce)</p><a href="https://www.amazon.com/dp/B008FOLQRE?tag=eloabder-20&linkCode=osi&th=1&psc=1">View Product</a></div><div class="product"><a href="https://www.amazon.com/dp/B00136MKEO?tag=eloabder-20&linkCode=osi&th=1&psc=1"><img src="https://m.media-amazon.com/images/I/41Ll68Q3iLL._SL500_.jpg" alt="Product Image"></a><p>Ahmad Tea Earl Grey Aromatic Loose Tea, Ceylon Caddy, 17.6 Oz</p><p>$14.87 ($0.84 / Ounce)</p><a href="https://www.amazon.com/dp/B00136MKEO?tag=eloabder-20&linkCode=osi&th=1&psc=1">View Product</a></div><div class="product"><a href="https://www.amazon.com/dp/B087G3NQGN?tag=eloabder-20&linkCode=osi&th=1&psc=1"><img src="https://m.media-amazon.com/images/I/51wev+SayvL._SL500_.jpg" alt="Product Image"></a><p>TIAN HU SHAN Premium Green Tea Loose Leaf 16 Ounce (454g)</p><p>$14.98 ($0.94 / Ounce)</p><a href="https://www.amazon.com/dp/B087G3NQGN?tag=eloabder-20&linkCode=osi&th=1&psc=1">View Product</a></div><div class="product"><a href="https://www.amazon.com/dp/B007Y94GN2?tag=eloabder-20&linkCode=osi&th=1&psc=1"><img src="https://m.media-amazon.com/images/I/51hqdPaNJYL._SL500_.jpg" alt="Product Image"></a><p>The Tao of Tea, Hibiscus Ginger Tea, Loose Leaf, 3.0 Ounce Tin to make 50 cups</p><p>$10.90 ($3.63 / Ounce)</p><a href="https://www.amazon.com/dp/B007Y94GN2?tag=eloabder-20&linkCode=osi&th=1&psc=1">View Product</a></div><div class="product"><a href="https://www.amazon.com/dp/B0D3WN5RG3?tag=eloabder-20&linkCode=osi&th=1&psc=1"><img src="https://m.media-amazon.com/images/I/5109jIe8NoL._SL500_.jpg" alt="Product Image"></a><p>Mevlana Ceylon Tea, Loose Leaf, 1 Lbs - Best Ceylon Black Tea Leaves from Sri Lanka - Loose Leaf Black Tea</p><p>$14.99 ($0.94 / Ounce)</p><a href="https://www.amazon.com/dp/B0D3WN5RG3?tag=eloabder-20&linkCode=osi&th=1&psc=1">View Product</a></div><div class="product"><a href="https://www.amazon.com/dp/B087G345SM?tag=eloabder-20&linkCode=osi&th=1&psc=1"><img src="https://m.media-amazon.com/images/I/51gQfgKqklL._SL500_.jpg" alt="Product Image"></a><p>TIAN HU SHAN Premium Oolong Tea Loose Leaf 14 Ounce (400g)</p><p>$14.99 ($1.07 / Ounce)</p><a href="https://www.amazon.com/dp/B087G345SM?tag=eloabder-20&linkCode=osi&th=1&psc=1">View Product</a></div>
<div class="product"><a href="https://www.amazon.com/dp/B08XWVFTKS?tag=eloabder-20&linkCode=osi&th=1&psc=1"><img src="https://m.media-amazon.com/images/I/41hJk3cTdnL._SL500_.jpg" alt="Product Image"></a><p>Lindt Gourmet Chocolate Truffles Gift Box, Assorted Chocolate Truffles, Great for gift giving, 14.7 Ounces</p><p>$24.99 ($1.70 / Ounce)</p><a href="https://www.amazon.com/dp/B08XWVFTKS?tag=eloabder-20&linkCode=osi&th=1&psc=1">View Product</a></div>
<div class="product"><a href="https://www.amazon.com/dp/B0CJ3XYPV3?tag=eloabder-20&linkCode=osi&th=1&psc=1"><img src="https://m.media-amazon.com/images/I/519ufxoFyDL._SL500_.jpg" alt="Product Image"></a><p>Blue House VARIETY Handcrafted Gourmet Caramel Candies Gift Box, Maple, Raspberry, Coffee, and Sea Salt</p><p>$26.98 ($1.35 / Count)</p><a href="https://www.amazon.com/dp/B0CJ3XYPV3?tag=eloabder-20&linkCode=osi&th=1&psc=1">View Product</a></div><div class="product"><a href="https://www.amazon.com/dp/B06VW4Z7B1?tag=eloabder-20&linkCode=osi&th=1&psc=1"><img src="https://m.media-amazon.com/images/I/516NdD4b5nL._SL500_.jpg" alt="Product Image"></a><p>BALI'S BEST Coffee Candy - Original Flavor | 1lb Jar | Rich, Smooth Taste | Indulge in Gourmet Coffee Delight - For Coffee Lovers, Delicious Treat for Any Occasion</p><p>$9.87 ($0.62 / Ounce)</p><a href="https://www.amazon.com/dp/B06VW4Z7B1?tag=eloabder-20&linkCode=osi&th=1&psc=1">View Product</a></div><div class="product"><a href="https://www.amazon.com/dp/B086N119VC?tag=eloabder-20&linkCode=osi&th=1&psc=1"><img src="https://m.media-amazon.com/images/I/41xKAcovvCS._SL500_.jpg" alt="Product Image"></a><p>Cerez Pazari Turkish Delight Candy with Assorted Mix Flavours 16 oz Gourmet Medium Size Snacks Gift Box | No Nuts Sweet Luxury Traditional Confectionery Vegan Lokum Loukoumi Approx.42 Pcs</p><p>$13.49 ($0.96 / Ounce)</p><a href="https://www.amazon.com/dp/B086N119VC?tag=eloabder-20&linkCode=osi&th=1&psc=1">View Product</a></div>
<div class="product"><a href="https://www.amazon.com/dp/B07CJLPR4P?tag=eloabder-20&linkCode=osi&th=1&psc=1"><img src="https://m.media-amazon.com/images/I/41vviwnqT4L._SL500_.jpg" alt="Product Image"></a><p>Funky Chunky Gourmet Popcorn Sampler Variety Pack with all 5 flavors: Sea Salt Caramel, Nutty Choco Pop, Peanut Butter Cup, Chip Zel Pop, and Chocolate Pretzel, 2 oz (5 Bags)</p><p>$20.00 ($2.00 / Ounce)</p><a href="https://www.amazon.com/dp/B07CJLPR4P?tag=eloabder-20&linkCode=osi&th=1&psc=1">View Product</a></div><div class="product"><a href="https://www.amazon.com/dp/B0CB1Q5YQ1?tag=eloabder-20&linkCode=osi&th=1&psc=1"><img src="https://m.media-amazon.com/images/I/61Xzv3ZgRIL._SL500_.jpg" alt="Product Image"></a><p>Italian Cracker Assortment - Pack of 30 - Snack Size Cracker Packs - Great Mother's Day Gift - Gourmet Artisan Cracker Variety Pack - Rosemary, Olive, Sesame, Poppy & Sesame, Pizza Flavors - Gourmet Crackers for Charcuterie Party - Cracker Gift Box - Kosher, Preservative Free</p><p>$29.99 ($34.01 / Ounce)</p><a href="https://www.amazon.com/dp/B0CB1Q5YQ1?tag=eloabder-20&linkCode=osi&th=1&psc=1">View Product</a></div><div class="product"><a href="https://www.amazon.com/dp/B0BLMMSPLW?tag=eloabder-20&linkCode=osi&th=1&psc=1"><img src="https://m.media-amazon.com/images/I/61jdT7ZVojL._SL500_.jpg" alt="Product Image"></a><p>International Snack Box, 30 Pcs Premium Foreign Rare Snack Food Gifts with Suprise Item,European Snacks for Adults and Kids for Easter Day</p><p>$39.95 ($0.62 / Ounce)</p><a href="https://www.amazon.com/dp/B0BLMMSPLW?tag=eloabder-20&linkCode=osi&th=1&psc=1">View Product</a></div><div class="product"><a href="https://www.amazon.com/dp/B07Z9SBTTC?tag=eloabder-20&linkCode=osi&th=1&psc=1"><img src="https://m.media-amazon.com/images/I/51P13LVLpjL._SL500_.jpg" alt="Product Image"></a><p>Sahale Snacks Glazed Mix Nut Blend Variety Pack, 1.5 Oz Grab & Go Bags (12 Total Packs) - Four Different Dry-Roasted Deluxe Mixed Nuts Blends Included - Non-GMO Kosher & Certified Gluten-Free Snacks</p><p>$42.20 ($2.34 / Ounce)</p><a href="https://www.amazon.com/dp/B07Z9SBTTC?tag=eloabder-20&linkCode=osi&th=1&psc=1">View Product</a></div><div class="product"><a href="https://www.amazon.com/dp/B00LAQ4Z1I?tag=eloabder-20&linkCode=osi&th=1&psc=1"><img src="https://m.media-amazon.com/images/I/41PkJ7khWFL._SL500_.jpg" alt="Product Image"></a><p>Sheila G's Brownie Brittle – Chocolate Chip & Salted Caramel Thin and Crispy Sweet Snacks (Pack of 20, 1 oz), Rich Gourmet Brownie Bites Dessert</p><p>$29.70 ($1.48 / Ounce)</p><a href="https://www.amazon.com/dp/B00LAQ4Z1I?tag=eloabder-20&linkCode=osi&th=1&psc=1">View Product</a></div><div class="product"><a href="https://www.amazon.com/dp/B09GW1NT5C?tag=eloabder-20&linkCode=osi&th=1&psc=1"><img src="https://m.media-amazon.com/images/I/613yB5WvmhL._SL500_.jpg" alt="Product Image"></a><p>CRAVEBOX Gourmet Specialty Snacks Box Care Package Boxes for College Students Adults Healthy Cookies Bar Organic Variety Gift Pack Assortment Basket Mix Sampler Treat Final Exam Office Men Women Halloween Back to School</p><p>$36.95 ($36.95 / Count)</p><a href="https://www.amazon.com/dp/B09GW1NT5C?tag=eloabder-20&linkCode=osi&th=1&psc=1">View Product</a></div>
<div class="product"><a href="https://www.amazon.com/dp/B00MPQ5ZOS?tag=eloabder-20&linkCode=osi&th=1&psc=1"><img src="https://m.media-amazon.com/images/I/51rC2bMIM5L._SL500_.jpg" alt="Product Image"></a><p>BetterBody Foods Organic Chia Seeds 2 lbs, 32 Oz, with Omega-3, Non-GMO, Gluten Free, Keto Diet Friendly, Vegan, Good Source of Fiber</p><p>$14.26 ($0.45 / Ounce)</p><a href="https://www.amazon.com/dp/B00MPQ5ZOS?tag=eloabder-20&linkCode=osi&th=1&psc=1">View Product</a></div><div class="product"><a href="https://www.amazon.com/dp/B000R7V3DE?tag=eloabder-20&linkCode=osi&th=1&psc=1"><img src="https://m.media-amazon.com/images/I/51YhGUGB+2L._SL500_.jpg" alt="Product Image"></a><p>Pacific Foods Organic Free Range Chicken Broth, 8 oz Carton (Pack of 4)</p><p>$3.39 ($0.11 / Fl Oz)</p><a href="https://www.amazon.com/dp/B000R7V3DE?tag=eloabder-20&linkCode=osi&th=1&psc=1">View Product</a></div><div class="product"><a href="https://www.amazon.com/dp/B073ZNGZ7F?tag=eloabder-20&linkCode=osi&th=1&psc=1"><img src="https://m.media-amazon.com/images/I/51PZf9bpVIL._SL500_.jpg" alt="Product Image"></a><p>BetterBody Foods Organic Quinoa, Vegan, Complete Plant Protein, Gluten Free, Low Glycemic Rice Replacement, 24 ounce</p><p>$15.63 ($0.65 / Fl Oz)</p><a href="https://www.amazon.com/dp/B073ZNGZ7F?tag=eloabder-20&linkCode=osi&th=1&psc=1">View Product</a></div><div class="product"><a href="https://www.amazon.com/dp/B01N3365YI?tag=eloabder-20&linkCode=osi&th=1&psc=1"><img src="https://m.media-amazon.com/images/I/41N0Mk2m0pL._SL500_.jpg" alt="Product Image"></a><p>NOW Foods, Organic Pumpkin Seeds, Raw and Unsalted, Excellent Source of Protein and Iron, Certified Non-GMO, Keto-Friendly Snack, 12-Ounce (Packaging May Vary)</p><p>$6.99 ($0.58 / Ounce)</p><a href="https://www.amazon.com/dp/B01N3365YI?tag=eloabder-20&linkCode=osi&th=1&psc=1">View Product</a></div><div class="product"><a href="https://www.amazon.com/dp/B0CMW5KTLL?tag=eloabder-20&linkCode=osi&th=1&psc=1"><img src="https://m.media-amazon.com/images/I/51skmBt-7dL._SL500_.jpg" alt="Product Image"></a><p>Kate’s Real Food Organic Granola Bars - Snack & Share Variety Pack (2.2 oz, Pack of 12) - Organic Energy Bars Made with Gluten Free Oats - Non GMO, Soy Free, Whole Grains, and All Natural</p><p>$33.88 ($1.28 / Ounce)</p><a href="https://www.amazon.com/dp/B0CMW5KTLL?tag=eloabder-20&linkCode=osi&th=1&psc=1">View Product</a></div><div class="product"><a href="https://www.amazon.com/dp/B008RLUXI8?tag=eloabder-20&linkCode=osi&th=1&psc=1"><img src="https://m.media-amazon.com/images/I/51cnqntGe8L._SL500_.jpg" alt="Product Image"></a><p>Annie's Organic Variety Pack, Cheddar Bunnies, Bunny Grahams and Cheddar Squares, 12 Pouches, 11 oz</p><p>$8.49 ($0.77 / Ounce)</p><a href="https://www.amazon.com/dp/B008RLUXI8?tag=eloabder-20&linkCode=osi&th=1&psc=1">View Product</a></div><div class="product"><a href="https://www.amazon.com/dp/B01IPZUZW4?tag=eloabder-20&linkCode=osi&th=1&psc=1"><img src="https://m.media-amazon.com/images/I/51F2XkB6b5L._SL500_.jpg" alt="Product Image"></a><p>BetterBody Foods Organic Cacao Powder, Rich Chocolate Flavor, Non-GMO, Gluten-Free, Cocoa, 16 ounce, 1 lb bag</p><p>$12.27 ($0.77 / Ounce)</p><a href="https://www.amazon.com/dp/B01IPZUZW4?tag=eloabder-20&linkCode=osi&th=1&psc=1">View Product</a></div><div class="product"><a href="https://www.amazon.com/dp/B016BC50VY?tag=eloabder-20&linkCode=osi&th=1&psc=1"><img src="https://m.media-amazon.com/images/I/51yOgUaWJ1L._SL500_.jpg" alt="Product Image"></a><p>Good Sense Roasted & Salted Organic Pumpkin Seeds (Pepitas), Non-GMO & All Natural, 6 Ounce Resealable Bag</p><p>$3.99 ($0.66 / Ounce)</p><a href="https://www.amazon.com/dp/B016BC50VY?tag=eloabder-20&linkCode=osi&th=1&psc=1">View Product</a></div><div class="product"><a href="https://www.amazon.com/dp/B0B5V77FSZ?tag=eloabder-20&linkCode=osi&th=1&psc=1"><img src="https://m.media-amazon.com/images/I/41qVxhNyX6L._SL500_.jpg" alt="Product Image"></a><p>Pacific Foods Organic Chicken and Wild Rice Soup, 16.3 oz Can</p><p>$2.87 ($0.18 / Ounce)</p><a href="https://www.amazon.com/dp/B0B5V77FSZ?tag=eloabder-20&linkCode=osi&th=1&psc=1">View Product</a></div>
<div class="product"><a href="https://www.amazon.com/dp/B00CBX8F3I?tag=eloabder-20&linkCode=osi&th=1&psc=1"><img src="https://m.media-amazon.com/images/I/51YgGi3uXNL._SL500_.jpg" alt="Product Image"></a><p>Glutino Gluten Free Table Crackers, Premium Squares, Original, 7 oz</p><p>$3.13 ($0.45 / Ounce)</p><a href="https://www.amazon.com/dp/B00CBX8F3I?tag=eloabder-20&linkCode=osi&th=1&psc=1">View Product</a></div><div class="product"><a href="https://www.amazon.com/dp/B0C64N6ZTC?tag=eloabder-20&linkCode=osi&th=1&psc=1"><img src="https://m.media-amazon.com/images/I/41jSEFaAtWL._SL500_.jpg" alt="Product Image"></a><p>Katz Gluten Free Toaster Pastries. Strawberry. Easy Breakfast Food Or Anytime Healthy Snacks For Adults & Kids. Gluten Free Snacks. Dairy Free, Nut Free, Peanut Free, Soy Free. Snacks For Adults Kosher Snacks. 8 OZ (Pack Of 2</p><p>$12.97 ($0.81 / Ounce)</p><a href="https://www.amazon.com/dp/B0C64N6ZTC?tag=eloabder-20&linkCode=osi&th=1&psc=1">View Product</a></div><div class="product"><a href="https://www.amazon.com/dp/B006OIWD7U?tag=eloabder-20&linkCode=osi&th=1&psc=1"><img src="https://m.media-amazon.com/images/I/51fcMhMMuFL._SL500_.jpg" alt="Product Image"></a><p>Kinnikinnick Gluten Free Angel Food Cake Mix, 16 Ounce</p><p>$9.00 ($0.56 / Ounce)</p><a href="https://www.amazon.com/dp/B006OIWD7U?tag=eloabder-20&linkCode=osi&th=1&psc=1">View Product</a></div><div class="product"><a href="https://www.amazon.com/dp/B00HKIBKQS?tag=eloabder-20&linkCode=osi&th=1&psc=1"><img src="https://m.media-amazon.com/images/I/41vcEf0YqVL._SL500_.jpg" alt="Product Image"></a><p>Lotus Foods Bulk Food Organic Millet & Brown Rice Ramen Noodles with Red Miso Soup, Gluten-Free Easy to Cook & Healthy Japanese Noodles with Instant Gourmet Broth, 2.8 Oz (Pack of 10)</p><p>$23.90 ($0.85 / Ounce)</p><a href="https://www.amazon.com/dp/B00HKIBKQS?tag=eloabder-20&linkCode=osi&th=1&psc=1">View Product</a></div><div class="product"><a href="https://www.amazon.com/dp/B09P8VQ62R?tag=eloabder-20&linkCode=osi&th=1&psc=1"><img src="https://m.media-amazon.com/images/I/517vF20bKYL._SL500_.jpg" alt="Product Image"></a><p>Gluten Free Sugar Free Butter Cookies 36 Count Traditional Danish Cookies, Premium Assorted Shortbread cookies for Diabetics (1 Pk, 11 Ounce)</p><p>$13.99 ($1.27 / Ounce)</p><a href="https://www.amazon.com/dp/B09P8VQ62R?tag=eloabder-20&linkCode=osi&th=1&psc=1">View Product</a></div><div class="product"><a href="https://www.amazon.com/dp/B07QFY8KVJ?tag=eloabder-20&linkCode=osi&th=1&psc=1"><img src="https://m.media-amazon.com/images/I/41A8K3x-WKL._SL500_.jpg" alt="Product Image"></a><p>Double Yolk Gluten Free Medium Egg Noodles,10 Ounce Bag (Pack of 2)</p><p>$20.00 ($1.00 / Ounce)</p><a href="https://www.amazon.com/dp/B07QFY8KVJ?tag=eloabder-20&linkCode=osi&th=1&psc=1">View Product</a></div><div class="product"><a href="https://www.amazon.com/dp/B017QPT0P2?tag=eloabder-20&linkCode=osi&th=1&psc=1"><img src="https://m.media-amazon.com/images/I/41bJSGh8ocS._SL500_.jpg" alt="Product Image"></a><p>Mom's Gluten Free Angel Food Cake Mix,1-Pack, Easy to Make, 12 Servings, Non GMO Delicious and Healthy Gluten Free Desserts</p><p>$9.99 ($0.55 / Ounce)</p><a href="https://www.amazon.com/dp/B017QPT0P2?tag=eloabder-20&linkCode=osi&th=1&psc=1">View Product</a></div>

Aucun résultat trouvé.
<div class="product"><a href="https://www.amazon.com/dp/B07BQXJ123?tag=eloabder-20&linkCode=osi&th=1&psc=1"><img src="https://m.media-amazon.com/images/I/41h4IsgjbZL._SL500_.jpg" alt="Product Image"></a><p>Squirrel Brand Sweet Brown Butter Cashews, 3.5 Ounces Resealable Bag, Gluten Free, Vegetarian</p><p>$2.74 ($0.78 / Fl Oz)</p><a href="https://www.amazon.com/dp/B07BQXJ123?tag=eloabder-20&linkCode=osi&th=1&psc=1">View Product</a></div><div class="product"><a href="https://www.amazon.com/dp/B003P02EGU?tag=eloabder-20&linkCode=osi&th=1&psc=1"><img src="https://m.media-amazon.com/images/I/51aUMBXF71L._SL500_.jpg" alt="Product Image"></a><p>Sparkling Ice, Black Raspberry Sparkling Water, Zero Sugar Flavored Water, with Vitamins and Antioxidants, Low Calorie Beverage, 17 fl oz Bottles (Pack of 12)</p><p>$9.98 ($0.05 / Fl Oz)</p><a href="https://www.amazon.com/dp/B003P02EGU?tag=eloabder-20&linkCode=osi&th=1&psc=1">View Product</a></div><div class="product"><a href="https://www.amazon.com/dp/B0C6RG22VN?tag=eloabder-20&linkCode=osi&th=1&psc=1"><img src="https://m.media-amazon.com/images/I/31fjAuuWWNL._SL500_.jpg" alt="Product Image"></a><p>Bauducco Vanilla Wafers - Crispy Wafer Cookies With 3 Delicious, Indulgent, Decadent Layers of Vanilla Flavored Cream - Delicious Sweet Snack or Desert - 5.0 oz (Pack of 1)</p><p>$1.59 ($0.32 / Ounce)</p><a href="https://www.amazon.com/dp/B0C6RG22VN?tag=eloabder-20&linkCode=osi&th=1&psc=1">View Product</a></div><div class="product"><a href="https://www.amazon.com/dp/B09W5ZVDD2?tag=eloabder-20&linkCode=osi&th=1&psc=1"><img src="https://m.media-amazon.com/images/I/41SSfHVmdrL._SL500_.jpg" alt="Product Image"></a><p>Cinnamon Toast Crunch Creamy Cinnamon Spread, 10 Ounce</p><p>$2.48 ($0.25 / Ounce)</p><a href="https://www.amazon.com/dp/B09W5ZVDD2?tag=eloabder-20&linkCode=osi&th=1&psc=1">View Product</a></div><div class="product"><a href="https://www.amazon.com/dp/B00L2MWLMK?tag=eloabder-20&linkCode=osi&th=1&psc=1"><img src="https://m.media-amazon.com/images/I/51dBawJ2u9L._SL500_.jpg" alt="Product Image"></a><p>Duncan Hines Dark Chocolate Fudge Brownie Mix, 18.2 OZ</p><p>$1.54 ($0.08 / Ounce)</p><a href="https://www.amazon.com/dp/B00L2MWLMK?tag=eloabder-20&linkCode=osi&th=1&psc=1">View Product</a></div><div class="product"><a href="https://www.amazon.com/dp/B004M15U12?tag=eloabder-20&linkCode=osi&th=1&psc=1"><img src="https://m.media-amazon.com/images/I/51WF3t7pADL._SL500_.jpg" alt="Product Image"></a><p>PLANTERS Deluxe Salted Whole Cashews, Party Snacks, Plant-Based Protein, Quick Snack for Adults, After School Snack, Roasted Cashew Flavored with Sea Salt, Bulk Nuts, Kosher, 1 lb 2.25oz Canister</p><p>$9.98 ($0.55 / Ounce)</p><a href="https://www.amazon.com/dp/B004M15U12?tag=eloabder-20&linkCode=osi&th=1&psc=1">View Product</a></div><div class="product"><a href="https://www.amazon.com/dp/B078J62RYJ?tag=eloabder-20&linkCode=osi&th=1&psc=1"><img src="https://m.media-amazon.com/images/I/51AXLNUF66L._SL500_.jpg" alt="Product Image"></a><p>PLANTERS Deluxe Mixed Nuts, Cashews, Almonds, Pecans, Pistachios, Hazelnuts, Roasted with Sea Salt, Party Snacks, Plant-Based Protein, Quick Snack for Adults, After School Snack, 27oz Container</p><p>$17.51 ($0.65 / Ounce)</p><a href="https://www.amazon.com/dp/B078J62RYJ?tag=eloabder-20&linkCode=osi&th=1&psc=1">View Product</a></div><div class="product"><a href="https://www.amazon.com/dp/B0BSB1D65T?tag=eloabder-20&linkCode=osi&th=1&psc=1"><img src="https://m.media-amazon.com/images/I/51u9sSRdlIL._SL500_.jpg" alt="Product Image"></a><p>PLANTERS Cashews Cinnamon & Brown Sugar, Party Snacks, 5 Oz Bag</p><p>$3.50 ($0.70 / Ounce)</p><a href="https://www.amazon.com/dp/B0BSB1D65T?tag=eloabder-20&linkCode=osi&th=1&psc=1">View Product</a></div><div class="product"><a href="https://www.amazon.com/dp/B0BN4LZ5P3?tag=eloabder-20&linkCode=osi&th=1&psc=1"><img src="https://m.media-amazon.com/images/I/51OLBHQEeSL._SL500_.jpg" alt="Product Image"></a><p>Planters Dry Roasted Bold & Savory Peanuts, Party Snacks, Plant-Based Protein, 16 Oz Jar</p><p>$2.98 ($0.19 / Ounce)</p><a href="https://www.amazon.com/dp/B0BN4LZ5P3?tag=eloabder-20&linkCode=osi&th=1&psc=1">View Product</a></div>

<div class="product"><a href="https://www.amazon.com/dp/B0CJQJYYVQ?tag=eloabder-20&linkCode=osi&th=1&psc=1"><img src="https://m.media-amazon.com/images/I/51mbf3FOrUL._SL500_.jpg" alt="Product Image"></a><p>Dried Fruit and Nuts Gift Baskets, 9 Healthy Varieties of Nuts & Dried Fruit Gifts, Gourmet Prime Candy Basket Delivery, Family Edible Food Ideas for All, Anniversary, Birthday, Care Package, Corporate Gifts</p><p>$24.99 ($24.99 / Count)</p><a href="https://www.amazon.com/dp/B0CJQJYYVQ?tag=eloabder-20&linkCode=osi&th=1&psc=1">View Product</a></div><div class="product"><a href="https://www.amazon.com/dp/B0BRYN42RF?tag=eloabder-20&linkCode=osi&th=1&psc=1"><img src="https://m.media-amazon.com/images/I/61sztsxabsL._SL500_.jpg" alt="Product Image"></a><p>Dried Fruit & Nuts Gift Basket Arrangement Platter, Gourmet Food Snack Box, For Fathers Day, Birthday Care Package, Healthy Kosher - Her Him - 12 Snackberry Assortment (Single)</p><p>$24.99 ($1.03 / Ounce)</p><a href="https://www.amazon.com/dp/B0BRYN42RF?tag=eloabder-20&linkCode=osi&th=1&psc=1">View Product</a></div><div class="product"><a href="https://www.amazon.com/dp/B0CZ4H5N2S?tag=eloabder-20&linkCode=osi&th=1&psc=1"><img src="https://m.media-amazon.com/images/I/51NLO50v2cL._SL500_.jpg" alt="Product Image"></a><p>Variety Dried Fuit Gift Basket, Fathers Day Gift Basket, Gift Box for Birthday. Anniversary, Get Well Gift, Gift for Him, Her and Family, Snackberry (1 Pack)</p><p>$9.99 ($0.62 / Ounce)</p><a href="https://www.amazon.com/dp/B0CZ4H5N2S?tag=eloabder-20&linkCode=osi&th=1&psc=1">View Product</a></div><div class="product"><a href="https://www.amazon.com/dp/B09HW1C373?tag=eloabder-20&linkCode=osi&th=1&psc=1"><img src="https://m.media-amazon.com/images/I/418cDyDC0eL._SL500_.jpg" alt="Product Image"></a><p>Farm Fresh Assorted Nuts Gift Basket - Artfully Arranged Gourmet Nuts and Dried Fruit Collection - Prime Arrangement Platter - Makes a Delicious, Healthy Gift Basket For Holidays, Parties, Corporate Gifts, and More</p><p>$12.99 ($12.99 / Count)</p><a href="https://www.amazon.com/dp/B09HW1C373?tag=eloabder-20&linkCode=osi&th=1&psc=1">View Product</a></div><div class="product"><a href="https://www.amazon.com/dp/B0CRD2MWB9?tag=eloabder-20&linkCode=osi&th=1&psc=1"><img src="https://m.media-amazon.com/images/I/51tT9Jj4hKL._SL500_.jpg" alt="Product Image"></a><p>Happy Birthday Dried Fruit & Nuts Gift Basket Arrangement Platter, Gourmet Food Snack Box, Birthday Care Package, Healthy Kosher, Her Him (9 Assortments)</p><p>$19.99 ($19.99 / Count)</p><a href="https://www.amazon.com/dp/B0CRD2MWB9?tag=eloabder-20&linkCode=osi&th=1&psc=1">View Product</a></div><div class="product"><a href="https://www.amazon.com/dp/B0CHCJK5GN?tag=eloabder-20&linkCode=osi&th=1&psc=1"><img src="https://m.media-amazon.com/images/I/61dpK7BoYbL._SL500_.jpg" alt="Product Image"></a><p>Broadway Basketeers Deluxe Thank You Dried Fruit And Nuts Gift Basket - A Premium Healthy Appreciation Gift - Corporate, Family & Friends</p><p>$32.06</p><a href="https://www.amazon.com/dp/B0CHCJK5GN?tag=eloabder-20&linkCode=osi&th=1&psc=1">View Product</a></div>
<div class="product"><a href="https://www.amazon.com/dp/B078SZHZ82?tag=eloabder-20&linkCode=osi&th=1&psc=1"><img src="https://m.media-amazon.com/images/I/51S82IO04jL._SL500_.jpg" alt="Product Image"></a><p>DEL MONTE FRESH CUT BLUE LAKE Cut Green Beans Canned Vegetables,14.5 Ounce (Pack of 12)</p><p>$12.99 ($0.07 / Ounce)</p><a href="https://www.amazon.com/dp/B078SZHZ82?tag=eloabder-20&linkCode=osi&th=1&psc=1">View Product</a></div>
<div class="product"><a href="https://www.amazon.com/dp/B0C94YG17L?tag=eloabder-20&linkCode=osi&th=1&psc=1"><img src="https://m.media-amazon.com/images/I/51VfC5jp4OL._SL500_.jpg" alt="Product Image"></a><p>Hickory Farms Farmhouse Sausage & Cheese Medium Gift Box | Gourmet Food Basket | Charcuterie | Father's Day Gift | Perfect For Family, Birthday, Sympathy, Congratulations, Retirement, Thinking of You, Father's Day Gift</p><p>$34.99 ($34.99 / Count)</p><a href="https://www.amazon.com/dp/B0C94YG17L?tag=eloabder-20&linkCode=osi&th=1&psc=1">View Product</a></div><div class="product"><a href="https://www.amazon.com/dp/B00K35V3F8?tag=eloabder-20&linkCode=osi&th=1&psc=1"><img src="https://m.media-amazon.com/images/I/41bd0TKnKfL._SL500_.jpg" alt="Product Image"></a><p>Farmers' Market Charcuterie Gift for Summer, Wisconsin Cheese, Hickory Smoked Meat, Shelf Stable, Gourmet Meat and Cheese Platter, Large Original</p><p>$39.99</p><a href="https://www.amazon.com/dp/B00K35V3F8?tag=eloabder-20&linkCode=osi&th=1&psc=1">View Product</a></div><div class="product"><a href="https://www.amazon.com/dp/B0994V3KXV?tag=eloabder-20&linkCode=osi&th=1&psc=1"><img src="https://m.media-amazon.com/images/I/61Zr7E45qvL._SL500_.jpg" alt="Product Image"></a><p>Wisconsin Cheese Company - Specialty 100% Wisconsin Cheese Block Assortment 4 oz. (Pack of 7 Blocks) Cheddar, Pepper Jack, Swiss, Gouda, Cheddar Salami, Smoked Cheddar & Tomato Basil Cheese - Cheese Sampler Gift Set</p><p>$39.99 ($1.43 / Ounce)</p><a href="https://www.amazon.com/dp/B0994V3KXV?tag=eloabder-20&linkCode=osi&th=1&psc=1">View Product</a></div><div class="product"><a href="https://www.amazon.com/dp/B009Y7I2F0?tag=eloabder-20&linkCode=osi&th=1&psc=1"><img src="https://m.media-amazon.com/images/I/41VgrnxieeL._SL500_.jpg" alt="Product Image"></a><p>Wisconsin Cheese Company - 100% Wisconsin Cheddar & Pepper Jack Cheese and Cracker Gift Basket. Large Gourmet Gift Box Assortment. Great for Charcuterie Boards & Gifts.</p><p>$29.99 ($2.11 / Ounce)</p><a href="https://www.amazon.com/dp/B009Y7I2F0?tag=eloabder-20&linkCode=osi&th=1&psc=1">View Product</a></div><div class="product"><a href="https://www.amazon.com/dp/B00FY43IJ2?tag=eloabder-20&linkCode=osi&th=1&psc=1"><img src="https://m.media-amazon.com/images/I/41QN9RXV4RL._SL500_.jpg" alt="Product Image"></a><p>California Delicious Gourmet Cheeseboard Gift, 8 piece set</p><p>$47.98 ($6.00 / Count)</p><a href="https://www.amazon.com/dp/B00FY43IJ2?tag=eloabder-20&linkCode=osi&th=1&psc=1">View Product</a></div><div class="product"><a href="https://www.amazon.com/dp/B0CRM55TF8?tag=eloabder-20&linkCode=osi&th=1&psc=1"><img src="https://m.media-amazon.com/images/I/51Vz3kt14-L._SL500_.jpg" alt="Product Image"></a><p>Farmers' Market Cheese Block Assortment 7oz 6-Pack, Shelf Stable, Pasteurized, Locally Sourced Wisconsin Cheese (Assortment, 6 Count)</p><p>$29.99 ($0.71 / Ounce)</p><a href="https://www.amazon.com/dp/B0CRM55TF8?tag=eloabder-20&linkCode=osi&th=1&psc=1">View Product</a></div>
<div class="product"><a href="https://www.amazon.com/dp/B006GXQHKW?tag=eloabder-20&linkCode=osi&th=1&psc=1"><img src="https://m.media-amazon.com/images/I/41gffgWPG4L._SL500_.jpg" alt="Product Image"></a><p>Old Wisconsin Premium Summer Sausage, 100% Natural Meat, Charcuterie, Ready to Eat, High Protein, Low Carb, Keto, Gluten Free, Original Flavor, 8 Ounce</p><p>$6.09 ($0.76 / Count)</p><a href="https://www.amazon.com/dp/B006GXQHKW?tag=eloabder-20&linkCode=osi&th=1&psc=1">View Product</a></div><div class="product"><a href="https://www.amazon.com/dp/B07PNM9SNJ?tag=eloabder-20&linkCode=osi&th=1&psc=1"><img src="https://m.media-amazon.com/images/I/51XUGii8qrL._SL500_.jpg" alt="Product Image"></a><p>Meat Shredz - Premium Dried Pulled Pork (Variety, 6 Pack) | Gluten Free | High Protein & Low Sugar | Bacon Bits | Dehydrated Backpacking & Camping Food | Shredded, Dried Jerky Chew Snack</p><p>$42.95 ($52.06 / lb)</p><a href="https://www.amazon.com/dp/B07PNM9SNJ?tag=eloabder-20&linkCode=osi&th=1&psc=1">View Product</a></div><div class="product"><a href="https://www.amazon.com/dp/B0CVQWPGC5?tag=eloabder-20&linkCode=osi&th=1&psc=1"><img src="https://m.media-amazon.com/images/I/41M9k0m4dOL._SL500_.jpg" alt="Product Image"></a><p>Olympic Delights Premium Meats and Cheese Gift Box by Dan the Sausageman featuring Summer Sausage, Stuffed Olives, Crackers and Mustard</p><p>$68.95</p><a href="https://www.amazon.com/dp/B0CVQWPGC5?tag=eloabder-20&linkCode=osi&th=1&psc=1">View Product</a></div><div class="product"><a href="https://www.amazon.com/dp/B000FIUQAQ?tag=eloabder-20&linkCode=osi&th=1&psc=1"><img src="https://m.media-amazon.com/images/I/51-jFNA-ZgL._SL500_.jpg" alt="Product Image"></a><p>Hormel Premium No Salt Added Canned Chunk Chicken Breast in Water, 5 Ounce (Pack of 12)</p><p>$25.44 ($0.42 / Ounce)</p><a href="https://www.amazon.com/dp/B000FIUQAQ?tag=eloabder-20&linkCode=osi&th=1&psc=1">View Product</a></div><div class="product"><a href="https://www.amazon.com/dp/B07Y936YWY?tag=eloabder-20&linkCode=osi&th=1&psc=1"><img src="https://m.media-amazon.com/images/I/51cpUvuRIzL._SL500_.jpg" alt="Product Image"></a><p>Jack Link's Beef Jerky, Sweet & Hot, ½ Pounder Bag - Flavorful Meat Snack, 9g of Protein and 80 Calories, Made with Premium Beef - 96 Percent Fat Free, No Added MSG or Nitrates/Nitrites</p><p>$9.99 ($1.25 / Ounce)</p><a href="https://www.amazon.com/dp/B07Y936YWY?tag=eloabder-20&linkCode=osi&th=1&psc=1">View Product</a></div><div class="product"><a href="https://www.amazon.com/dp/B000FK7G20?tag=eloabder-20&linkCode=osi&th=1&psc=1"><img src="https://m.media-amazon.com/images/I/414A4Q9AvAL._SL500_.jpg" alt="Product Image"></a><p>Swanson White and Dark Premium Chunk Canned Chicken Breast in Water, Fully Cooked Chicken, 9.75 OZ Can (Case of 12)</p><p>$35.76 ($0.31 / Ounce)</p><a href="https://www.amazon.com/dp/B000FK7G20?tag=eloabder-20&linkCode=osi&th=1&psc=1">View Product</a></div>
<div class="product"><a href="https://www.amazon.com/dp/B072126PMY?tag=eloabder-20&linkCode=osi&th=1&psc=1"><img src="https://m.media-amazon.com/images/I/51nw4J9x8YL._SL500_.jpg" alt="Product Image"></a><p>Simple Mills Almond Flour Baking Mix, Artisan Bread Mix - Gluten Free, Plant Based, Paleo Friendly, 10.4 Ounce (Pack of 3)</p><p>$23.97 ($0.77 / Ounce)</p><a href="https://www.amazon.com/dp/B072126PMY?tag=eloabder-20&linkCode=osi&th=1&psc=1">View Product</a></div><div class="product"><a href="https://www.amazon.com/dp/B081VPXGJS?tag=eloabder-20&linkCode=osi&th=1&psc=1"><img src="https://m.media-amazon.com/images/I/51j0-+rAaZL._SL500_.jpg" alt="Product Image"></a><p>Essential Baking Company Organic Artisan Sourdough Bread, 18.2 Ounce (Pack of 3)</p><p>$28.65 ($0.52 / Ounce)</p><a href="https://www.amazon.com/dp/B081VPXGJS?tag=eloabder-20&linkCode=osi&th=1&psc=1">View Product</a></div><div class="product"><a href="https://www.amazon.com/dp/B08HSPX7LM?tag=eloabder-20&linkCode=osi&th=1&psc=1"><img src="https://m.media-amazon.com/images/I/41RUhxZCnNL._SL500_.jpg" alt="Product Image"></a><p>Giusto's Vita-Grain All-Natural Artisan Malted Unbleached Bread Flour, 5lb Bag</p><p>$10.95 ($0.14 / Ounce)</p><a href="https://www.amazon.com/dp/B08HSPX7LM?tag=eloabder-20&linkCode=osi&th=1&psc=1">View Product</a></div>
<div class="product"><a href="https://www.amazon.com/dp/B001DDD4DS?tag=eloabder-20&linkCode=osi&th=1&psc=1"><img src="https://m.media-amazon.com/images/I/51osI10x5HL._SL500_.jpg" alt="Product Image"></a><p>Mantova Flavored Extra Virgin Olive Oil Variety Pack: Garlic, Basil, Chili, Lemon Organic Extra Virgin Olive Oil, 8.5-Ounce Per Bottle (Pack of 4) Great Gift Item</p><p>$36.99 ($1.09 / Fl Oz)</p><a href="https://www.amazon.com/dp/B001DDD4DS?tag=eloabder-20&linkCode=osi&th=1&psc=1">View Product</a></div><div class="product"><a href="https://www.amazon.com/dp/B001DDD4E2?tag=eloabder-20&linkCode=osi&th=1&psc=1"><img src="https://m.media-amazon.com/images/I/51cFWLj1kiL._SL500_.jpg" alt="Product Image"></a><p>Mantova Grand’Aroma Flavored Extra Virgin Olive Oils, Variety Gift Set, made in Italy, cold-pressed, 100% natural, heart-healthy, for grilling, barbequing, smoking, and cooking, 8.5 oz (Pack of 4)</p><p>$39.99 ($1.18 / Fl Oz)</p><a href="https://www.amazon.com/dp/B001DDD4E2?tag=eloabder-20&linkCode=osi&th=1&psc=1">View Product</a></div><div class="product"><a href="https://www.amazon.com/dp/B087S41Y1W?tag=eloabder-20&linkCode=osi&th=1&psc=1"><img src="https://m.media-amazon.com/images/I/518tVUgnUkL._SL500_.jpg" alt="Product Image"></a><p>Benissimo Herb Infused Cooking Oil Chef Pack, All Natural Italiano, Roasted Garlic, Mediterranean Garlic, Balsamic Garlic</p><p>$26.99 ($0.79 / Fl Oz)</p><a href="https://www.amazon.com/dp/B087S41Y1W?tag=eloabder-20&linkCode=osi&th=1&psc=1">View Product</a></div><div class="product"><a href="https://www.amazon.com/dp/B08CY8R7TF?tag=eloabder-20&linkCode=osi&th=1&psc=1"><img src="https://m.media-amazon.com/images/I/61pbDfsr-8L._SL500_.jpg" alt="Product Image"></a><p>Infused Extra Virgin Olive Oil Gift Box Set, First Cold Pressed, Variety Pack, 4 bottles x 8.5 fl.oz (250ml), Naturally Infused for Dipping & Tasting, (Gift Box Included), Chili, Garlic, Basil, Rosemary, BASSO1904</p><p>$35.99 ($1.06 / Fl Oz)</p><a href="https://www.amazon.com/dp/B08CY8R7TF?tag=eloabder-20&linkCode=osi&th=1&psc=1">View Product</a></div><div class="product"><a href="https://www.amazon.com/dp/B009HRQ47U?tag=eloabder-20&linkCode=osi&th=1&psc=1"><img src="https://m.media-amazon.com/images/I/41PaTko-dvL._SL500_.jpg" alt="Product Image"></a><p>TruffleHunter - English, Black & White Truffle Oil Set - 3.38 Oz x 3</p><p>$29.70 ($0.10 / Fl Oz)</p><a href="https://www.amazon.com/dp/B009HRQ47U?tag=eloabder-20&linkCode=osi&th=1&psc=1">View Product</a></div><div class="product"><a href="https://www.amazon.com/dp/B07ZZLZBF8?tag=eloabder-20&linkCode=osi&th=1&psc=1"><img src="https://m.media-amazon.com/images/I/51fpIYH949L._SL500_.jpg" alt="Product Image"></a><p>Viva Oliva Six 60ml (2oz) Variety Gift Set - Premium Flavored Extra Virgin Olive Oils (Tuscan Herb, Basil, Mushroom & Sage) and All Natural Balsamic Vinegars (18 Year Traditional, Grapefruit, Black Mission Fig)</p><p>$43.95 ($3.61 / Fl Oz)</p><a href="https://www.amazon.com/dp/B07ZZLZBF8?tag=eloabder-20&linkCode=osi&th=1&psc=1">View Product</a></div><div class="product"><a href="https://www.amazon.com/dp/B0B2LS1J8F?tag=eloabder-20&linkCode=osi&th=1&psc=1"><img src="https://m.media-amazon.com/images/I/41q4RRhEqPL._SL500_.jpg" alt="Product Image"></a><p>Infused Olive Oil Gift Sets - Organic Puglia Olive Oil Sampler Gift Set. Ideal for Italian Gifts and Edible Gift Baskets. Gourmet Olive Oil Gift Box of 5 x 3.45 Fl.Oz.</p><p>$53.80 ($3.16 / Fl Oz)</p><a href="https://www.amazon.com/dp/B0B2LS1J8F?tag=eloabder-20&linkCode=osi&th=1&psc=1">View Product</a></div><div class="product"><a href="https://www.amazon.com/dp/B08P967SSX?tag=eloabder-20&linkCode=osi&th=1&psc=1"><img src="https://m.media-amazon.com/images/I/51HyprLyr5L._SL500_.jpg" alt="Product Image"></a><p>Viva Oliva Four 60ml (2oz) Variety Gift Set - Premium Flavored Extra Virgin Olive Oils (Tuscan Herb & Basil) and All Natural Balsamic Vinegars (18 Year Traditional & Black Mission Fig)</p><p>$33.95 ($4.18 / Fl Oz)</p><a href="https://www.amazon.com/dp/B08P967SSX?tag=eloabder-20&linkCode=osi&th=1&psc=1">View Product</a></div><div class="product"><a href="https://www.amazon.com/dp/B0078DPMQY?tag=eloabder-20&linkCode=osi&th=1&psc=1"><img src="https://m.media-amazon.com/images/I/31qLwvo1tML._SL500_.jpg" alt="Product Image"></a><p>Benissimo Oil Roasted Garlic, 8.1 Ounces</p><p>$11.99 ($1.48 / Ounce)</p><a href="https://www.amazon.com/dp/B0078DPMQY?tag=eloabder-20&linkCode=osi&th=1&psc=1">View Product</a></div>
<div class="product"><a href="https://www.amazon.com/dp/B07MGKCV5Y?tag=eloabder-20&linkCode=osi&th=1&psc=1"><img src="https://m.media-amazon.com/images/I/31tE+o2DanL._SL500_.jpg" alt="Product Image"></a><p>Iberia All Natural Distilled White Vinegar, 1 Gallon - 5% Acidity</p><p>$12.99 ($0.10 / Fl Oz)</p><a href="https://www.amazon.com/dp/B07MGKCV5Y?tag=eloabder-20&linkCode=osi&th=1&psc=1">View Product</a></div><div class="product"><a href="https://www.amazon.com/dp/B07985NMQD?tag=eloabder-20&linkCode=osi&th=1&psc=1"><img src="https://m.media-amazon.com/images/I/41ElEDybjlL._SL500_.jpg" alt="Product Image"></a><p>Lucy's Family Owned - Natural Distilled White Vinegar, 1 Gallon (128 oz) - 5% Acidity (White Vinegar, 1 Gallon (128 fl oz.))</p><p>$17.99 ($0.14 / Fl Oz)</p><a href="https://www.amazon.com/dp/B07985NMQD?tag=eloabder-20&linkCode=osi&th=1&psc=1">View Product</a></div><div class="product"><a href="https://www.amazon.com/dp/B07F7MXPWD?tag=eloabder-20&linkCode=osi&th=1&psc=1"><img src="https://m.media-amazon.com/images/I/51GKn4NVqTL._SL500_.jpg" alt="Product Image"></a><p>Soeos Chinkiang Vinegar 16.9 fl oz (500ml), 3 Years Aged, Naturally Fermented, Mature Aged Black Vinegar, Chinese Black Vinegar, Zhenjiang Vinegar, Black Rice Vinegar, Black Vinegar Chinese.</p><p>$13.99 ($0.83 / Fl Oz)</p><a href="https://www.amazon.com/dp/B07F7MXPWD?tag=eloabder-20&linkCode=osi&th=1&psc=1">View Product</a></div><div class="product"><a href="https://www.amazon.com/dp/B001I7MVG0?tag=eloabder-20&linkCode=osi&th=1&psc=1"><img src="https://m.media-amazon.com/images/I/41HHUOECW2L._SL500_.jpg" alt="Product Image"></a><p>Bragg Organic Raw Apple Cider Vinegar, 32 Ounce - 1 Pack</p><p>$5.99 ($0.19 / Fl Oz)</p><a href="https://www.amazon.com/dp/B001I7MVG0?tag=eloabder-20&linkCode=osi&th=1&psc=1">View Product</a></div><div class="product"><a href="https://www.amazon.com/dp/B07W9HX3MV?tag=eloabder-20&linkCode=osi&th=1&psc=1"><img src="https://m.media-amazon.com/images/I/413FdgpxYrL._SL500_.jpg" alt="Product Image"></a><p>Calyptus 45% Pure Super Concentrated Vinegar | Dilutes to 9 Gallons | 9x Power Concentrate Vinegar | 1 Gallon</p><p>$26.99 ($0.21 / Fl Oz)</p><a href="https://www.amazon.com/dp/B07W9HX3MV?tag=eloabder-20&linkCode=osi&th=1&psc=1">View Product</a></div><div class="product"><a href="https://www.amazon.com/dp/B0052BFNLS?tag=eloabder-20&linkCode=osi&th=1&psc=1"><img src="https://m.media-amazon.com/images/I/31Tfk-0-ybL._SL500_.jpg" alt="Product Image"></a><p>Pompeian Gourmet Red Wine Vinegar, Perfect for Salad Dressings, Marinades & Sauces, Naturally Gluten Free, 30 Ounce</p><p>$4.91 ($0.16 / Fl Oz)</p><a href="https://www.amazon.com/dp/B0052BFNLS?tag=eloabder-20&linkCode=osi&th=1&psc=1">View Product</a></div><div class="product"><a href="https://www.amazon.com/dp/B00AAL6W2Y?tag=eloabder-20&linkCode=osi&th=1&psc=1"><img src="https://m.media-amazon.com/images/I/51dfgVE7orL._SL500_.jpg" alt="Product Image"></a><p>Mantova Organic Flavored Balsamic Vinegar of Modena 4-Variety Pack: Fig, Pear, Pomegranate, & Raspberry; Perfect for Gift Basket, Add to Pasta, Salad, Ice Cream and Cocktails, 8.5 oz per bottle</p><p>$27.99 ($0.82 / Fl Oz)</p><a href="https://www.amazon.com/dp/B00AAL6W2Y?tag=eloabder-20&linkCode=osi&th=1&psc=1">View Product</a></div><div class="product"><a href="https://www.amazon.com/dp/B0BGYTGT7X?tag=eloabder-20&linkCode=osi&th=1&psc=1"><img src="https://m.media-amazon.com/images/I/41huHEExA1L._SL500_.jpg" alt="Product Image"></a><p>Bragg Organic Apple Cider Vinegar With the Mother– Raw, Unfiltered All Natural Ingredients (64 Fl Oz (Pack of 1))</p><p>$13.68 ($0.21 / Fl Oz)</p><a href="https://www.amazon.com/dp/B0BGYTGT7X?tag=eloabder-20&linkCode=osi&th=1&psc=1">View Product</a></div><div class="product"><a href="https://www.amazon.com/dp/B08TZY2TZ8?tag=eloabder-20&linkCode=osi&th=1&psc=1"><img src="https://m.media-amazon.com/images/I/41YwKPQA9rL._SL500_.jpg" alt="Product Image"></a><p>Due Vittorie Oro Gold Balsamic Vinegar of Modena. Highest score from The Consortium of Modena With Cork Pourer - 8.45fl oz / 250ml</p><p>$17.00 ($2.01 / Fl Oz)</p><a href="https://www.amazon.com/dp/B08TZY2TZ8?tag=eloabder-20&linkCode=osi&th=1&psc=1">View Product</a></div>
<div class="product"><a href="https://www.amazon.com/dp/B07HMJWCNL?tag=eloabder-20&linkCode=osi&th=1&psc=1"><img src="https://m.media-amazon.com/images/I/51ayBrtgPUL._SL500_.jpg" alt="Product Image"></a><p>TRUFF Original Black Truffle Hot Sauce, Gourmet Hot Sauce with Ripe Chili Peppers, Black Truffle Oil, Agave Nectar, Unique Flavor Experience in a Bottle, 6 oz.</p><p>$14.99</p><a href="https://www.amazon.com/dp/B07HMJWCNL?tag=eloabder-20&linkCode=osi&th=1&psc=1">View Product</a></div><div class="product"><a href="https://www.amazon.com/dp/B083QT1TPX?tag=eloabder-20&linkCode=osi&th=1&psc=1"><img src="https://m.media-amazon.com/images/I/41mYuAlAFNL._SL500_.jpg" alt="Product Image"></a><p>TRUFF Hot Sauce Variety Pack, Gourmet Hot Sauce Set of Original, Hotter and Limited White Edition, Unique Flavor Experiences with Truffle, 3-Bottle Bundle, 3ct 6oz bottles</p><p>$67.99 ($3.78 / Ounce)</p><a href="https://www.amazon.com/dp/B083QT1TPX?tag=eloabder-20&linkCode=osi&th=1&psc=1">View Product</a></div><div class="product"><a href="https://www.amazon.com/dp/B0BV19S7TR?tag=eloabder-20&linkCode=osi&th=1&psc=1"><img src="https://m.media-amazon.com/images/I/51iGXyqK-pL._SL500_.jpg" alt="Product Image"></a><p>Le Sauce & Co., White Wine Lemon Garlic Gourmet Finishing Sauce (2-pack), Steakhouse Quality Gourmet Sauce, Lemon Sauce, Garlic Sauce, White Wine Sauce, Steak Sauce, Chicken sauce, Lemon Sauce, Cream Sauce,</p><p>$13.94 ($1.55 / Ounce)</p><a href="https://www.amazon.com/dp/B0BV19S7TR?tag=eloabder-20&linkCode=osi&th=1&psc=1">View Product</a></div><div class="product"><a href="https://www.amazon.com/dp/B078JBZBW5?tag=eloabder-20&linkCode=osi&th=1&psc=1"><img src="https://m.media-amazon.com/images/I/51J1qgzr8uL._SL500_.jpg" alt="Product Image"></a><p>Melinda’s Hot Sauce Variety Pack - Extra Spicy Gourmet Hot Sauce Gift Set with Variety of Heat Levels - Includes XXXXtra Reserve, Garlic Habanero, Extra Hot, Mango, Ghost Pepper- 5 oz, 5 Pack</p><p>$21.99 ($0.88 / Fl Oz)</p><a href="https://www.amazon.com/dp/B078JBZBW5?tag=eloabder-20&linkCode=osi&th=1&psc=1">View Product</a></div><div class="product"><a href="https://www.amazon.com/dp/B0BL864XMH?tag=eloabder-20&linkCode=osi&th=1&psc=1"><img src="https://m.media-amazon.com/images/I/51+63Ag8ApL._SL500_.jpg" alt="Product Image"></a><p>Dave's Gourmet Creamy Hot Sauce Variety 4-Pack - Moderate Heat for Flavoring Your Favorite Food</p><p>$30.99 ($0.97 / Ounce)</p><a href="https://www.amazon.com/dp/B0BL864XMH?tag=eloabder-20&linkCode=osi&th=1&psc=1">View Product</a></div>
<div class="product"><a href="https://www.amazon.com/dp/B07WT6GP2F?tag=eloabder-20&linkCode=osi&th=1&psc=1"><img src="https://m.media-amazon.com/images/I/41mEgBeglEL._SL500_.jpg" alt="Product Image"></a><p>Lindt Mini Pralines, Assorted Chocolate Pralines with Premium Filling, Great for gift giving, 6.2 oz Box</p><p>$16.49 ($2.66 / Ounce)</p><a href="https://www.amazon.com/dp/B07WT6GP2F?tag=eloabder-20&linkCode=osi&th=1&psc=1">View Product</a></div><div class="product"><a href="https://www.amazon.com/dp/B01BDI89SW?tag=eloabder-20&linkCode=osi&th=1&psc=1"><img src="https://m.media-amazon.com/images/I/61w5wYyxzKL._SL500_.jpg" alt="Product Image"></a><p>Ferrero Collection, 24 Count, Premium Gourmet Assorted Hazelnut Milk Chocolate, Dark Chocolate and Coconut, 9.1 oz</p><p>$11.97 ($1.32 / Ounce)</p><a href="https://www.amazon.com/dp/B01BDI89SW?tag=eloabder-20&linkCode=osi&th=1&psc=1">View Product</a></div><div class="product"><a href="https://www.amazon.com/dp/B0BHTWFQ5X?tag=eloabder-20&linkCode=osi&th=1&psc=1"><img src="https://m.media-amazon.com/images/I/41K-mIm1WNL._SL500_.jpg" alt="Product Image"></a><p>Lindt LINDOR Assorted Chocolate Truffles 90 Count Gift Box, Chocolate Candy with Smooth, Melting Truffle Center, 38.4 oz. Box</p><p>$33.95 ($0.88 / Ounce)</p><a href="https://www.amazon.com/dp/B0BHTWFQ5X?tag=eloabder-20&linkCode=osi&th=1&psc=1">View Product</a></div><div class="product"><a href="https://www.amazon.com/dp/B00UXI3PLU?tag=eloabder-20&linkCode=osi&th=1&psc=1"><img src="https://m.media-amazon.com/images/I/41Jw-Ek4+CL._SL500_.jpg" alt="Product Image"></a><p>Lindt LINDOR Milk Chocolate Candy Truffles, Milk Chocolate with Melting Truffle Center, 15.2 oz. Bag</p><p>$12.18 ($0.80 / Ounce)</p><a href="https://www.amazon.com/dp/B00UXI3PLU?tag=eloabder-20&linkCode=osi&th=1&psc=1">View Product</a></div>
<div class="product"><a href="https://www.amazon.com/dp/B000SDKDM4?tag=eloabder-20&linkCode=osi&th=1&psc=1"><img src="https://m.media-amazon.com/images/I/41L+oJp7MmL._SL500_.jpg" alt="Product Image"></a><p>Lavazza Super Crema Whole Bean Coffee Blend, light-Medium Espresso Roast, 2.2 Pound (Pack of 1) ,Premium Quality, Aromatic, Mild and creamy</p><p>$18.49 ($0.53 / Ounce)</p><a href="https://www.amazon.com/dp/B000SDKDM4?tag=eloabder-20&linkCode=osi&th=1&psc=1">View Product</a></div><div class="product"><a href="https://www.amazon.com/dp/B0721BGRS9?tag=eloabder-20&linkCode=osi&th=1&psc=1"><img src="https://m.media-amazon.com/images/I/41tHHVMfguL._SL500_.jpg" alt="Product Image"></a><p>Amazon Fresh, Dark Roast, Whole Bean Coffee, 32 Oz</p><p>$19.18 ($0.60 / Ounce)</p><a href="https://www.amazon.com/dp/B0721BGRS9?tag=eloabder-20&linkCode=osi&th=1&psc=1">View Product</a></div><div class="product"><a href="https://www.amazon.com/dp/B003GV7JFE?tag=eloabder-20&linkCode=osi&th=1&psc=1"><img src="https://m.media-amazon.com/images/I/41IKY6hLa9L._SL500_.jpg" alt="Product Image"></a><p>Eight O'Clock Coffee Whole Bean, The Original, 42 Ounce</p><p>$13.98</p><a href="https://www.amazon.com/dp/B003GV7JFE?tag=eloabder-20&linkCode=osi&th=1&psc=1">View Product</a></div><div class="product"><a href="https://www.amazon.com/dp/B07171HMF5?tag=eloabder-20&linkCode=osi&th=1&psc=1"><img src="https://m.media-amazon.com/images/I/41EBDHFVYVL._SL500_.jpg" alt="Product Image"></a><p>Mt. Comfort Coffee Organic Peru Medium Roast, 2.5 Pounds - Flavor Notes of Nutty, Chocolate, & Citrus - Sourced From Small, Peruvian Coffee Farms - Roasted Whole Beans</p><p>$23.19 ($0.58 / Ounce)</p><a href="https://www.amazon.com/dp/B07171HMF5?tag=eloabder-20&linkCode=osi&th=1&psc=1">View Product</a></div><div class="product"><a href="https://www.amazon.com/dp/B006Y7WAHE?tag=eloabder-20&linkCode=osi&th=1&psc=1"><img src="https://m.media-amazon.com/images/I/31VxnI1AuQL._SL500_.jpg" alt="Product Image"></a><p>Cameron's Coffee Roasted Whole Bean Coffee, Breakfast Blend, 32 Ounce, (Pack of 1)</p><p>$10.98 ($0.34 / Ounce)</p><a href="https://www.amazon.com/dp/B006Y7WAHE?tag=eloabder-20&linkCode=osi&th=1&psc=1">View Product</a></div><div class="product"><a href="https://www.amazon.com/dp/B0002E2GQU?tag=eloabder-20&linkCode=osi&th=1&psc=1"><img src="https://m.media-amazon.com/images/I/41f+StbrprL._SL500_.jpg" alt="Product Image"></a><p>Lavazza Crema E Aroma Whole Bean Coffee Blend, 2.2-Pound Bag , Balanced medium roast with an intense, earthy flavor and long lasting crema, Non-GMO</p><p>$17.99 ($0.51 / Ounce)</p><a href="https://www.amazon.com/dp/B0002E2GQU?tag=eloabder-20&linkCode=osi&th=1&psc=1">View Product</a></div><div class="product"><a href="https://www.amazon.com/dp/B005OJ4X32?tag=eloabder-20&linkCode=osi&th=1&psc=1"><img src="https://m.media-amazon.com/images/I/31GzxEGJ-1L._SL500_.jpg" alt="Product Image"></a><p>Lavazza Espresso Barista Gran Crema Whole Bean Coffee Blend, Medium Espresso Roast, Oz Bag (Packaging May Vary) - 2.2 LB, 35.2 Ounce</p><p>$17.99 ($0.51 / Ounce)</p><a href="https://www.amazon.com/dp/B005OJ4X32?tag=eloabder-20&linkCode=osi&th=1&psc=1">View Product</a></div><div class="product"><a href="https://www.amazon.com/dp/B003YVRX5W?tag=eloabder-20&linkCode=osi&th=1&psc=1"><img src="https://m.media-amazon.com/images/I/41Ioxmr1WhL._SL500_.jpg" alt="Product Image"></a><p>Tim Hortons Whole Bean Original, Medium Roast Coffee, Made with 100% Arabica Beans, 32 Ounce Bag</p><p>$15.68 ($0.49 / Ounce)</p><a href="https://www.amazon.com/dp/B003YVRX5W?tag=eloabder-20&linkCode=osi&th=1&psc=1">View Product</a></div><div class="product"><a href="https://www.amazon.com/dp/B016RY0LWO?tag=eloabder-20&linkCode=osi&th=1&psc=1"><img src="https://m.media-amazon.com/images/I/41I6lHKpWrL._SL500_.jpg" alt="Product Image"></a><p>Lavazza Espresso Italiano Whole Bean Coffee Blend, Medium Roast,Premium Quality Arabic, 2.2 Pound (Pack of 1) (Packaging may vary)</p><p>$14.98 ($0.43 / Ounce)</p><a href="https://www.amazon.com/dp/B016RY0LWO?tag=eloabder-20&linkCode=osi&th=1&psc=1">View Product</a></div>
<div class="product"><a href="https://www.amazon.com/dp/B09ZMVM3XJ?tag=eloabder-20&linkCode=osi&th=1&psc=1"><img src="https://m.media-amazon.com/images/I/51IRO3xhEKL._SL500_.jpg" alt="Product Image"></a><p>Gardenika Organic Loose Leaf Tea Sampler – 8 Pack, 1 LB – Herbal and Naturally Caffeine-Free Set - Ayurvedic Assortment Blend</p><p>$29.95 ($29.95 / Count)</p><a href="https://www.amazon.com/dp/B09ZMVM3XJ?tag=eloabder-20&linkCode=osi&th=1&psc=1">View Product</a></div><div class="product"><a href="https://www.amazon.com/dp/B0CVTGJHK9?tag=eloabder-20&linkCode=osi&th=1&psc=1"><img src="https://m.media-amazon.com/images/I/51J-jqFqytL._SL500_.jpg" alt="Product Image"></a><p>Lyon DIY Tea Blending Set-16 Tin Variety Pack-Premium Herbal Tea & Exotic Floral/Fruit Flavor Infusers - Create 75+ Cups w/Assorted Teas, Oolong, Chamomile, Rose, Peach & More</p><p>$44.95 ($6.25 / Ounce)</p><a href="https://www.amazon.com/dp/B0CVTGJHK9?tag=eloabder-20&linkCode=osi&th=1&psc=1">View Product</a></div><div class="product"><a href="https://www.amazon.com/dp/B01AJBV0US?tag=eloabder-20&linkCode=osi&th=1&psc=1"><img src="https://m.media-amazon.com/images/I/516u5DAm7GL._SL500_.jpg" alt="Product Image"></a><p>Tiesta Tea - Lavender Chamomile | Soft Chamomile Herbal Tea | Premium Loose Leaf Tea Blend | Non Caffeinated Herbal Tea | Make Hot or Iced Tea & Brews Up to 25 Cups - 0.9 Ounce Resealable Pouch</p><p>$4.99 ($5.54 / Ounce)</p><a href="https://www.amazon.com/dp/B01AJBV0US?tag=eloabder-20&linkCode=osi&th=1&psc=1">View Product</a></div><div class="product"><a href="https://www.amazon.com/dp/B08VF85JJF?tag=eloabder-20&linkCode=osi&th=1&psc=1"><img src="https://m.media-amazon.com/images/I/517Ac4bB6FL._SL500_.jpg" alt="Product Image"></a><p>Tiesta Tea Top 8 Favorites Sampler Set, Up to 80 Cups, High to No Caffeine, Hot & Iced Tea, Loose Leaf Tea Variety Pack with Green, Herbal, Black & Chai Tea, 8 Sample Pouches</p><p>$22.95 ($3.59 / Ounce)</p><a href="https://www.amazon.com/dp/B08VF85JJF?tag=eloabder-20&linkCode=osi&th=1&psc=1">View Product</a></div><div class="product"><a href="https://www.amazon.com/dp/B08MWDTNTZ?tag=eloabder-20&linkCode=osi&th=1&psc=1"><img src="https://m.media-amazon.com/images/I/51M1TNYBU7L._SL500_.jpg" alt="Product Image"></a><p>Tetley British Blend Premium Black Tea, 320 Tea Bags, Rainforest Alliance Certified, 320 Count (Pack of 1)</p><p>$15.92 ($0.05 / Count)</p><a href="https://www.amazon.com/dp/B08MWDTNTZ?tag=eloabder-20&linkCode=osi&th=1&psc=1">View Product</a></div><div class="product"><a href="https://www.amazon.com/dp/B086R8PDZV?tag=eloabder-20&linkCode=osi&th=1&psc=1"><img src="https://m.media-amazon.com/images/I/41nHau5YdVL._SL500_.jpg" alt="Product Image"></a><p>Buddha Teas - Organic Mushroom Wellness Blend - Herbal Tea - For Health & Wellbeing - With Antioxidants & Minerals - Clean Ingredients - Caffeine Free - OU Kosher & Non-GMO - 18 Tea Bags (Pack of 1).</p><p>$8.25 ($0.46 / Count)</p><a href="https://www.amazon.com/dp/B086R8PDZV?tag=eloabder-20&linkCode=osi&th=1&psc=1">View Product</a></div><div class="product"><a href="https://www.amazon.com/dp/B07CGW59KH?tag=eloabder-20&linkCode=osi&th=1&psc=1"><img src="https://m.media-amazon.com/images/I/611h06lvlUL._SL500_.jpg" alt="Product Image"></a><p>Loose Leaf Tea Sampler Create Your Own Tea Blend Starter Kit w/Sencha, Rooibos, China Black, & Ginger, Lavender, Rose, Lemongrass, Hibiscus Spices</p><p>$29.99</p><a href="https://www.amazon.com/dp/B07CGW59KH?tag=eloabder-20&linkCode=osi&th=1&psc=1">View Product</a></div><div class="product"><a href="https://www.amazon.com/dp/B0CT8JGNB8?tag=eloabder-20&linkCode=osi&th=1&psc=1"><img src="https://m.media-amazon.com/images/I/411PWQNU6BL._SL500_.jpg" alt="Product Image"></a><p>120 Premium Turmeric, Ginger, Cinnamon Blend Tea Bags, 100% Natural & No Additives & Caffeine Free.</p><p>$14.95 ($0.12 / Count)</p><a href="https://www.amazon.com/dp/B0CT8JGNB8?tag=eloabder-20&linkCode=osi&th=1&psc=1">View Product</a></div><div class="product"><a href="https://www.amazon.com/dp/B00OS96DVY?tag=eloabder-20&linkCode=osi&th=1&psc=1"><img src="https://m.media-amazon.com/images/I/51-sK6ajnML._SL500_.jpg" alt="Product Image"></a><p>Harney & Sons Tower of London Black Tea with Vanilla, Black Currant, Caramel, and Honey | 30 sachets, Historic Royal Palaces Collection</p><p>$10.33 ($3.90 / Ounce)</p><a href="https://www.amazon.com/dp/B00OS96DVY?tag=eloabder-20&linkCode=osi&th=1&psc=1">View Product</a></div><div class="product"><a href="https://www.amazon.com/dp/B0BHYBHVJ6?tag=eloabder-20&linkCode=osi&th=1&psc=1"><img src="https://m.media-amazon.com/images/I/51F9trJcmdL._SL500_.jpg" alt="Product Image"></a><p>Organic Sleep Blend Herbal Tea - 50 Packets - Natural Chamomile, Peppermint, Fennel And Tulsi Teabags - USDA Certified 100% Non-GMO - Decaffeinated Designer Gift Tin</p><p>$8.69 ($0.17 / Count)</p><a href="https://www.amazon.com/dp/B0BHYBHVJ6?tag=eloabder-20&linkCode=osi&th=1&psc=1">View Product</a></div>
<div class="product"><a href="https://www.amazon.com/dp/B0BVXD8CX3?tag=eloabder-20&linkCode=osi&th=1&psc=1"><img src="https://m.media-amazon.com/images/I/51hkEiL7c8L._SL500_.jpg" alt="Product Image"></a><p>Simply Organic Herbs, Spices and Seasonings Assorted Variety Sampler Gift Set - By Veher (24-Pack)</p><p>$142.95 ($5.96 / Ounce)</p><a href="https://www.amazon.com/dp/B0BVXD8CX3?tag=eloabder-20&linkCode=osi&th=1&psc=1">View Product</a></div><div class="product"><a href="https://www.amazon.com/dp/B094WXH3KP?tag=eloabder-20&linkCode=osi&th=1&psc=1"><img src="https://m.media-amazon.com/images/I/51mqUk3dM1L._SL500_.jpg" alt="Product Image"></a><p>eonou Encore Seasonings and Spices 10 pk - Premium Cooking Spices and Herbs (Oregano, Rosemary, Basil, Parsley, Italian Seasoning, Cumin, Steak Spice, Chopped Onion, Onion Powder, Thyme)</p><p>$19.99 ($2.00 / Count)</p><a href="https://www.amazon.com/dp/B094WXH3KP?tag=eloabder-20&linkCode=osi&th=1&psc=1">View Product</a></div><div class="product"><a href="https://www.amazon.com/dp/B072N9BLHS?tag=eloabder-20&linkCode=osi&th=1&psc=1"><img src="https://m.media-amazon.com/images/I/519zkN7EgWL._SL500_.jpg" alt="Product Image"></a><p>The Spice Way Herbes De Provence - | 4oz | fresh herbs and spice seasoning</p><p>$6.99 ($1.75 / Ounce)</p><a href="https://www.amazon.com/dp/B072N9BLHS?tag=eloabder-20&linkCode=osi&th=1&psc=1">View Product</a></div><div class="product"><a href="https://www.amazon.com/dp/B0761Z81ZK?tag=eloabder-20&linkCode=osi&th=1&psc=1"><img src="https://m.media-amazon.com/images/I/51tYgb8ntBL._SL500_.jpg" alt="Product Image"></a><p>McCormick Grill Mates Roasted Garlic & Herb Seasoning, 9.25 oz</p><p>$7.43 ($0.80 / Ounce)</p><a href="https://www.amazon.com/dp/B0761Z81ZK?tag=eloabder-20&linkCode=osi&th=1&psc=1">View Product</a></div><div class="product"><a href="https://www.amazon.com/dp/B00CQ7K9J2?tag=eloabder-20&linkCode=osi&th=1&psc=1"><img src="https://m.media-amazon.com/images/I/317BBm1p-TL._SL500_.jpg" alt="Product Image"></a><p>Bragg Sprinkle Herbs and Spices - Salt Free Seasoning, 1.5oz, Single</p><p>$6.99 ($4.66 / Ounce)</p><a href="https://www.amazon.com/dp/B00CQ7K9J2?tag=eloabder-20&linkCode=osi&th=1&psc=1">View Product</a></div><div class="product"><a href="https://www.amazon.com/dp/B003H2S2KI?tag=eloabder-20&linkCode=osi&th=1&psc=1"><img src="https://m.media-amazon.com/images/I/41mr0wk+3mL._SL500_.jpg" alt="Product Image"></a><p>Badia Herbs De Provence, 8 Ounces</p><p>$6.26 ($0.78 / Ounce)</p><a href="https://www.amazon.com/dp/B003H2S2KI?tag=eloabder-20&linkCode=osi&th=1&psc=1">View Product</a></div><div class="product"><a href="https://www.amazon.com/dp/B0BQ4VRJBL?tag=eloabder-20&linkCode=osi&th=1&psc=1"><img src="https://m.media-amazon.com/images/I/41ZxLNNd8mL._SL500_.jpg" alt="Product Image"></a><p>Weber Roasted Garlic & Herb Seasoning, 5.5 Ounce Shaker</p><p>$2.82 ($0.51 / Ounce)</p><a href="https://www.amazon.com/dp/B0BQ4VRJBL?tag=eloabder-20&linkCode=osi&th=1&psc=1">View Product</a></div><div class="product"><a href="https://www.amazon.com/dp/B08KRC7V7J?tag=eloabder-20&linkCode=osi&th=1&psc=1"><img src="https://m.media-amazon.com/images/I/4170CYnZ9WL._SL500_.jpg" alt="Product Image"></a><p>McCormick Salt Free Garlic and Herb Seasoning, 4.37 oz</p><p>$4.68 ($1.07 / Ounce)</p><a href="https://www.amazon.com/dp/B08KRC7V7J?tag=eloabder-20&linkCode=osi&th=1&psc=1">View Product</a></div><div class="product"><a href="https://www.amazon.com/dp/B00IX4WUTY?tag=eloabder-20&linkCode=osi&th=1&psc=1"><img src="https://m.media-amazon.com/images/I/51TAH1ijkqS._SL500_.jpg" alt="Product Image"></a><p>Bragg Sprinkle Herbs and Spices Seasoning, 1.5oz, 3 Pack</p><p>$20.27 ($13.51 / Ounce)</p><a href="https://www.amazon.com/dp/B00IX4WUTY?tag=eloabder-20&linkCode=osi&th=1&psc=1">View Product</a></div>
<div class="product"><a href="https://www.amazon.com/dp/B0BWSKYV63?tag=eloabder-20&linkCode=osi&th=1&psc=1"><img src="https://m.media-amazon.com/images/I/51Q5Je2yRhL._SL500_.jpg" alt="Product Image"></a><p>Welch's Fruit Snacks, Mixed Fruit, Perfect Easter Basket Stuffers, Gluten Free, Bulk Pack, Individual Single Serve Bags, 0.8 oz (Pack of 40)</p><p>$7.99 ($0.25 / Ounce)</p><a href="https://www.amazon.com/dp/B0BWSKYV63?tag=eloabder-20&linkCode=osi&th=1&psc=1">View Product</a></div><div class="product"><a href="https://www.amazon.com/dp/B08826B2XL?tag=eloabder-20&linkCode=osi&th=1&psc=1"><img src="https://m.media-amazon.com/images/I/61DT5pSYXFL._SL500_.jpg" alt="Product Image"></a><p>Frito Lay Ultimate Classic Snacks Package, Variety Assortment of Chips, Cookies, Crackers, & Nuts, (Pack of 40) (Packaging May Vary)</p><p>$26.91</p><a href="https://www.amazon.com/dp/B08826B2XL?tag=eloabder-20&linkCode=osi&th=1&psc=1">View Product</a></div><div class="product"><a href="https://www.amazon.com/dp/B013OY25GA?tag=eloabder-20&linkCode=osi&th=1&psc=1"><img src="https://m.media-amazon.com/images/I/51FlSjX95aL._SL500_.jpg" alt="Product Image"></a><p>Snack Pack Chocolate and Vanilla Flavored Pudding Cups Family Pack, 12 Count Pudding Cups (6 Pack)</p><p>$3.27 ($0.01 / Ounce)</p><a href="https://www.amazon.com/dp/B013OY25GA?tag=eloabder-20&linkCode=osi&th=1&psc=1">View Product</a></div><div class="product"><a href="https://www.amazon.com/dp/B0BWSLB73Z?tag=eloabder-20&linkCode=osi&th=1&psc=1"><img src="https://m.media-amazon.com/images/I/51RWXG4OG6L._SL500_.jpg" alt="Product Image"></a><p>Welch's Fruit Snacks, Fruit Punch & Island Fruits Variety Pack, Perfect for School Lunches, Gluten Free, Bulk Pack, 0.8 oz Individual Single Serve Bags (Pack of 40)</p><p>$8.49 ($0.21 / Count)</p><a href="https://www.amazon.com/dp/B0BWSLB73Z?tag=eloabder-20&linkCode=osi&th=1&psc=1">View Product</a></div><div class="product"><a href="https://www.amazon.com/dp/B09FFXR2VV?tag=eloabder-20&linkCode=osi&th=1&psc=1"><img src="https://m.media-amazon.com/images/I/51SZiftXwcL._SL500_.jpg" alt="Product Image"></a><p>The Only Bean Crunchy Dry Roasted Edamame Snacks (Sea Salt), Keto Snack Food, High Protein (11g) Healthy Snacks, Low Carb Gluten Free Office Vegan Food 100 Calorie Snack Pack, 0.9oz 10 Pack</p><p>$12.72 ($1.41 / Ounce)</p><a href="https://www.amazon.com/dp/B09FFXR2VV?tag=eloabder-20&linkCode=osi&th=1&psc=1">View Product</a></div><div class="product"><a href="https://www.amazon.com/dp/B072151Q32?tag=eloabder-20&linkCode=osi&th=1&psc=1"><img src="https://m.media-amazon.com/images/I/41Rlgfdz90L._SL500_.jpg" alt="Product Image"></a><p>Dole Fruit Bowls No Sugar Added Variety Pack Snacks, Peaches, Mandarin Oranges & Cherry Mixed Fruit, 4oz 12 Cups, Gluten & Dairy Free, Bulk Lunch Snacks for Kids & Adults</p><p>$6.74 ($0.56 / Count)</p><a href="https://www.amazon.com/dp/B072151Q32?tag=eloabder-20&linkCode=osi&th=1&psc=1">View Product</a></div><div class="product"><a href="https://www.amazon.com/dp/B084RDDFGR?tag=eloabder-20&linkCode=osi&th=1&psc=1"><img src="https://m.media-amazon.com/images/I/41eLMpoHGkL._SL500_.jpg" alt="Product Image"></a><p>Kellogg's Rice Krispies Treats, Crispy Marshmallow Squares, Original, School Lunch Snack, 41.9oz Case (54 Count)</p><p>$13.49 ($0.32 / Ounce)</p><a href="https://www.amazon.com/dp/B084RDDFGR?tag=eloabder-20&linkCode=osi&th=1&psc=1">View Product</a></div><div class="product"><a href="https://www.amazon.com/dp/B00G2XNSWQ?tag=eloabder-20&linkCode=osi&th=1&psc=1"><img src="https://m.media-amazon.com/images/I/411XH1pQP8L._SL500_.jpg" alt="Product Image"></a><p>Nutella & GO! Bulk 12 Pack, Hazelnut and Cocoa Spread with Breadsticks, Snack Cups for Kids, 1.8 oz Each</p><p>$11.99 ($0.56 / Ounce)</p><a href="https://www.amazon.com/dp/B00G2XNSWQ?tag=eloabder-20&linkCode=osi&th=1&psc=1">View Product</a></div><div class="product"><a href="https://www.amazon.com/dp/B00KR7PKTC?tag=eloabder-20&linkCode=osi&th=1&psc=1"><img src="https://m.media-amazon.com/images/I/414UW7g-s5L._SL500_.jpg" alt="Product Image"></a><p>Cheez-It Cheese Crackers, Baked Snack Crackers, Lunch Snacks, Variety Pack, 12.1oz Box (12 Packs)</p><p>$5.82 ($0.48 / Ounce)</p><a href="https://www.amazon.com/dp/B00KR7PKTC?tag=eloabder-20&linkCode=osi&th=1&psc=1">View Product</a></div><div class="product"><a href="https://www.amazon.com/dp/B078D7MGY5?tag=eloabder-20&linkCode=osi&th=1&psc=1"><img src="https://m.media-amazon.com/images/I/41ttxloA1AL._SL500_.jpg" alt="Product Image"></a><p>Pringles Potato Crisps Chips, Lunch Snacks, On-the-Go Snacks, Snack Stacks, Variety Pack, 19.3oz Box (27 Cups)</p><p>$12.99 ($0.67 / Ounce)</p><a href="https://www.amazon.com/dp/B078D7MGY5?tag=eloabder-20&linkCode=osi&th=1&psc=1">View Product</a></div>
<div class="product"><a href="https://www.amazon.com/dp/B0C5YLP6PC?tag=eloabder-20&linkCode=osi&th=1&psc=1"><img src="https://m.media-amazon.com/images/I/41Ru-8CxkhL._SL500_.jpg" alt="Product Image"></a><p>3 Pack, Gluten Free Potato Gnocchi, Cooks in 2-3 minutes, (3 x 1 lb), Italian Gnocchi, Product of Italy, NON GMO, Eggs Free, Vegan, by L'Oro Del Sud</p><p>$17.99 ($1.12 / Ounce)</p><a href="https://www.amazon.com/dp/B0C5YLP6PC?tag=eloabder-20&linkCode=osi&th=1&psc=1">View Product</a></div><div class="product"><a href="https://www.amazon.com/dp/B09Q98H64R?tag=eloabder-20&linkCode=osi&th=1&psc=1"><img src="https://m.media-amazon.com/images/I/5101NV4WQOL._SL500_.jpg" alt="Product Image"></a><p>Kraft Gluten Free Original Mac & Cheese Macaroni and Cheese Dinner, 4 ct Pack, 1.9 oz Cups</p><p>$6.49 ($0.85 / Ounce)</p><a href="https://www.amazon.com/dp/B09Q98H64R?tag=eloabder-20&linkCode=osi&th=1&psc=1">View Product</a></div><div class="product"><a href="https://www.amazon.com/dp/B0BRBWXDTK?tag=eloabder-20&linkCode=osi&th=1&psc=1"><img src="https://m.media-amazon.com/images/I/41Di2iNnMJL._SL500_.jpg" alt="Product Image"></a><p>Katz Gluten Free Oatmeal Crème Pies| Dairy Free, Nut Free, Soy Free, Gluten Free | Kosher (1 Pack 6.3 Ounce)</p><p>$12.99 ($2.16 / Ounce)</p><a href="https://www.amazon.com/dp/B0BRBWXDTK?tag=eloabder-20&linkCode=osi&th=1&psc=1">View Product</a></div><div class="product"><a href="https://www.amazon.com/dp/B01JJ9H1Q8?tag=eloabder-20&linkCode=osi&th=1&psc=1"><img src="https://m.media-amazon.com/images/I/41EC1yykptL._SL500_.jpg" alt="Product Image"></a><p>King Arthur, Measure for Measure Flour, Certified Gluten-Free, Non-GMO Project Verified, Certified Kosher, 3 Pounds, Packaging May Vary</p><p>$8.62 ($0.18 / Ounce)</p><a href="https://www.amazon.com/dp/B01JJ9H1Q8?tag=eloabder-20&linkCode=osi&th=1&psc=1">View Product</a></div><div class="product"><a href="https://www.amazon.com/dp/B07CL1SRNB?tag=eloabder-20&linkCode=osi&th=1&psc=1"><img src="https://m.media-amazon.com/images/I/51jpv3MCzgL._SL500_.jpg" alt="Product Image"></a><p>Snyder's of Hanover, Gluten Free Pretzels, 8 Oz</p><p>$4.89 ($0.61 / Ounce)</p><a href="https://www.amazon.com/dp/B07CL1SRNB?tag=eloabder-20&linkCode=osi&th=1&psc=1">View Product</a></div><div class="product"><a href="https://www.amazon.com/dp/B004TSXNIA?tag=eloabder-20&linkCode=osi&th=1&psc=1"><img src="https://m.media-amazon.com/images/I/5137tUox+SL._SL500_.jpg" alt="Product Image"></a><p>Annie's Gluten Free Cocoa and Vanilla Bunny Cookies, 6.75 oz</p><p>$4.22 ($0.62 / Ounce)</p><a href="https://www.amazon.com/dp/B004TSXNIA?tag=eloabder-20&linkCode=osi&th=1&psc=1">View Product</a></div><div class="product"><a href="https://www.amazon.com/dp/B00GI9B84O?tag=eloabder-20&linkCode=osi&th=1&psc=1"><img src="https://m.media-amazon.com/images/I/41e7kO-b3WS._SL500_.jpg" alt="Product Image"></a><p>Mom's Place Gluten Free Beef Stroganoff Mix</p><p>$5.99 ($5.99 / Count)</p><a href="https://www.amazon.com/dp/B00GI9B84O?tag=eloabder-20&linkCode=osi&th=1&psc=1">View Product</a></div><div class="product"><a href="https://www.amazon.com/dp/B0BXQWVL1Q?tag=eloabder-20&linkCode=osi&th=1&psc=1"><img src="https://m.media-amazon.com/images/I/413idrGl7fL._SL500_.jpg" alt="Product Image"></a><p>Simple Mills Almond Flour Snack Bars (Chocolate Brownie) with Organic Coconut Oil, Chia Seeds, Sunflower Seeds, and Flax Seeds, 6oz, 1 Count</p><p>$4.50 ($0.75 / Ounce)</p><a href="https://www.amazon.com/dp/B0BXQWVL1Q?tag=eloabder-20&linkCode=osi&th=1&psc=1">View Product</a></div><div class="product"><a href="https://www.amazon.com/dp/B09Z9QV2CT?tag=eloabder-20&linkCode=osi&th=1&psc=1"><img src="https://m.media-amazon.com/images/I/41pnXqKjS7L._SL500_.jpg" alt="Product Image"></a><p>Mom's Place Gluten Free Biscuits & Gravy Mix</p><p>$8.99 ($0.67 / Ounce)</p><a href="https://www.amazon.com/dp/B09Z9QV2CT?tag=eloabder-20&linkCode=osi&th=1&psc=1">View Product</a></div>
<div class="product"><a href="https://www.amazon.com/dp/B0BNZF5CCM?tag=eloabder-20&linkCode=osi&th=1&psc=1"><img src="https://m.media-amazon.com/images/I/61ZB1KesX-L._SL500_.jpg" alt="Product Image"></a><p>Midi International Snack Box | Premium Exotic Foreign Snacks | Unique Snack Food Gifts Included | Purple Theme Box | Candies from Around the World | 12 Full-Size + 1 Bonus Snacks</p><p>$14.95 ($14.95 / Count)</p><a href="https://www.amazon.com/dp/B0BNZF5CCM?tag=eloabder-20&linkCode=osi&th=1&psc=1">View Product</a></div><div class="product"><a href="https://www.amazon.com/dp/B08W72N8SM?tag=eloabder-20&linkCode=osi&th=1&psc=1"><img src="https://m.media-amazon.com/images/I/61UC7bprqkL._SL500_.jpg" alt="Product Image"></a><p>Midi International Snack Box | Premium Exotic Foreign Snacks | Unique Snack Food Gifts Included | Fantastic Space Theme | Candies from Around the World | 12 Full-Size + 1 Bonus Snacks</p><p>$14.99 ($1.25 / Count)</p><a href="https://www.amazon.com/dp/B08W72N8SM?tag=eloabder-20&linkCode=osi&th=1&psc=1">View Product</a></div><div class="product"><a href="https://www.amazon.com/dp/B0C6PRVVJY?tag=eloabder-20&linkCode=osi&th=1&psc=1"><img src="https://m.media-amazon.com/images/I/61o8Z3EzSnL._SL500_.jpg" alt="Product Image"></a><p>International Exotic Snack Box Variety Pack, 22 Count Premium Foreign Rare Snack Food Gifts with Suprise Item for Fun, Mystery Box of Snacks, European Snacks for Adults and Kids</p><p>$29.95</p><a href="https://www.amazon.com/dp/B0C6PRVVJY?tag=eloabder-20&linkCode=osi&th=1&psc=1">View Product</a></div><div class="product"><a href="https://www.amazon.com/dp/B09T7B3QFJ?tag=eloabder-20&linkCode=osi&th=1&psc=1"><img src="https://m.media-amazon.com/images/I/61Xx7pPJCkL._SL500_.jpg" alt="Product Image"></a><p>Universal Yums International Snack Box | Variety Pack Of Chips, Candy, Chocolates, And Snacks From Around The World | Foreign Snacks For Office, Family, Gifts, And Parties | (50 Exotic Snacks)</p><p>$49.50</p><a href="https://www.amazon.com/dp/B09T7B3QFJ?tag=eloabder-20&linkCode=osi&th=1&psc=1">View Product</a></div><div class="product"><a href="https://www.amazon.com/dp/B08W71KXLS?tag=eloabder-20&linkCode=osi&th=1&psc=1"><img src="https://m.media-amazon.com/images/I/61dcTJQFmBL._SL500_.jpg" alt="Product Image"></a><p>Midi International Snack Box | Premium Exotic Foreign Snacks | Unique Snack Food Gifts Included | Picnic Box Theme | Candies from Around the World | 12 Full-Size + 1 Bonus Snacks</p><p>$14.99 ($14.99 / Count)</p><a href="https://www.amazon.com/dp/B08W71KXLS?tag=eloabder-20&linkCode=osi&th=1&psc=1">View Product</a></div><div class="product"><a href="https://www.amazon.com/dp/B09TG6WCBC?tag=eloabder-20&linkCode=osi&th=1&psc=1"><img src="https://m.media-amazon.com/images/I/61lmk368l0L._SL500_.jpg" alt="Product Image"></a><p>Midi International Snack Box (Fairy Tale Themed) | Snacks Variety Pack of International Treats | Foreign Snack Box Offering Unique Experience | Mix Care Pack of Turkish Candies | 12 Full-Size Snacks</p><p>$14.99 ($1.00 / Ounce)</p><a href="https://www.amazon.com/dp/B09TG6WCBC?tag=eloabder-20&linkCode=osi&th=1&psc=1">View Product</a></div><div class="product"><a href="https://www.amazon.com/dp/B0BNZCVDYQ?tag=eloabder-20&linkCode=osi&th=1&psc=1"><img src="https://m.media-amazon.com/images/I/61aTXvWjbSL._SL500_.jpg" alt="Product Image"></a><p>Midi International Snack Box | Premium Exotic Foreign Snacks | Unique Snack Food Gifts Included | Orange Nebula Space Theme | Candies from Around the World | 12 Full-Size + 1 Bonus Snacks</p><p>$14.99 ($14.99 / Count)</p><a href="https://www.amazon.com/dp/B0BNZCVDYQ?tag=eloabder-20&linkCode=osi&th=1&psc=1">View Product</a></div><div class="product"><a href="https://www.amazon.com/dp/B0CK8DWXS2?tag=eloabder-20&linkCode=osi&th=1&psc=1"><img src="https://m.media-amazon.com/images/I/511Z-FX62TL._SL500_.jpg" alt="Product Image"></a><p>Mega International Snack Box | Premium Exotic Foreign Snacks | Unique Snack Food Gifts Included | Try Extraordinary Turkish Snacks | Candies from Around the World | 32+1 Full-Size Snacks</p><p>$39.95 ($1.00 / Ounce)</p><a href="https://www.amazon.com/dp/B0CK8DWXS2?tag=eloabder-20&linkCode=osi&th=1&psc=1">View Product</a></div><div class="product"><a href="https://www.amazon.com/dp/B0CGRMR7VN?tag=eloabder-20&linkCode=osi&th=1&psc=1"><img src="https://m.media-amazon.com/images/I/51PgWRUNnkL._SL500_.jpg" alt="Product Image"></a><p>Turkish Foreign Snack Box, Gourmet Turkish Food Gift Box, Variety of Unique Sweets and Savory Snacks from Turkey - International Snacks Box - Full Sized Snacks - 24ct</p><p>$23.99 ($1.00 / Count)</p><a href="https://www.amazon.com/dp/B0CGRMR7VN?tag=eloabder-20&linkCode=osi&th=1&psc=1">View Product</a></div>
<div class="product"><a href="https://www.amazon.com/dp/B001EQ5NHE?tag=eloabder-20&linkCode=osi&th=1&psc=1"><img src="https://m.media-amazon.com/images/I/51Kg06c5YuL._SL500_.jpg" alt="Product Image"></a><p>Spam Classic, 12 Ounce Can (Pack of 12)</p><p>$28.32 ($0.20 / Ounce)</p><a href="https://www.amazon.com/dp/B001EQ5NHE?tag=eloabder-20&linkCode=osi&th=1&psc=1">View Product</a></div><div class="product"><a href="https://www.amazon.com/dp/B08DQ6422D?tag=eloabder-20&linkCode=osi&th=1&psc=1"><img src="https://m.media-amazon.com/images/I/51-xOj2EbVL._SL500_.jpg" alt="Product Image"></a><p>Del Monte Cut Blue Lake Green Beans With No Added Salt 14.5 Oz,(Pack of 4)</p><p>$5.28 ($0.09 / Ounce)</p><a href="https://www.amazon.com/dp/B08DQ6422D?tag=eloabder-20&linkCode=osi&th=1&psc=1">View Product</a></div><div class="product"><a href="https://www.amazon.com/dp/B089PMW6C3?tag=eloabder-20&linkCode=osi&th=1&psc=1"><img src="https://m.media-amazon.com/images/I/41fKtFm2RAL._SL500_.jpg" alt="Product Image"></a><p>SpaghettiOs Canned Pasta with Meatballs, 15.6 oz Can (Pack of 12)</p><p>$11.44 ($0.06 / Ounce)</p><a href="https://www.amazon.com/dp/B089PMW6C3?tag=eloabder-20&linkCode=osi&th=1&psc=1">View Product</a></div><div class="product"><a href="https://www.amazon.com/dp/B006VS7C60?tag=eloabder-20&linkCode=osi&th=1&psc=1"><img src="https://m.media-amazon.com/images/I/51adZb-RUeL._SL500_.jpg" alt="Product Image"></a><p>Campbell’s Pork and Beans, 11 Oz Can (Case of 24)</p><p>$20.64 ($0.08 / Ounce)</p><a href="https://www.amazon.com/dp/B006VS7C60?tag=eloabder-20&linkCode=osi&th=1&psc=1">View Product</a></div><div class="product"><a href="https://www.amazon.com/dp/B00CPDWTBI?tag=eloabder-20&linkCode=osi&th=1&psc=1"><img src="https://m.media-amazon.com/images/I/61M2-LCC5uL._SL500_.jpg" alt="Product Image"></a><p>DEL MONTE FRESH CUT Whole New Canned Potatoes, Canned Vegetables, 12 Pack, 14.5 oz Can</p><p>$17.76 ($0.10 / Ounce)</p><a href="https://www.amazon.com/dp/B00CPDWTBI?tag=eloabder-20&linkCode=osi&th=1&psc=1">View Product</a></div><div class="product"><a href="https://www.amazon.com/dp/B00TFPKEZM?tag=eloabder-20&linkCode=osi&th=1&psc=1"><img src="https://m.media-amazon.com/images/I/51VTHItyaXL._SL500_.jpg" alt="Product Image"></a><p>Del Monte Canned Fresh Cut French Style Green Beans, 8 Ounce (Pack of 12)</p><p>$16.68 ($0.17 / Ounce)</p><a href="https://www.amazon.com/dp/B00TFPKEZM?tag=eloabder-20&linkCode=osi&th=1&psc=1">View Product</a></div><div class="product"><a href="https://www.amazon.com/dp/B08WR5J62L?tag=eloabder-20&linkCode=osi&th=1&psc=1"><img src="https://m.media-amazon.com/images/I/51QjonsN18L._SL500_.jpg" alt="Product Image"></a><p>Chicken of the Sea Chunk Light Tuna in Water, Wild Caught Tuna, 5-Ounce Cans (Pack of 10)</p><p>$8.90 ($2.85 / lb)</p><a href="https://www.amazon.com/dp/B08WR5J62L?tag=eloabder-20&linkCode=osi&th=1&psc=1">View Product</a></div><div class="product"><a href="https://www.amazon.com/dp/B01MQ6BDM0?tag=eloabder-20&linkCode=osi&th=1&psc=1"><img src="https://m.media-amazon.com/images/I/51chxbCoRfL._SL500_.jpg" alt="Product Image"></a><p>Libby's Vienna Sausage in Chicken Broth, Canned Sausage, 4.6 OZ (Pack of 24)</p><p>$23.52 ($0.98 / Count)</p><a href="https://www.amazon.com/dp/B01MQ6BDM0?tag=eloabder-20&linkCode=osi&th=1&psc=1">View Product</a></div><div class="product"><a href="https://www.amazon.com/dp/B01NBFQ8TF?tag=eloabder-20&linkCode=osi&th=1&psc=1"><img src="https://m.media-amazon.com/images/I/41ijyPglLPL._SL500_.jpg" alt="Product Image"></a><p>Bush's Best Baked Beans, Country Style with Bacon and Brown Sugar, 8.3 OZ (Pack of 12)</p><p>$20.28 ($1.69 / Count)</p><a href="https://www.amazon.com/dp/B01NBFQ8TF?tag=eloabder-20&linkCode=osi&th=1&psc=1">View Product</a></div><div class="product"><a href="https://www.amazon.com/dp/B019YHSNGC?tag=eloabder-20&linkCode=osi&th=1&psc=1"><img src="https://m.media-amazon.com/images/I/51oHYkvLL0L._SL500_.jpg" alt="Product Image"></a><p>Bumble Bee Chunk Light Tuna In Water, 5 oz Cans (Pack of 24) - Wild Caught Skipjack Tuna - 23g Protein Per Serving - MSC Certified Sustainable Seafood, Non-GMO, Gluten Free, Kosher</p><p>$23.36 ($0.19 / Ounce)</p><a href="https://www.amazon.com/dp/B019YHSNGC?tag=eloabder-20&linkCode=osi&th=1&psc=1">View Product</a></div>
<div class="product"><a href="https://www.amazon.com/dp/B07KQNNW9K?tag=eloabder-20&linkCode=osi&th=1&psc=1"><img src="https://m.media-amazon.com/images/I/51EVSxp535L._SL500_.jpg" alt="Product Image"></a><p>HORMEL COMPLEATS Protein Variety Pack Microwave Trays (Pack of 5)</p><p>$14.99 ($0.33 / Ounce)</p><a href="https://www.amazon.com/dp/B07KQNNW9K?tag=eloabder-20&linkCode=osi&th=1&psc=1">View Product</a></div><div class="product"><a href="https://www.amazon.com/dp/B000V1JVAI?tag=eloabder-20&linkCode=osi&th=1&psc=1"><img src="https://m.media-amazon.com/images/I/51moeAwg0qL._SL500_.jpg" alt="Product Image"></a><p>HORMEL COMPLEATS Meatloaf & Gravy With Mashed Potatoes Microwave Tray, 9 oz. (6 Pack)</p><p>$13.68 ($0.25 / Ounce)</p><a href="https://www.amazon.com/dp/B000V1JVAI?tag=eloabder-20&linkCode=osi&th=1&psc=1">View Product</a></div><div class="product"><a href="https://www.amazon.com/dp/B001E55YXS?tag=eloabder-20&linkCode=osi&th=1&psc=1"><img src="https://m.media-amazon.com/images/I/51f7Q-awP2L._SL500_.jpg" alt="Product Image"></a><p>HORMEL COMPLEATS Beef Pot Roast Microwave Tray, 9 Ounce (Pack of 6)</p><p>$13.68 ($0.25 / Ounce)</p><a href="https://www.amazon.com/dp/B001E55YXS?tag=eloabder-20&linkCode=osi&th=1&psc=1">View Product</a></div><div class="product"><a href="https://www.amazon.com/dp/B001E52XGO?tag=eloabder-20&linkCode=osi&th=1&psc=1"><img src="https://m.media-amazon.com/images/I/513-IE78MvL._SL500_.jpg" alt="Product Image"></a><p>HORMEL COMPLEATS Turkey & Dressing Microwave Tray, 10 oz. (6 Pack)</p><p>$13.68 ($0.23 / Ounce)</p><a href="https://www.amazon.com/dp/B001E52XGO?tag=eloabder-20&linkCode=osi&th=1&psc=1">View Product</a></div><div class="product"><a href="https://www.amazon.com/dp/B01JLWGOCA?tag=eloabder-20&linkCode=osi&th=1&psc=1"><img src="https://m.media-amazon.com/images/I/41JtN2c2Y3L._SL500_.jpg" alt="Product Image"></a><p>Idahoan Four Cheese Mashed Potatoes, Made with Gluten-Free 100-Percent Real Idaho Potatoes, 1.5 oz Cup (Pack of 10)</p><p>$11.23 ($0.75 / Ounce)</p><a href="https://www.amazon.com/dp/B01JLWGOCA?tag=eloabder-20&linkCode=osi&th=1&psc=1">View Product</a></div><div class="product"><a href="https://www.amazon.com/dp/B08P3SVWFR?tag=eloabder-20&linkCode=osi&th=1&psc=1"><img src="https://m.media-amazon.com/images/I/51Q7KX85dtL._SL500_.jpg" alt="Product Image"></a><p>StarKist Premium White Chicken - 2.6 oz Pouch (Pack of 12)</p><p>$15.06 ($0.48 / Ounce)</p><a href="https://www.amazon.com/dp/B08P3SVWFR?tag=eloabder-20&linkCode=osi&th=1&psc=1">View Product</a></div><div class="product"><a href="https://www.amazon.com/dp/B001E52WAG?tag=eloabder-20&linkCode=osi&th=1&psc=1"><img src="https://m.media-amazon.com/images/I/51dV9dBtkEL._SL500_.jpg" alt="Product Image"></a><p>Dinty Moore Beef Stew, 9-Ounce Packages (Pack of 6)</p><p>$17.34 ($0.32 / Ounce)</p><a href="https://www.amazon.com/dp/B001E52WAG?tag=eloabder-20&linkCode=osi&th=1&psc=1">View Product</a></div><div class="product"><a href="https://www.amazon.com/dp/B0BTQWY5LL?tag=eloabder-20&linkCode=osi&th=1&psc=1"><img src="https://m.media-amazon.com/images/I/61dN-t0ureL._SL500_.jpg" alt="Product Image"></a><p>MISS OLIVE'S Variety Pack Microwavable Low Sodium Ready Meals (Bundle of 6)-1 of each flavor</p><p>$26.49 ($0.63 / Ounce)</p><a href="https://www.amazon.com/dp/B0BTQWY5LL?tag=eloabder-20&linkCode=osi&th=1&psc=1">View Product</a></div><div class="product"><a href="https://www.amazon.com/dp/B0111Y7PO2?tag=eloabder-20&linkCode=osi&th=1&psc=1"><img src="https://m.media-amazon.com/images/I/51ReJtj0zJL._SL500_.jpg" alt="Product Image"></a><p>HORMEL COMPLEATS Rice & Chicken Microwave Tray, 7.5 Ounces (Pack of 7)</p><p>$15.96 ($0.30 / Ounce)</p><a href="https://www.amazon.com/dp/B0111Y7PO2?tag=eloabder-20&linkCode=osi&th=1&psc=1">View Product</a></div><div class="product"><a href="https://www.amazon.com/dp/B09GL33XZG?tag=eloabder-20&linkCode=osi&th=1&psc=1"><img src="https://m.media-amazon.com/images/I/41tbj+XvZLL._SL500_.jpg" alt="Product Image"></a><p>HMR Ultimate Entrée Pack | Pre-packaged Lunch or Dinner to Support Weight Loss | Pack of 17 Ready to Eat Meals | 10-20 grams of Protein per Entrée | Low Calorie Food | 7-8oz Servings per Meal</p><p>$89.99</p><a href="https://www.amazon.com/dp/B09GL33XZG?tag=eloabder-20&linkCode=osi&th=1&psc=1">View Product</a></div>
<div class="product"><a href="https://www.amazon.com/dp/B00I9VBMLI?tag=eloabder-20&linkCode=osi&th=1&psc=1"><img src="https://m.media-amazon.com/images/I/51kyWWI+vRL._SL500_.jpg" alt="Product Image"></a><p>Chef Boyardee Beef Ravioli, 15 oz, 4 Pack</p><p>$4.48 ($0.07 / Count)</p><a href="https://www.amazon.com/dp/B00I9VBMLI?tag=eloabder-20&linkCode=osi&th=1&psc=1">View Product</a></div>
<div class="product"><a href="https://www.amazon.com/dp/B0CJCXLDSP?tag=eloabder-20&linkCode=osi&th=1&psc=1"><img src="https://m.media-amazon.com/images/I/41uUHvJRp2L._SL500_.jpg" alt="Product Image"></a><p>ARM & HAMMER Baking Soda Made in USA, Ideal for Baking, Pure & Natural, 2.7lb Bag</p><p>$7.99 ($0.18 / Ounce)</p><a href="https://www.amazon.com/dp/B0CJCXLDSP?tag=eloabder-20&linkCode=osi&th=1&psc=1">View Product</a></div><div class="product"><a href="https://www.amazon.com/dp/B07JFLXZQV?tag=eloabder-20&linkCode=osi&th=1&psc=1"><img src="https://m.media-amazon.com/images/I/41mGwlHTcmL._SL500_.jpg" alt="Product Image"></a><p>Vanilla Bean Paste for Baking and Cooking - Gourmet Madagascar Bourbon Blend made with Real Vanilla Seeds - 4 Ounces</p><p>$14.99 ($3.75 / Ounce)</p><a href="https://www.amazon.com/dp/B07JFLXZQV?tag=eloabder-20&linkCode=osi&th=1&psc=1">View Product</a></div><div class="product"><a href="https://www.amazon.com/dp/B0046EJ570?tag=eloabder-20&linkCode=osi&th=1&psc=1"><img src="https://m.media-amazon.com/images/I/31TFd1IdsRL._SL500_.jpg" alt="Product Image"></a><p>Watkins All Natural Original Gourmet Baking Vanilla, with Pure Vanilla Extract, 11 Fl Oz (Pack of 1) - Packaging May Vary</p><p>$12.35 ($1.12 / Fl Oz)</p><a href="https://www.amazon.com/dp/B0046EJ570?tag=eloabder-20&linkCode=osi&th=1&psc=1">View Product</a></div><div class="product"><a href="https://www.amazon.com/dp/B00PMUNEK6?tag=eloabder-20&linkCode=osi&th=1&psc=1"><img src="https://m.media-amazon.com/images/I/41LZqR+JNZL._SL500_.jpg" alt="Product Image"></a><p>10 Organic Madagascar Vanilla Beans Whole Grade A Vanilla Pods for Vanilla Extract and Baking</p><p>$11.04 ($1.10 / Count)</p><a href="https://www.amazon.com/dp/B00PMUNEK6?tag=eloabder-20&linkCode=osi&th=1&psc=1">View Product</a></div><div class="product"><a href="https://www.amazon.com/dp/B0CBW3D9T7?tag=eloabder-20&linkCode=osi&th=1&psc=1"><img src="https://m.media-amazon.com/images/I/414XubDDPPL._SL500_.jpg" alt="Product Image"></a><p>Scratch Diastatic Malt Powder for Baking - (10oz) Dried Barley Malt for Baking Bread - Bread Improver - Premium Baking Ingredients for Breads, Pizzas, Pretzels, Desserts, Shakes and More</p><p>$8.95 ($0.90 / Ounce)</p><a href="https://www.amazon.com/dp/B0CBW3D9T7?tag=eloabder-20&linkCode=osi&th=1&psc=1">View Product</a></div><div class="product"><a href="https://www.amazon.com/dp/B00VEJOUXE?tag=eloabder-20&linkCode=osi&th=1&psc=1"><img src="https://m.media-amazon.com/images/I/41HmZhMPH1L._SL500_.jpg" alt="Product Image"></a><p>Bob's Red Mill Baking Soda - 1 Pound (Pack of 4), Non GMO, Gluten Free, Vegan, Kosher, Paleo Friendly</p><p>$13.10 ($0.20 / Ounce)</p><a href="https://www.amazon.com/dp/B00VEJOUXE?tag=eloabder-20&linkCode=osi&th=1&psc=1">View Product</a></div><div class="product"><a href="https://www.amazon.com/dp/B0CG7C5X2F?tag=eloabder-20&linkCode=osi&th=1&psc=1"><img src="https://m.media-amazon.com/images/I/41cN3OdncVL._SL500_.jpg" alt="Product Image"></a><p>Micro Ingredients Baking Soda Powder, 6lbs | Pure Sodium Bicarbonate | Bulk Food Grade Supply | Great for Cleaning, Cooking, Laundry, or Personal Care | Non-GMO, Filler Free</p><p>$13.95 ($0.15 / Ounce)</p><a href="https://www.amazon.com/dp/B0CG7C5X2F?tag=eloabder-20&linkCode=osi&th=1&psc=1">View Product</a></div><div class="product"><a href="https://www.amazon.com/dp/B075456XMK?tag=eloabder-20&linkCode=osi&th=1&psc=1"><img src="https://m.media-amazon.com/images/I/31YCnL21+nL._SL500_.jpg" alt="Product Image"></a><p>Pure Original Ingredients Baking Soda (2 lb) Sodium Bicarbonate (NaHCO3), Always Pure, No Fillers Or Additives.</p><p>$11.99 ($0.37 / Ounce)</p><a href="https://www.amazon.com/dp/B075456XMK?tag=eloabder-20&linkCode=osi&th=1&psc=1">View Product</a></div><div class="product"><a href="https://www.amazon.com/dp/B08FYKMRGT?tag=eloabder-20&linkCode=osi&th=1&psc=1"><img src="https://m.media-amazon.com/images/I/41TdlxCI0EL._SL500_.jpg" alt="Product Image"></a><p>King Arthur, Baking Sugar Alternative, Made with Plant-Based Ingredients, Keto-Friendly, 1-to-1 Substitute for Granulated Sugar, 12 Ounces</p><p>$9.95 ($0.83 / Ounce)</p><a href="https://www.amazon.com/dp/B08FYKMRGT?tag=eloabder-20&linkCode=osi&th=1&psc=1">View Product</a></div><div class="product"><a href="https://www.amazon.com/dp/B07KKL5Q68?tag=eloabder-20&linkCode=osi&th=1&psc=1"><img src="https://m.media-amazon.com/images/I/41G0eZnHIxL._SL500_.jpg" alt="Product Image"></a><p>Pure Original Ingredients Baking Soda (1 Gallon) Aluminum Free, Cooking, Baking, Cleaning</p><p>$30.99 ($0.19 / Ounce)</p><a href="https://www.amazon.com/dp/B07KKL5Q68?tag=eloabder-20&linkCode=osi&th=1&psc=1">View Product</a></div>
<div class="product"><a href="https://www.amazon.com/dp/B0029K0U90?tag=eloabder-20&linkCode=osi&th=1&psc=1"><img src="https://m.media-amazon.com/images/I/412vWjuj9tL._SL500_.jpg" alt="Product Image"></a><p>Mrs. Wages Pasta Sauce Canning Mix 5 Ounce (Pack of 6)</p><p>$19.32 ($0.64 / Ounce)</p><a href="https://www.amazon.com/dp/B0029K0U90?tag=eloabder-20&linkCode=osi&th=1&psc=1">View Product</a></div><div class="product"><a href="https://www.amazon.com/dp/B0005ZWUDU?tag=eloabder-20&linkCode=osi&th=1&psc=1"><img src="https://m.media-amazon.com/images/I/411oE+5BGYL._SL500_.jpg" alt="Product Image"></a><p>Classico Roasted Garlic Tomato Spaghetti Pasta Sauce (24 oz Jar)</p><p>$2.98 ($0.12 / Ounce)</p><a href="https://www.amazon.com/dp/B0005ZWUDU?tag=eloabder-20&linkCode=osi&th=1&psc=1">View Product</a></div><div class="product"><a href="https://www.amazon.com/dp/B00H3TKG6O?tag=eloabder-20&linkCode=osi&th=1&psc=1"><img src="https://m.media-amazon.com/images/I/41dtGUjEl7L._SL500_.jpg" alt="Product Image"></a><p>Classico Family Favorites Traditional Pasta Sauce (24 oz Jar)</p><p>$2.16 ($0.09 / Ounce)</p><a href="https://www.amazon.com/dp/B00H3TKG6O?tag=eloabder-20&linkCode=osi&th=1&psc=1">View Product</a></div><div class="product"><a href="https://www.amazon.com/dp/B088N719GQ?tag=eloabder-20&linkCode=osi&th=1&psc=1"><img src="https://m.media-amazon.com/images/I/412O4vvfLcL._SL500_.jpg" alt="Product Image"></a><p>Prego Traditional Pasta Sauce, 45 Oz Jar</p><p>$4.23 ($0.09 / Ounce)</p><a href="https://www.amazon.com/dp/B088N719GQ?tag=eloabder-20&linkCode=osi&th=1&psc=1">View Product</a></div><div class="product"><a href="https://www.amazon.com/dp/B00IAE65L6?tag=eloabder-20&linkCode=osi&th=1&psc=1"><img src="https://m.media-amazon.com/images/I/41keFWtHEbL._SL500_.jpg" alt="Product Image"></a><p>Prego Traditional Pasta Sauce, 67 Oz Jar</p><p>$5.36 ($0.08 / Ounce)</p><a href="https://www.amazon.com/dp/B00IAE65L6?tag=eloabder-20&linkCode=osi&th=1&psc=1">View Product</a></div><div class="product"><a href="https://www.amazon.com/dp/B0CRXQZMWN?tag=eloabder-20&linkCode=osi&th=1&psc=1"><img src="https://m.media-amazon.com/images/I/41GWdkqzH0L._SL500_.jpg" alt="Product Image"></a><p>Prego Creamy Roasted Garlic Pesto Pasta Sauce, 14.5 oz Jar</p><p>$2.79 ($0.19 / Ounce)</p><a href="https://www.amazon.com/dp/B0CRXQZMWN?tag=eloabder-20&linkCode=osi&th=1&psc=1">View Product</a></div><div class="product"><a href="https://www.amazon.com/dp/B0033TSDKY?tag=eloabder-20&linkCode=osi&th=1&psc=1"><img src="https://m.media-amazon.com/images/I/416ipEt-ErS._SL500_.jpg" alt="Product Image"></a><p>Classico Four Cheese Alfredo Pasta Sauce (15 oz Jar)</p><p>$3.13 ($0.21 / Ounce)</p><a href="https://www.amazon.com/dp/B0033TSDKY?tag=eloabder-20&linkCode=osi&th=1&psc=1">View Product</a></div><div class="product"><a href="https://www.amazon.com/dp/B000Q3R6V2?tag=eloabder-20&linkCode=osi&th=1&psc=1"><img src="https://m.media-amazon.com/images/I/51DwtNnipoL._SL500_.jpg" alt="Product Image"></a><p>Hunt's Traditional Pasta Sauce, 24 oz</p><p>$1.34 ($0.06 / Ounce)</p><a href="https://www.amazon.com/dp/B000Q3R6V2?tag=eloabder-20&linkCode=osi&th=1&psc=1">View Product</a></div><div class="product"><a href="https://www.amazon.com/dp/B00XXGW39Y?tag=eloabder-20&linkCode=osi&th=1&psc=1"><img src="https://m.media-amazon.com/images/I/41FycYZ91BL._SL500_.jpg" alt="Product Image"></a><p>Classico Vodka Sauce Tomato Spaghetti Pasta Sauce (24 oz Jar)</p><p>$2.52 ($0.10 / Fl Oz)</p><a href="https://www.amazon.com/dp/B00XXGW39Y?tag=eloabder-20&linkCode=osi&th=1&psc=1">View Product</a></div><div class="product"><a href="https://www.amazon.com/dp/B07JVJR966?tag=eloabder-20&linkCode=osi&th=1&psc=1"><img src="https://m.media-amazon.com/images/I/412rjNSU1HL._SL500_.jpg" alt="Product Image"></a><p>Prego Traditional Pasta Sauce, 24 Oz Jar (Case of 12)</p><p>$29.76 ($0.10 / Fl Oz)</p><a href="https://www.amazon.com/dp/B07JVJR966?tag=eloabder-20&linkCode=osi&th=1&psc=1">View Product</a></div>
<div class="product"><a href="https://www.amazon.com/dp/B07GBS8GVH?tag=eloabder-20&linkCode=osi&th=1&psc=1"><img src="https://m.media-amazon.com/images/I/51Xpb2UbnAS._SL500_.jpg" alt="Product Image"></a><p>BEN'S ORIGINAL Ready Rice Whole Grain Brown Rice, Easy Dinner Side, 8.8 OZ Pouch (Pack of 6)</p><p>$13.08 ($0.25 / Ounce)</p><a href="https://www.amazon.com/dp/B07GBS8GVH?tag=eloabder-20&linkCode=osi&th=1&psc=1">View Product</a></div><div class="product"><a href="https://www.amazon.com/dp/B000YPKPV0?tag=eloabder-20&linkCode=osi&th=1&psc=1"><img src="https://m.media-amazon.com/images/I/51RKdJy7-TL._SL500_.jpg" alt="Product Image"></a><p>Rice-A-Roni Long grain & wild rice with herbs, 4.3 Ounce Pack of 12</p><p>$12.00 ($0.23 / Ounce)</p><a href="https://www.amazon.com/dp/B000YPKPV0?tag=eloabder-20&linkCode=osi&th=1&psc=1">View Product</a></div><div class="product"><a href="https://www.amazon.com/dp/B004NRLAVY?tag=eloabder-20&linkCode=osi&th=1&psc=1"><img src="https://m.media-amazon.com/images/I/51l35npdSyL._SL500_.jpg" alt="Product Image"></a><p>Nishiki Premium Rice, Medium Grain,15 Pound (Pack of 1)</p><p>$20.19 ($0.08 / Ounce)</p><a href="https://www.amazon.com/dp/B004NRLAVY?tag=eloabder-20&linkCode=osi&th=1&psc=1">View Product</a></div><div class="product"><a href="https://www.amazon.com/dp/B00MMTQAF6?tag=eloabder-20&linkCode=osi&th=1&psc=1"><img src="https://m.media-amazon.com/images/I/41uID5vVhuL._SL500_.jpg" alt="Product Image"></a><p>Mahatma Extra Long Grain White Rice, 10 Pound, Gluten-Free and Non-GMO, Rice Bulk Bag (Pack of 1)</p><p>$9.98 ($0.06 / Ounce)</p><a href="https://www.amazon.com/dp/B00MMTQAF6?tag=eloabder-20&linkCode=osi&th=1&psc=1">View Product</a></div><div class="product"><a href="https://www.amazon.com/dp/B00I330QEQ?tag=eloabder-20&linkCode=osi&th=1&psc=1"><img src="https://m.media-amazon.com/images/I/41eu-3nevsL._SL500_.jpg" alt="Product Image"></a><p>Authentic Royal - Naturally Aged Long Grain Indian White Basmati Rice - 15 lbs</p><p>$15.03 ($0.06 / Ounce)</p><a href="https://www.amazon.com/dp/B00I330QEQ?tag=eloabder-20&linkCode=osi&th=1&psc=1">View Product</a></div><div class="product"><a href="https://www.amazon.com/dp/B00CLGUKKG?tag=eloabder-20&linkCode=osi&th=1&psc=1"><img src="https://m.media-amazon.com/images/I/41mEtyqtEVL._SL500_.jpg" alt="Product Image"></a><p>Mahatma Whole-Grain Brown Rice, 32-Ounce Bag of Rice, Stovetop or Microwave Rice</p><p>$2.68 ($0.08 / Ounce)</p><a href="https://www.amazon.com/dp/B00CLGUKKG?tag=eloabder-20&linkCode=osi&th=1&psc=1">View Product</a></div><div class="product"><a href="https://www.amazon.com/dp/B0087HFXJ6?tag=eloabder-20&linkCode=osi&th=1&psc=1"><img src="https://m.media-amazon.com/images/I/51eYTUAUKZL._SL500_.jpg" alt="Product Image"></a><p>RiceSelect Royal Blend, Blend Of Texmati White, Brown, Red, And Wild Rice, Premium Gluten Free Rice, Non-GMO, 21 Ounce Jar</p><p>$6.98 ($0.33 / Ounce)</p><a href="https://www.amazon.com/dp/B0087HFXJ6?tag=eloabder-20&linkCode=osi&th=1&psc=1">View Product</a></div><div class="product"><a href="https://www.amazon.com/dp/B07HKTD2BD?tag=eloabder-20&linkCode=osi&th=1&psc=1"><img src="https://m.media-amazon.com/images/I/519+60cp2dL._SL500_.jpg" alt="Product Image"></a><p>Nishiki Premium 7 Grains Mix, 2 Pound</p><p>$14.49 ($0.45 / Ounce)</p><a href="https://www.amazon.com/dp/B07HKTD2BD?tag=eloabder-20&linkCode=osi&th=1&psc=1">View Product</a></div><div class="product"><a href="https://www.amazon.com/dp/B00G9U46DW?tag=eloabder-20&linkCode=osi&th=1&psc=1"><img src="https://m.media-amazon.com/images/I/51Xpb2UbnAS._SL500_.jpg" alt="Product Image"></a><p>BEN'S ORIGINAL Ready Rice Whole Grain Brown Rice, Easy Dinner Side, 8.8 OZ Pouch (Pack of 12)</p><p>$26.16 ($0.25 / Ounce)</p><a href="https://www.amazon.com/dp/B00G9U46DW?tag=eloabder-20&linkCode=osi&th=1&psc=1">View Product</a></div>
<div class="product"><a href="https://www.amazon.com/dp/B0D4KLB4HP?tag=eloabder-20&linkCode=osi&th=1&psc=1"><img src="https://m.media-amazon.com/images/I/51r7s+M2jqL._SL500_.jpg" alt="Product Image"></a><p>Chronos Condiment 150 bundle pack - 50 Single Serve Pouches of Each: Ketchup, Mustard, and Mayo - 150 Pack, Great for Picnics, Boxed Lunch, BBQ, Travel, and Parties</p><p>$21.97</p><a href="https://www.amazon.com/dp/B0D4KLB4HP?tag=eloabder-20&linkCode=osi&th=1&psc=1">View Product</a></div><div class="product"><a href="https://www.amazon.com/dp/B003XLOOCS?tag=eloabder-20&linkCode=osi&th=1&psc=1"><img src="https://m.media-amazon.com/images/I/51x0jDzOLjL._SL500_.jpg" alt="Product Image"></a><p>Heinz Tomato Ketchup, Relish, and Mustard Picnic Pack, 3 Count</p><p>$5.98 ($0.11 / Ounce)</p><a href="https://www.amazon.com/dp/B003XLOOCS?tag=eloabder-20&linkCode=osi&th=1&psc=1">View Product</a></div><div class="product"><a href="https://www.amazon.com/dp/B0992VW16R?tag=eloabder-20&linkCode=osi&th=1&psc=1"><img src="https://m.media-amazon.com/images/I/51eFgOarc1L._SL500_.jpg" alt="Product Image"></a><p>Grab-n-Go Condiment Packs - 50 Single Serve Pouches of Each: Ketchup, Mustard, Relish, and Mayo - Great for Picnics, Boxed Lunch, BBQ, Travel, Picnic and Parties (200 Condiment Packets Total)</p><p>$29.99 ($0.15 / Count)</p><a href="https://www.amazon.com/dp/B0992VW16R?tag=eloabder-20&linkCode=osi&th=1&psc=1">View Product</a></div><div class="product"><a href="https://www.amazon.com/dp/B0D3J9HHS2?tag=eloabder-20&linkCode=osi&th=1&psc=1"><img src="https://m.media-amazon.com/images/I/51VkOjMAkXL._SL500_.jpg" alt="Product Image"></a><p>Heinz Condiment Packets Variety 100 Pack- 25 Heinz Ketchup Packets, 25 Mayonnaise Packets, 25 Mustard Packets, and 25 Relish Packets. Ketchup Heinz, Mayo Packets.</p><p>$19.99 ($0.20 / Count)</p><a href="https://www.amazon.com/dp/B0D3J9HHS2?tag=eloabder-20&linkCode=osi&th=1&psc=1">View Product</a></div><div class="product"><a href="https://www.amazon.com/dp/B091DCC2CH?tag=eloabder-20&linkCode=osi&th=1&psc=1"><img src="https://m.media-amazon.com/images/I/415Iq4kWRXL._SL500_.jpg" alt="Product Image"></a><p>Hellmann's Real Mayonnaise Squeeze Bottle 3 Count a Rich Creamy Condiment Gluten Free, Made With 100% Cage-Free Eggs 20 oz</p><p>$11.90 ($0.20 / Fl Oz)</p><a href="https://www.amazon.com/dp/B091DCC2CH?tag=eloabder-20&linkCode=osi&th=1&psc=1">View Product</a></div><div class="product"><a href="https://www.amazon.com/dp/B0CMR2DML7?tag=eloabder-20&linkCode=osi&th=1&psc=1"><img src="https://m.media-amazon.com/images/I/61dFhpega1L._SL500_.jpg" alt="Product Image"></a><p>Crait Individual Condiment Packets Variety Pack of 50 Hot Sauce Packets with Mayo Packets, Ketchup Packets and Yellow Mustard Packets Single Serve</p><p>$15.00 ($0.30 / Count)</p><a href="https://www.amazon.com/dp/B0CMR2DML7?tag=eloabder-20&linkCode=osi&th=1&psc=1">View Product</a></div><div class="product"><a href="https://www.amazon.com/dp/B0D3JCR2XS?tag=eloabder-20&linkCode=osi&th=1&psc=1"><img src="https://m.media-amazon.com/images/I/51RtTP7u7aL._SL500_.jpg" alt="Product Image"></a><p>Hot Sauce Variety Pack of 48 Condiment Packets. 4 Each of 12 Flavors. Texas Pete Hot Sauce Packets, Mini Condiments, Mini Hot Sauce, Condiment Packets Variety Pack, Single Serve</p><p>$17.99 ($0.37 / Count)</p><a href="https://www.amazon.com/dp/B0D3JCR2XS?tag=eloabder-20&linkCode=osi&th=1&psc=1">View Product</a></div><div class="product"><a href="https://www.amazon.com/dp/B00XK3IYUW?tag=eloabder-20&linkCode=osi&th=1&psc=1"><img src="https://m.media-amazon.com/images/I/51T9Vgtx+bL._SL500_.jpg" alt="Product Image"></a><p>Heinz Condiment Packets Ketchup and Mustard (100 Total; 50 Each Flavor)</p><p>$13.10 ($0.60 / Ounce)</p><a href="https://www.amazon.com/dp/B00XK3IYUW?tag=eloabder-20&linkCode=osi&th=1&psc=1">View Product</a></div>
<div class="product"><a href="https://www.amazon.com/dp/B09DYZSHJR?tag=eloabder-20&linkCode=osi&th=1&psc=1"><img src="https://m.media-amazon.com/images/I/31fEqU5FfOL._SL500_.jpg" alt="Product Image"></a><p>DaVinci Gourmet Honey Syrup, 25.4 Fluid Ounce (Pack of 1)</p><p>$9.99 ($0.39 / Fl Oz)</p><a href="https://www.amazon.com/dp/B09DYZSHJR?tag=eloabder-20&linkCode=osi&th=1&psc=1">View Product</a></div><div class="product"><a href="https://www.amazon.com/dp/B09GW7TXH3?tag=eloabder-20&linkCode=osi&th=1&psc=1"><img src="https://m.media-amazon.com/images/I/31hUGuR-NsL._SL500_.jpg" alt="Product Image"></a><p>Glorybee, Premium Honey Syrup, Real Honey, No Artifical colors or flavors, 25.4 fl oz</p><p>$10.73 ($0.42 / Fl Oz)</p><a href="https://www.amazon.com/dp/B09GW7TXH3?tag=eloabder-20&linkCode=osi&th=1&psc=1">View Product</a></div><div class="product"><a href="https://www.amazon.com/dp/B07C1138N5?tag=eloabder-20&linkCode=osi&th=1&psc=1"><img src="https://m.media-amazon.com/images/I/31bISVR+FkL._SL500_.jpg" alt="Product Image"></a><p>Monin - Honey Syrup, Smooth Sweet Honey Flavor, Great for Teas, Lemonades, Cocktails, & Coffee, Gluten-Free, Non-GMO (1 Liter)</p><p>$19.13 ($0.57 / Fl Oz)</p><a href="https://www.amazon.com/dp/B07C1138N5?tag=eloabder-20&linkCode=osi&th=1&psc=1">View Product</a></div><div class="product"><a href="https://www.amazon.com/dp/B0D43FMJ8V?tag=eloabder-20&linkCode=osi&th=1&psc=1"><img src="https://m.media-amazon.com/images/I/41P8d3eueDL._SL500_.jpg" alt="Product Image"></a><p>Torani Salted Honey Butter Syrup for Coffee 25.4 Ounces Coffee Syrups and Flavors with Jimoco Pump Syrup Dispenser</p><p>$17.95 ($0.71 / Fl Oz)</p><a href="https://www.amazon.com/dp/B0D43FMJ8V?tag=eloabder-20&linkCode=osi&th=1&psc=1">View Product</a></div><div class="product"><a href="https://www.amazon.com/dp/B00IRRJBRQ?tag=eloabder-20&linkCode=osi&th=1&psc=1"><img src="https://m.media-amazon.com/images/I/31a3OJgvluL._SL500_.jpg" alt="Product Image"></a><p>Torani Honey Sweetener, 25.4 Ounce (Pack of 4)</p><p>$25.47 ($0.25 / Fl Oz)</p><a href="https://www.amazon.com/dp/B00IRRJBRQ?tag=eloabder-20&linkCode=osi&th=1&psc=1">View Product</a></div><div class="product"><a href="https://www.amazon.com/dp/B0BSMPDPZ9?tag=eloabder-20&linkCode=osi&th=1&psc=1"><img src="https://m.media-amazon.com/images/I/41A+L9ilEXL._SL500_.jpg" alt="Product Image"></a><p>Monin - Hot Honey Syrup, Robust Sweet & Spicy Flavors, Great for Lemonades, Teas, Cocktails, Culinary Recipes, & More, No Artificial Sweeteners, Gluten-Free, Non-GMO, Clean Label (1 Liter)</p><p>$17.99 ($0.53 / Fl Oz)</p><a href="https://www.amazon.com/dp/B0BSMPDPZ9?tag=eloabder-20&linkCode=osi&th=1&psc=1">View Product</a></div><div class="product"><a href="https://www.amazon.com/dp/B078YFLF9K?tag=eloabder-20&linkCode=osi&th=1&psc=1"><img src="https://m.media-amazon.com/images/I/41Gx-mwendL._SL500_.jpg" alt="Product Image"></a><p>Tippleman's Ginger Honey Syrup - Craft Cocktail Mixer - All Natural Complex Syrup for Cocktails and Non-Alcoholic Beverages - Margarita, Whiskey Sour, or Sweet Iced Tea - Makes 17 Cocktails</p><p>$24.99 ($1.92 / Fl Oz)</p><a href="https://www.amazon.com/dp/B078YFLF9K?tag=eloabder-20&linkCode=osi&th=1&psc=1">View Product</a></div><div class="product"><a href="https://www.amazon.com/dp/B07CWFJV6C?tag=eloabder-20&linkCode=osi&th=1&psc=1"><img src="https://m.media-amazon.com/images/I/41cmu+ltDxL._SL500_.jpg" alt="Product Image"></a><p>Robitussin Maximum Strength Honey Cough + Chest Congestion DM, Cough Medicine for Cough and Chest Congestion Relief Made with Real Honey- 4 Fl Oz Bottle</p><p>$11.74 ($2.94 / Fl Oz)</p><a href="https://www.amazon.com/dp/B07CWFJV6C?tag=eloabder-20&linkCode=osi&th=1&psc=1">View Product</a></div><div class="product"><a href="https://www.amazon.com/dp/B005S1LP28?tag=eloabder-20&linkCode=osi&th=1&psc=1"><img src="https://m.media-amazon.com/images/I/41DkU4bxBrL._SL500_.jpg" alt="Product Image"></a><p>Monin - Organic Honey Sweetener, Low-Calorie Liquid Sweetener, Sugar Substitute, Coffee Syrup, Made with Organic Honey, Simple Syrup for Cocktails, Iced Tea, & More, Clean Label (1 Liter)</p><p>$26.99 ($0.80 / Fl Oz)</p><a href="https://www.amazon.com/dp/B005S1LP28?tag=eloabder-20&linkCode=osi&th=1&psc=1">View Product</a></div>
<div class="product"><a href="https://www.amazon.com/dp/B0D3FYHWP7?tag=eloabder-20&linkCode=osi&th=1&psc=1"><img src="https://m.media-amazon.com/images/I/41W51dqWhAL._SL500_.jpg" alt="Product Image"></a><p>Blueprint Bryan Johnson Nutty Butter - Macadamia Nuts and Walnuts - Just 3 Ingredients - No Palm Oil - Keto and Low Carb Snack - No Added Sugar, Vegan, Non GMO, Keto and Paleo Friendly (8.8 ounces)</p><p>$11.00 ($1.25 / Ounce)</p><a href="https://www.amazon.com/dp/B0D3FYHWP7?tag=eloabder-20&linkCode=osi&th=1&psc=1">View Product</a></div><div class="product"><a href="https://www.amazon.com/dp/B0B34J7HHD?tag=eloabder-20&linkCode=osi&th=1&psc=1"><img src="https://m.media-amazon.com/images/I/31UpKhqk2QL._SL500_.jpg" alt="Product Image"></a><p>Octonuts Dry Roasted Pure Cashew 16oz Nut Butter 16oz - Pure Creamy Nut Butter - Gluten Free, Vegan, Kosher, Paleo, Non-GMO Nut Butters Single Ingredient</p><p>$11.99 ($0.75 / Ounce)</p><a href="https://www.amazon.com/dp/B0B34J7HHD?tag=eloabder-20&linkCode=osi&th=1&psc=1">View Product</a></div><div class="product"><a href="https://www.amazon.com/dp/B09NP7D465?tag=eloabder-20&linkCode=osi&th=1&psc=1"><img src="https://m.media-amazon.com/images/I/51+XSeELM2L._SL500_.jpg" alt="Product Image"></a><p>Crazy Go Nuts Walnut Butter - Plain w/ Sea Salt - Healthy Snacks, Keto, Vegan, Low Carb, Gluten Free, Superfood - Natural, Non-GMO, ALA, Omega 3 Fatty Acids, Good Fats and Antioxidants - 9.25 oz (1-Pack)</p><p>$10.99 ($1.19 / Ounce)</p><a href="https://www.amazon.com/dp/B09NP7D465?tag=eloabder-20&linkCode=osi&th=1&psc=1">View Product</a></div><div class="product"><a href="https://www.amazon.com/dp/B00KHAG1BK?tag=eloabder-20&linkCode=osi&th=1&psc=1"><img src="https://m.media-amazon.com/images/I/41nZVovN5oL._SL500_.jpg" alt="Product Image"></a><p>JUSTIN'S Classic Gluten-Free Almond Butter Squeeze Packs, 1.15 Ounce (Pack of 10)</p><p>$13.40 ($1.17 / Ounce)</p><a href="https://www.amazon.com/dp/B00KHAG1BK?tag=eloabder-20&linkCode=osi&th=1&psc=1">View Product</a></div><div class="product"><a href="https://www.amazon.com/dp/B01M06S98E?tag=eloabder-20&linkCode=osi&th=1&psc=1"><img src="https://m.media-amazon.com/images/I/41fCsKiYMdL._SL500_.jpg" alt="Product Image"></a><p>Organic Power Fuel Crunchy Nut Butter by NuttZo | 7 Nuts & Seeds Blend, Paleo, Non-GMO, Gluten-Free, Vegan, Kosher | 1g Sugar, 6g Protein | 26oz Jar</p><p>$21.99 ($0.85 / Ounce)</p><a href="https://www.amazon.com/dp/B01M06S98E?tag=eloabder-20&linkCode=osi&th=1&psc=1">View Product</a></div><div class="product"><a href="https://www.amazon.com/dp/B07CGZ2RJQ?tag=eloabder-20&linkCode=osi&th=1&psc=1"><img src="https://m.media-amazon.com/images/I/41eZiTYDVgL._SL500_.jpg" alt="Product Image"></a><p>Vör Pure Macadamia Nut Butter Spread (11oz) | Only One Ingredient</p><p>$18.99 ($1.73 / Ounce)</p><a href="https://www.amazon.com/dp/B07CGZ2RJQ?tag=eloabder-20&linkCode=osi&th=1&psc=1">View Product</a></div><div class="product"><a href="https://www.amazon.com/dp/B00X7W96OO?tag=eloabder-20&linkCode=osi&th=1&psc=1"><img src="https://m.media-amazon.com/images/I/41jU7bL5rFL._SL500_.jpg" alt="Product Image"></a><p>MaraNatha Creamy Roasted Caramel Almond Butter, No Stir, 12 Ounce Jar</p><p>$6.94 ($0.58 / Ounce)</p><a href="https://www.amazon.com/dp/B00X7W96OO?tag=eloabder-20&linkCode=osi&th=1&psc=1">View Product</a></div>
<div class="product"><a href="https://www.amazon.com/dp/B01CUS63OG?tag=eloabder-20&linkCode=osi&th=1&psc=1"><img src="https://m.media-amazon.com/images/I/51o0FJwMj8L._SL500_.jpg" alt="Product Image"></a><p>Anna and Sarah Tropical Dried Fruit Mix 2 Lbs</p><p>$17.99 ($9.00 / lb)</p><a href="https://www.amazon.com/dp/B01CUS63OG?tag=eloabder-20&linkCode=osi&th=1&psc=1">View Product</a></div><div class="product"><a href="https://www.amazon.com/dp/B09LZ7YCF7?tag=eloabder-20&linkCode=osi&th=1&psc=1"><img src="https://m.media-amazon.com/images/I/41XMLNKxlML._SL500_.jpg" alt="Product Image"></a><p>Dried Pineapple Chunks, 1 Pound. Dehydrated Pineapple Chunk, Dehydrated Pineapple Bulk, Dried Pineapple Bits. All Natural, Non-GMO, Lightly Sweetened Dried Pineapples, 16 oz.</p><p>$9.99 ($0.62 / oz)</p><a href="https://www.amazon.com/dp/B09LZ7YCF7?tag=eloabder-20&linkCode=osi&th=1&psc=1">View Product</a></div><div class="product"><a href="https://www.amazon.com/dp/B000M69QRU?tag=eloabder-20&linkCode=osi&th=1&psc=1"><img src="https://m.media-amazon.com/images/I/51EyH2xvyyS._SL500_.jpg" alt="Product Image"></a><p>Ocean Spray Craisins Dried Cranberries, Original, 48 Ounce</p><p>$7.62 ($0.16 / Fl Oz)</p><a href="https://www.amazon.com/dp/B000M69QRU?tag=eloabder-20&linkCode=osi&th=1&psc=1">View Product</a></div><div class="product"><a href="https://www.amazon.com/dp/B09YTMZ1GP?tag=eloabder-20&linkCode=osi&th=1&psc=1"><img src="https://m.media-amazon.com/images/I/51+y56cVq0L._SL500_.jpg" alt="Product Image"></a><p>Oregon Farm Fresh Snacks Dried Fruit Mix – 24oz Healthy Snacks - Fresh and Natural Fruit Trail Mix – Mixed Fruit Snacks for Adults and Kids – Ideal for Breakfast, Cakes, Snacks</p><p>$17.99 ($0.75 / Ounce)</p><a href="https://www.amazon.com/dp/B09YTMZ1GP?tag=eloabder-20&linkCode=osi&th=1&psc=1">View Product</a></div><div class="product"><a href="https://www.amazon.com/dp/B08Z5QXBK1?tag=eloabder-20&linkCode=osi&th=1&psc=1"><img src="https://m.media-amazon.com/images/I/51a0Oclr3nS._SL500_.jpg" alt="Product Image"></a><p>Dried Cherries Tart Cherry, 1lb. Montmorency Tart Cherries, Dried Sour Cherries Fresh, Montmorency Dried Tart Cherries, Dried Cherries, All-Natural Whole Sour Cherry 16 oz.</p><p>$14.28 ($0.89 / oz)</p><a href="https://www.amazon.com/dp/B08Z5QXBK1?tag=eloabder-20&linkCode=osi&th=1&psc=1">View Product</a></div><div class="product"><a href="https://www.amazon.com/dp/B00F34772M?tag=eloabder-20&linkCode=osi&th=1&psc=1"><img src="https://m.media-amazon.com/images/I/51AsgKQIMiL._SL500_.jpg" alt="Product Image"></a><p>A Gift Inside Sweet Bloom Dried Fruit Deluxe Tray Basket Arrangement for Holiday Birthday Healthy Snack Business Kosher</p><p>$33.20</p><a href="https://www.amazon.com/dp/B00F34772M?tag=eloabder-20&linkCode=osi&th=1&psc=1">View Product</a></div><div class="product"><a href="https://www.amazon.com/dp/B01N057EEP?tag=eloabder-20&linkCode=osi&th=1&psc=1"><img src="https://m.media-amazon.com/images/I/51MrelYxkML._SL500_.jpg" alt="Product Image"></a><p>Mavuno Harvest Organic Dried Fruit Variety Pack | Dried Mango, Pineapple, and Jackfruit | Healthy, Vegan, No Sugar Added, Non GMO Snacks for Kids & Adults | 2 Ounce, Pack of 3</p><p>$13.99 ($2.33 / Ounce)</p><a href="https://www.amazon.com/dp/B01N057EEP?tag=eloabder-20&linkCode=osi&th=1&psc=1">View Product</a></div><div class="product"><a href="https://www.amazon.com/dp/B08JWR4M3F?tag=eloabder-20&linkCode=osi&th=1&psc=1"><img src="https://m.media-amazon.com/images/I/41rjnxAN2FL._SL500_.jpg" alt="Product Image"></a><p>Sunrise Fresh Dried Sweet Cherries, Unsweetened, No Sugar Added, Fresh Fruit Flavor, 1 lb Bag</p><p>$14.49 ($0.91 / oz)</p><a href="https://www.amazon.com/dp/B08JWR4M3F?tag=eloabder-20&linkCode=osi&th=1&psc=1">View Product</a></div><div class="product"><a href="https://www.amazon.com/dp/B08YP8NQP4?tag=eloabder-20&linkCode=osi&th=1&psc=1"><img src="https://m.media-amazon.com/images/I/51GM51afRIS._SL500_.jpg" alt="Product Image"></a><p>Whole Dried Blueberries, No Sugar Added, Bulk, Dehydrated, Dried Unsweetened Blueberries, All Natural, Non-GMO, 1 Pound. - 16 oz.</p><p>$17.44 ($1.09 / oz)</p><a href="https://www.amazon.com/dp/B08YP8NQP4?tag=eloabder-20&linkCode=osi&th=1&psc=1">View Product</a></div>
<div class="product"><a href="https://www.amazon.com/dp/B084T1VWP5?tag=eloabder-20&linkCode=osi&th=1&psc=1"><img src="https://m.media-amazon.com/images/I/51o0utHF41L._SL500_.jpg" alt="Product Image"></a><p>Planters Pop & Pour Dry Roasted Sunflower Seeds, (4 - 5.85 oz. Jars)</p><p>$7.96 ($0.34 / Ounce)</p><a href="https://www.amazon.com/dp/B084T1VWP5?tag=eloabder-20&linkCode=osi&th=1&psc=1">View Product</a></div><div class="product"><a href="https://www.amazon.com/dp/B07TZX3KQZ?tag=eloabder-20&linkCode=osi&th=1&psc=1"><img src="https://m.media-amazon.com/images/I/41OvCvu5E9L._SL500_.jpg" alt="Product Image"></a><p>Yupik Organic Super 6 Seeds Mix, 2.2 lb, Non-GMO, Vegan</p><p>$11.99 ($0.34 / Ounce)</p><a href="https://www.amazon.com/dp/B07TZX3KQZ?tag=eloabder-20&linkCode=osi&th=1&psc=1">View Product</a></div><div class="product"><a href="https://www.amazon.com/dp/B07W7ZZJQB?tag=eloabder-20&linkCode=osi&th=1&psc=1"><img src="https://m.media-amazon.com/images/I/51jbKA5l0CL._SL500_.jpg" alt="Product Image"></a><p>Southern Style Nuts Gourmet Hunter Mix, 23 Ounces, Sesame Sticks, Peanuts, Sunflower Kernels, Almonds, Cashews, and Pepitas</p><p>$7.92 ($0.34 / Ounce)</p><a href="https://www.amazon.com/dp/B07W7ZZJQB?tag=eloabder-20&linkCode=osi&th=1&psc=1">View Product</a></div><div class="product"><a href="https://www.amazon.com/dp/B089LJB5F5?tag=eloabder-20&linkCode=osi&th=1&psc=1"><img src="https://m.media-amazon.com/images/I/51kS4PKIyZL._SL500_.jpg" alt="Product Image"></a><p>Fisher Oven Roasted Never Fried Deluxe Mixed Nuts, 24 Ounces (Pack of 1), Almonds, Cashews, Pecans, Pistachios, Snacks for Adults, Made With Sea Salt, No Added Oil, Artificial Ingredients or Preservatives, Trail Mix, Gluten Free</p><p>$17.09 ($0.71 / Ounce)</p><a href="https://www.amazon.com/dp/B089LJB5F5?tag=eloabder-20&linkCode=osi&th=1&psc=1">View Product</a></div><div class="product"><a href="https://www.amazon.com/dp/B077HZW2FX?tag=eloabder-20&linkCode=osi&th=1&psc=1"><img src="https://m.media-amazon.com/images/I/51AQx+2kfEL._SL500_.jpg" alt="Product Image"></a><p>BetterBody Foods Superfood Organic Super Seeds - Blend of Organic Chia Seeds, Milled Flax Seed, Hemp Hearts, Add to Smoothies Shakes & More, 1lb, 16 oz</p><p>$10.66 ($0.67 / Ounce)</p><a href="https://www.amazon.com/dp/B077HZW2FX?tag=eloabder-20&linkCode=osi&th=1&psc=1">View Product</a></div><div class="product"><a href="https://www.amazon.com/dp/B00PPKSZO8?tag=eloabder-20&linkCode=osi&th=1&psc=1"><img src="https://m.media-amazon.com/images/I/41Q7alFU8RL._SL500_.jpg" alt="Product Image"></a><p>PLANTERS Unsalted Mixed Nuts, Cashews, Almonds, Hazelnuts, Pecans, Pistachios no Shell, Party Snacks, Plant-Based Protein, Quick Snack for Adults, After School Snack, Kosher, 2.16lb Container</p><p>$17.26 ($0.50 / Fl Oz)</p><a href="https://www.amazon.com/dp/B00PPKSZO8?tag=eloabder-20&linkCode=osi&th=1&psc=1">View Product</a></div><div class="product"><a href="https://www.amazon.com/dp/B0CHLKJ7JM?tag=eloabder-20&linkCode=osi&th=1&psc=1"><img src="https://m.media-amazon.com/images/I/51sXps1S2KL._SL500_.jpg" alt="Product Image"></a><p>KIND Seeds Fruit & Nuts Snack Bar, Orange Cranberry | 5g Protein, High Fiber, Gluten Free Bars, 1.4 OZ, 12 Count</p><p>$14.96 ($1.25 / Count)</p><a href="https://www.amazon.com/dp/B0CHLKJ7JM?tag=eloabder-20&linkCode=osi&th=1&psc=1">View Product</a></div><div class="product"><a href="https://www.amazon.com/dp/B0CHLD9ZKL?tag=eloabder-20&linkCode=osi&th=1&psc=1"><img src="https://m.media-amazon.com/images/I/51l78v8NL9L._SL500_.jpg" alt="Product Image"></a><p>KIND Seeds Fruit & Nuts Snack Bar, Strawberry Sunflower Seed | 5g Protein, High Fiber, Gluten Free Bars, 1.4 OZ, 12 Count</p><p>$13.58 ($1.13 / Count)</p><a href="https://www.amazon.com/dp/B0CHLD9ZKL?tag=eloabder-20&linkCode=osi&th=1&psc=1">View Product</a></div><div class="product"><a href="https://www.amazon.com/dp/B079WN7C3F?tag=eloabder-20&linkCode=osi&th=1&psc=1"><img src="https://m.media-amazon.com/images/I/41YqpED33FL._SL500_.jpg" alt="Product Image"></a><p>GERBS Raw Super 7 Seed Snack Trail Mix 1 LBS. | Top 14 Food Allergy Free | Resealable Bulk Bag | Made in USA | Raw Pumpkin | Sunflower | Brown & Golden Flax | Black & White Chia | Hemp | Gluten Free</p><p>$14.99 ($0.94 / Ounce)</p><a href="https://www.amazon.com/dp/B079WN7C3F?tag=eloabder-20&linkCode=osi&th=1&psc=1">View Product</a></div><div class="product"><a href="https://www.amazon.com/dp/B00CYK8DOE?tag=eloabder-20&linkCode=osi&th=1&psc=1"><img src="https://m.media-amazon.com/images/I/41hvbaCdz6L._SL500_.jpg" alt="Product Image"></a><p>Oh! Nuts Roasted Salted Pumpkin Seeds | Resealable 2LB Bulk Bag of Unshelled Pepitas | All-Natural Protein Power for Gluten-Free & Vegan Snacking | Fresh & Healthy Keto Snacks</p><p>$18.81 ($0.59 / Ounce)</p><a href="https://www.amazon.com/dp/B00CYK8DOE?tag=eloabder-20&linkCode=osi&th=1&psc=1">View Product</a></div>

<div class="product"><a href="https://www.amazon.com/dp/B08TTFGPS5?tag=eloabder-20&linkCode=osi&th=1&psc=1"><img src="https://m.media-amazon.com/images/I/51LP-kQBLAL._SL500_.jpg" alt="Product Image"></a><p>Pine River Cheese Spreads - Variety Pack 3 8oz. Sharp Cheddar-Garlic & Herb-Swiss (24oz)</p><p>$21.93 ($0.91 / Ounce)</p><a href="https://www.amazon.com/dp/B08TTFGPS5?tag=eloabder-20&linkCode=osi&th=1&psc=1">View Product</a></div><div class="product"><a href="https://www.amazon.com/dp/B09GW71DPQ?tag=eloabder-20&linkCode=osi&th=1&psc=1"><img src="https://m.media-amazon.com/images/I/41BpjCgQpKL._SL500_.jpg" alt="Product Image"></a><p>Port Wine Cheese Spread 8 Ounce (Pack of 4)</p><p>$26.10 ($0.82 / Ounce)</p><a href="https://www.amazon.com/dp/B09GW71DPQ?tag=eloabder-20&linkCode=osi&th=1&psc=1">View Product</a></div><div class="product"><a href="https://www.amazon.com/dp/B006G4NCT0?tag=eloabder-20&linkCode=osi&th=1&psc=1"><img src="https://m.media-amazon.com/images/I/41-Krj0PbcL._SL500_.jpg" alt="Product Image"></a><p>Sharp Cheddar Cheese Spread 8 Ounce (Pack of 4)</p><p>$25.90 ($1.08 / Ounce)</p><a href="https://www.amazon.com/dp/B006G4NCT0?tag=eloabder-20&linkCode=osi&th=1&psc=1">View Product</a></div><div class="product"><a href="https://www.amazon.com/dp/B09SM3L7LN?tag=eloabder-20&linkCode=osi&th=1&psc=1"><img src="https://m.media-amazon.com/images/I/417W7hKPcvL._SL500_.jpg" alt="Product Image"></a><p>Cheese Snack Spread Variety 4 Pack</p><p>$34.00 ($1.06 / Ounce)</p><a href="https://www.amazon.com/dp/B09SM3L7LN?tag=eloabder-20&linkCode=osi&th=1&psc=1">View Product</a></div>
<div class="product"><a href="https://www.amazon.com/dp/B08CNRQ2C6?tag=eloabder-20&linkCode=osi&th=1&psc=1"><img src="https://m.media-amazon.com/images/I/41ps--esahL._SL500_.jpg" alt="Product Image"></a><p>HOIST Premium Military Hydration Electrolyte Drink, Powerful IV-Level Hydration, Clinically Proven Performance Drink, Peach Mango, 16 Fl Oz (Pack of 12)</p><p>$29.99 ($0.16 / Fl Oz)</p><a href="https://www.amazon.com/dp/B08CNRQ2C6?tag=eloabder-20&linkCode=osi&th=1&psc=1">View Product</a></div><div class="product"><a href="https://www.amazon.com/dp/B082BG3XYZ?tag=eloabder-20&linkCode=osi&th=1&psc=1"><img src="https://m.media-amazon.com/images/I/51+XFCzX3zL._SL500_.jpg" alt="Product Image"></a><p>UPTIME – Blueberry Pomegranate - Zero Sugar (12 Pack), Premium Energy Drink, 12oz Bottles, Natural Caffeine, Sparkling, Natural Flavors, 5 Calories…</p><p>$28.99 ($0.20 / Fl Oz)</p><a href="https://www.amazon.com/dp/B082BG3XYZ?tag=eloabder-20&linkCode=osi&th=1&psc=1">View Product</a></div><div class="product"><a href="https://www.amazon.com/dp/B0BSP3R4JX?tag=eloabder-20&linkCode=osi&th=1&psc=1"><img src="https://m.media-amazon.com/images/I/41TvMVYbcjL._SL500_.jpg" alt="Product Image"></a><p>Barcode Premium Hydration Drink - No Added Sugars, Variety Pack (12 Pack) - Plant-Based Beverage - Adaptogen Drink with Electrolytes for Immunity & Performance</p><p>$29.88 ($0.15 / Fl Oz)</p><a href="https://www.amazon.com/dp/B0BSP3R4JX?tag=eloabder-20&linkCode=osi&th=1&psc=1">View Product</a></div><div class="product"><a href="https://www.amazon.com/dp/B0CYL4CCKM?tag=eloabder-20&linkCode=osi&th=1&psc=1"><img src="https://m.media-amazon.com/images/I/514q0PPV9+L._SL500_.jpg" alt="Product Image"></a><p>ProBaller Ultra Premium Energy Drink - Wild Berry ZERO</p><p>$35.99 ($0.20 / Fl Oz)</p><a href="https://www.amazon.com/dp/B0CYL4CCKM?tag=eloabder-20&linkCode=osi&th=1&psc=1">View Product</a></div><div class="product"><a href="https://www.amazon.com/dp/B0D2BKB2J3?tag=eloabder-20&linkCode=osi&th=1&psc=1"><img src="https://m.media-amazon.com/images/I/41MbnJUx3LL._SL500_.jpg" alt="Product Image"></a><p>ProBaller Ultra Premium Energy Drink - Sugar Free</p><p>$35.99 ($0.20 / Fl Oz)</p><a href="https://www.amazon.com/dp/B0D2BKB2J3?tag=eloabder-20&linkCode=osi&th=1&psc=1">View Product</a></div><div class="product"><a href="https://www.amazon.com/dp/B0CYJXMRKS?tag=eloabder-20&linkCode=osi&th=1&psc=1"><img src="https://m.media-amazon.com/images/I/41gt6X6dVdL._SL500_.jpg" alt="Product Image"></a><p>Joggy Clean Energy Drink - 4-Pack Tart Cherry & Hibiscus - 150mg Organic Guayusa Caffeine - Zero Added Sugar, Vegan, Plant-Based, Natural Healthy Boost, Premium Beverage</p><p>$13.99 ($0.44 / Fl Oz)</p><a href="https://www.amazon.com/dp/B0CYJXMRKS?tag=eloabder-20&linkCode=osi&th=1&psc=1">View Product</a></div><div class="product"><a href="https://www.amazon.com/dp/B081QCCN21?tag=eloabder-20&linkCode=osi&th=1&psc=1"><img src="https://m.media-amazon.com/images/I/61k-oHxeO2L._SL500_.jpg" alt="Product Image"></a><p>Hawaiian Sun Premium Tropical Juice Drink Party Bundle of 10 Assorted Flavors (24 Cans Total)</p><p>$44.95 ($0.16 / Fl Oz )</p><a href="https://www.amazon.com/dp/B081QCCN21?tag=eloabder-20&linkCode=osi&th=1&psc=1">View Product</a></div><div class="product"><a href="https://www.amazon.com/dp/B0CCHW3Q8Q?tag=eloabder-20&linkCode=osi&th=1&psc=1"><img src="https://m.media-amazon.com/images/I/414+SPv3c5L._SL500_.jpg" alt="Product Image"></a><p>Camp Craft Cocktail Mix - Flo'rita | Premium Drink Mixer Infusion Kit with Dehydrated Fruit, Herbs and Vegan Sugar | 16 oz Glass Jar Mixer for Cocktails, Margaritas, and Mocktails - Serves 8</p><p>$25.00 ($1.56 / Fl Oz)</p><a href="https://www.amazon.com/dp/B0CCHW3Q8Q?tag=eloabder-20&linkCode=osi&th=1&psc=1">View Product</a></div><div class="product"><a href="https://www.amazon.com/dp/B0CVQN2NBB?tag=eloabder-20&linkCode=osi&th=1&psc=1"><img src="https://m.media-amazon.com/images/I/51bpS7Tlj2L._SL500_.jpg" alt="Product Image"></a><p>Starbucks Cold Brew Coffee, Vanilla Sweet Cream, 11 fl oz Cans (12 Pack), Premium Coffee Drink, Iced Coffee</p><p>$39.39 ($0.30 / Fl Oz)</p><a href="https://www.amazon.com/dp/B0CVQN2NBB?tag=eloabder-20&linkCode=osi&th=1&psc=1">View Product</a></div>
<div class="product"><a href="https://www.amazon.com/dp/B08PW3LK4T?tag=eloabder-20&linkCode=osi&th=1&psc=1"><img src="https://m.media-amazon.com/images/I/41TLoWBkNWL._SL500_.jpg" alt="Product Image"></a><p>Classic Ginger Beer, Regatta Craft Mixers, All-Natural Ingredients, Non-GMO, 7.5oz, Case of 24 Sleek Cans</p><p>$29.98 ($0.17 / Fl Oz)</p><a href="https://www.amazon.com/dp/B08PW3LK4T?tag=eloabder-20&linkCode=osi&th=1&psc=1">View Product</a></div><div class="product"><a href="https://www.amazon.com/dp/B08KTP2999?tag=eloabder-20&linkCode=osi&th=1&psc=1"><img src="https://m.media-amazon.com/images/I/41tC0pFgGtL._SL500_.jpg" alt="Product Image"></a><p>ABC Crafted Series Beer Making Kit | Beer Making Ingredients for Home Brewing | Yields 6 Gallons of Beer | Brown Ale</p><p>$25.00</p><a href="https://www.amazon.com/dp/B08KTP2999?tag=eloabder-20&linkCode=osi&th=1&psc=1">View Product</a></div><div class="product"><a href="https://www.amazon.com/dp/B01KSD9JKU?tag=eloabder-20&linkCode=osi&th=1&psc=1"><img src="https://m.media-amazon.com/images/I/517aGsVY9qL._SL500_.jpg" alt="Product Image"></a><p>Beer-infused Hot Sauce Variety 3-pack (Includes Asian Sriracha, Garlic Serrano, & Roasty Chipotle) - Craft Beer Gift, Hot Sauce Gift Set, Beer Sauce, BBQ Sauce, Beer Lover, Grill + Man Cave</p><p>$27.99 ($1.87 / Fl Oz)</p><a href="https://www.amazon.com/dp/B01KSD9JKU?tag=eloabder-20&linkCode=osi&th=1&psc=1">View Product</a></div><div class="product"><a href="https://www.amazon.com/dp/B0C9KKG6C6?tag=eloabder-20&linkCode=osi&th=1&psc=1"><img src="https://m.media-amazon.com/images/I/41Rxjjlu5+L._SL500_.jpg" alt="Product Image"></a><p>Plochman, Craft Beer Mustard (Brickstone), 11 oz, Blended Mustard</p><p>$6.99 ($0.64 / Ounce)</p><a href="https://www.amazon.com/dp/B0C9KKG6C6?tag=eloabder-20&linkCode=osi&th=1&psc=1">View Product</a></div><div class="product"><a href="https://www.amazon.com/dp/B01692UXRW?tag=eloabder-20&linkCode=osi&th=1&psc=1"><img src="https://m.media-amazon.com/images/I/51qUU-Fjx5L._SL500_.jpg" alt="Product Image"></a><p>BREW CANDY | Hoppy IPA + Roasty Stout + Honey Ale | Great Craft Beer Gift for Beer Drinkers and Candy Lovers | Perfect for the Man Cave, Brewery, Office, or Home | MADE IN USA</p><p>$9.99 ($2.50 / Ounce)</p><a href="https://www.amazon.com/dp/B01692UXRW?tag=eloabder-20&linkCode=osi&th=1&psc=1">View Product</a></div><div class="product"><a href="https://www.amazon.com/dp/B07L1M2P57?tag=eloabder-20&linkCode=osi&th=1&psc=1"><img src="https://m.media-amazon.com/images/I/415wGhwZDvL._SL500_.jpg" alt="Product Image"></a><p>Unique Snacks Sourdough Craft Beer Pretzel Rings, Delicious Homestyle Baked Snack Bag, Vegan, OU Kosher, and Non-GMO Food, No Artificial Flavor, 11 Oz. Bag, Pack of 6</p><p>$24.99 ($0.38 / Ounce)</p><a href="https://www.amazon.com/dp/B07L1M2P57?tag=eloabder-20&linkCode=osi&th=1&psc=1">View Product</a></div>
<div class="product"><a href="https://www.amazon.com/dp/B0CD79R3QZ?tag=eloabder-20&linkCode=osi&th=1&psc=1"><img src="https://m.media-amazon.com/images/I/21X3VVYgpXL._SL500_.jpg" alt="Product Image"></a><p>French Bloom Le Blanc Alcohol-Free Sparkling Wine, 750ml - Certified Organic, Vegan, Halal, Low Calorie, Sulfite Free - Made with Fine Organic Wine, No Preservatives or Added Sugar</p><p>$41.00 ($1.61 / Fl Oz)</p><a href="https://www.amazon.com/dp/B0CD79R3QZ?tag=eloabder-20&linkCode=osi&th=1&psc=1">View Product</a></div><div class="product"><a href="https://www.amazon.com/dp/B0D6HWD369?tag=eloabder-20&linkCode=osi&th=1&psc=1"><img src="https://m.media-amazon.com/images/I/31U1YybAm5L._SL500_.jpg" alt="Product Image"></a><p>Saint Viviana Non-Alcoholic Sauvignon Blanc, Crisp Dry White Wine with Fresh Fruit Flavor & Floral Notes, Made in Washington State, 24.6 Fl Oz Bottle</p><p>$22.99 ($0.93 / Fl Oz)</p><a href="https://www.amazon.com/dp/B0D6HWD369?tag=eloabder-20&linkCode=osi&th=1&psc=1">View Product</a></div><div class="product"><a href="https://www.amazon.com/dp/B0D244C3VJ?tag=eloabder-20&linkCode=osi&th=1&psc=1"><img src="https://m.media-amazon.com/images/I/416UnLmeDPL._SL500_.jpg" alt="Product Image"></a><p>Monari Marsala Fine Wine PDO Glaze| 9 Ounce, Pack of 6</p><p>$37.99 ($6.33 / Count)</p><a href="https://www.amazon.com/dp/B0D244C3VJ?tag=eloabder-20&linkCode=osi&th=1&psc=1">View Product</a></div><div class="product"><a href="https://www.amazon.com/dp/B0054KSA5I?tag=eloabder-20&linkCode=osi&th=1&psc=1"><img src="https://m.media-amazon.com/images/I/41Dk7Gmm5xL._SL500_.jpg" alt="Product Image"></a><p>Regina Fine Red Wine Vinegar, 12 Fl Oz</p><p>$12.94 ($1.08 / Fl Oz)</p><a href="https://www.amazon.com/dp/B0054KSA5I?tag=eloabder-20&linkCode=osi&th=1&psc=1">View Product</a></div><div class="product"><a href="https://www.amazon.com/dp/B0CC6JY2CM?tag=eloabder-20&linkCode=osi&th=1&psc=1"><img src="https://m.media-amazon.com/images/I/31FVY0Kg2cL._SL500_.jpg" alt="Product Image"></a><p>ST. REGIS Cabernet Sauvignon 25.4 Fl Oz (1 Pack) - Low Calorie and Sugar - Fruity & Spicy Rich Flavor from North of Spain Vineyards</p><p>$17.95 ($0.71 / Fl Oz)</p><a href="https://www.amazon.com/dp/B0CC6JY2CM?tag=eloabder-20&linkCode=osi&th=1&psc=1">View Product</a></div><div class="product"><a href="https://www.amazon.com/dp/B0CLYLY93H?tag=eloabder-20&linkCode=osi&th=1&psc=1"><img src="https://m.media-amazon.com/images/I/31cSVgLe1sL._SL500_.jpg" alt="Product Image"></a><p>Chateau del ISH Sparkling Rosé | Award-Winning Non-Alcoholic Sparkling Wine | De-Alcoholized Blend of Merlot & Pinot Noir Grapes | Only 9 grams of Sugar | 45 Calories per Serving | 750 ml Bottle</p><p>$23.99 ($0.94 / Fl Oz)</p><a href="https://www.amazon.com/dp/B0CLYLY93H?tag=eloabder-20&linkCode=osi&th=1&psc=1">View Product</a></div><div class="product"><a href="https://www.amazon.com/dp/B00075WK10?tag=eloabder-20&linkCode=osi&th=1&psc=1"><img src="https://m.media-amazon.com/images/I/41wn5BC9e3L._SL500_.jpg" alt="Product Image"></a><p>Mantova Italian White Wine Vinegar 17 oz (Pack of 2). Made with traditional methods and aged in fine wood casks, it retains the flavor of the wine, accented by the crisp character of the vinegar.</p><p>$12.97 ($7.21 / Fl Oz)</p><a href="https://www.amazon.com/dp/B00075WK10?tag=eloabder-20&linkCode=osi&th=1&psc=1">View Product</a></div><div class="product"><a href="https://www.amazon.com/dp/B0B6Y4LGT8?tag=eloabder-20&linkCode=osi&th=1&psc=1"><img src="https://m.media-amazon.com/images/I/31DYvJX17cL._SL500_.jpg" alt="Product Image"></a><p>Wander + Found Non-Alcoholic Wine, Pinot Noir, Award Winning Red Wine from Germany, Non-GMO Dealcoholized Wine, 750 ml (1 Bottle)</p><p>$25.99 ($1.02 / Fl Oz)</p><a href="https://www.amazon.com/dp/B0B6Y4LGT8?tag=eloabder-20&linkCode=osi&th=1&psc=1">View Product</a></div><div class="product"><a href="https://www.amazon.com/dp/B08FBLJFL3?tag=eloabder-20&linkCode=osi&th=1&psc=1"><img src="https://m.media-amazon.com/images/I/31xcotQJiQL._SL500_.jpg" alt="Product Image"></a><p>Lussory Organic Merlot Dealcoholized 0.0% Non-Alcoholic Red From Spain, Low Calories, Organic, Vegan (750ml, 1 Bottle)</p><p>$27.99 ($1.10 / Fl Oz)</p><a href="https://www.amazon.com/dp/B08FBLJFL3?tag=eloabder-20&linkCode=osi&th=1&psc=1">View Product</a></div>
<div class="product"><a href="https://www.amazon.com/dp/B08RD41V4Y?tag=eloabder-20&linkCode=osi&th=1&psc=1"><img src="https://m.media-amazon.com/images/I/41Ctrzm6OdL._SL500_.jpg" alt="Product Image"></a><p>Pure Organic Layered Fruit Bars Variety Pack 28 count (Pack of 1).</p><p>$13.99 ($0.40 / Ounce)</p><a href="https://www.amazon.com/dp/B08RD41V4Y?tag=eloabder-20&linkCode=osi&th=1&psc=1">View Product</a></div><div class="product"><a href="https://www.amazon.com/dp/B06X6JR48M?tag=eloabder-20&linkCode=osi&th=1&psc=1"><img src="https://m.media-amazon.com/images/I/51QhYDgoJFL._SL500_.jpg" alt="Product Image"></a><p>Nature's Garden Organic Trail Mix Snack Packs, Multi Pack 1.2 oz - Pack of 24 (Total 28.8 oz)</p><p>$14.89 ($0.52 / Ounce)</p><a href="https://www.amazon.com/dp/B06X6JR48M?tag=eloabder-20&linkCode=osi&th=1&psc=1">View Product</a></div><div class="product"><a href="https://www.amazon.com/dp/B0BQTL31PR?tag=eloabder-20&linkCode=osi&th=1&psc=1"><img src="https://m.media-amazon.com/images/I/512GxWL1ejL._SL500_.jpg" alt="Product Image"></a><p>Annie's Organic Birthday Cake Bunny Grahams and Cheddar Bunnies Snack Pack 36 Count, 36 oz</p><p>$16.99 ($0.47 / Ounce)</p><a href="https://www.amazon.com/dp/B0BQTL31PR?tag=eloabder-20&linkCode=osi&th=1&psc=1">View Product</a></div><div class="product"><a href="https://www.amazon.com/dp/B0C17SW6V1?tag=eloabder-20&linkCode=osi&th=1&psc=1"><img src="https://m.media-amazon.com/images/I/51JwHhUMp-L._SL500_.jpg" alt="Product Image"></a><p>Annie's Organic Bunny Fruit Snacks, Variety Pack, Gluten Free, 22 ct, 15.4 oz</p><p>$9.98 ($0.45 / Count)</p><a href="https://www.amazon.com/dp/B0C17SW6V1?tag=eloabder-20&linkCode=osi&th=1&psc=1">View Product</a></div><div class="product"><a href="https://www.amazon.com/dp/B079LY41VY?tag=eloabder-20&linkCode=osi&th=1&psc=1"><img src="https://m.media-amazon.com/images/I/51hNBmR-vOL._SL500_.jpg" alt="Product Image"></a><p>MadeGood Healthy Snacks Variety Pack (40 Count) Organic Assortment of Granola Bars, Granola Mini and Crispy Squares; Individually Wrapped Snacks</p><p>$29.99</p><a href="https://www.amazon.com/dp/B079LY41VY?tag=eloabder-20&linkCode=osi&th=1&psc=1">View Product</a></div><div class="product"><a href="https://www.amazon.com/dp/B0B88WYZVC?tag=eloabder-20&linkCode=osi&th=1&psc=1"><img src="https://m.media-amazon.com/images/I/41jnzaqqPlL._SL500_.jpg" alt="Product Image"></a><p>YumEarth Organic Fruit Snacks Box, 0.7 Ounce (Pack of 10)</p><p>$6.49 ($0.93 / Ounce)</p><a href="https://www.amazon.com/dp/B0B88WYZVC?tag=eloabder-20&linkCode=osi&th=1&psc=1">View Product</a></div><div class="product"><a href="https://www.amazon.com/dp/B087HBLXSM?tag=eloabder-20&linkCode=osi&th=1&psc=1"><img src="https://m.media-amazon.com/images/I/4103I3BvCSL._SL500_.jpg" alt="Product Image"></a><p>Tropical Fields Organic Crispy Coconut Rolls, 11 Oz</p><p>$9.94 ($0.90 / Ounce)</p><a href="https://www.amazon.com/dp/B087HBLXSM?tag=eloabder-20&linkCode=osi&th=1&psc=1">View Product</a></div><div class="product"><a href="https://www.amazon.com/dp/B08L4XZBS1?tag=eloabder-20&linkCode=osi&th=1&psc=1"><img src="https://m.media-amazon.com/images/I/51IN3a2zpZL._SL500_.jpg" alt="Product Image"></a><p>Annie's Organic Fruit Peel-A-Parts Fruit Snacks, Strawberry and Fruit Punch, 12 packs, 6.7 oz.</p><p>$9.99 ($0.83 / Count)</p><a href="https://www.amazon.com/dp/B08L4XZBS1?tag=eloabder-20&linkCode=osi&th=1&psc=1">View Product</a></div><div class="product"><a href="https://www.amazon.com/dp/B088PRVMXL?tag=eloabder-20&linkCode=osi&th=1&psc=1"><img src="https://m.media-amazon.com/images/I/51Lye-KMCNL._SL500_.jpg" alt="Product Image"></a><p>Gimme Seaweed - Sea Salt & Avocado Oil - 20 Count - Organic Roasted Seaweed Sheets - Keto, Vegan, Gluten Free - Great Source of Iodine & Omega 3’s - Healthy On-The-Go Snack for Kids & Adults</p><p>$14.43 ($4.51 / Ounce)</p><a href="https://www.amazon.com/dp/B088PRVMXL?tag=eloabder-20&linkCode=osi&th=1&psc=1">View Product</a></div><div class="product"><a href="https://www.amazon.com/dp/B0792LF5DZ?tag=eloabder-20&linkCode=osi&th=1&psc=1"><img src="https://m.media-amazon.com/images/I/51Ogpal4rKL._SL500_.jpg" alt="Product Image"></a><p>Simply, Variety Pack Snacks, 0.875 Ounce (Pack of 36)</p><p>$22.43 ($0.71 / Ounce)</p><a href="https://www.amazon.com/dp/B0792LF5DZ?tag=eloabder-20&linkCode=osi&th=1&psc=1">View Product</a></div>
<div class="product"><a href="https://www.amazon.com/dp/B07D83162X?tag=eloabder-20&linkCode=osi&th=1&psc=1"><img src="https://m.media-amazon.com/images/I/515OpZM7eUL._SL500_.jpg" alt="Product Image"></a><p>CLIF BAR - Energy Bars - Variety Pack - Made with Organic Oats - 9-11g Protein - Non-GMO - Plant Based - 2.4 oz. (16 Count)</p><p>$25.98 ($0.68 / Ounce)</p><a href="https://www.amazon.com/dp/B07D83162X?tag=eloabder-20&linkCode=osi&th=1&psc=1">View Product</a></div><div class="product"><a href="https://www.amazon.com/dp/B0CXQ6QP2B?tag=eloabder-20&linkCode=osi&th=1&psc=1"><img src="https://m.media-amazon.com/images/I/41zGg7iGu+L._SL500_.jpg" alt="Product Image"></a><p>CLIF BAR - Crunchy Peanut Butter - Made with Organic Oats - 11g Protein - Non-GMO - Plant Based - Energy Bars - 2.4 oz. (15 Pack)</p><p>$17.24 ($0.48 / Ounce)</p><a href="https://www.amazon.com/dp/B0CXQ6QP2B?tag=eloabder-20&linkCode=osi&th=1&psc=1">View Product</a></div><div class="product"><a href="https://www.amazon.com/dp/B00GJ82VK4?tag=eloabder-20&linkCode=osi&th=1&psc=1"><img src="https://m.media-amazon.com/images/I/51j2KOV9-+L._SL500_.jpg" alt="Product Image"></a><p>Pure Protein Bars, High Protein, Nutritious Snacks to Support Energy, Low Sugar, Gluten Free, Chocolate Peanut Butter, 1.76oz, 12 Count (Packaging May Vary)</p><p>$15.55 ($0.73 / Ounce)</p><a href="https://www.amazon.com/dp/B00GJ82VK4?tag=eloabder-20&linkCode=osi&th=1&psc=1">View Product</a></div><div class="product"><a href="https://www.amazon.com/dp/B084R2FJVV?tag=eloabder-20&linkCode=osi&th=1&psc=1"><img src="https://m.media-amazon.com/images/I/51mGjMQ-PjL._SL500_.jpg" alt="Product Image"></a><p>KIND Energy Bars, Chocolate Chunk, Healthy Snacks, Gluten Free, 30 Count</p><p>$35.45 ($0.56 / Ounce)</p><a href="https://www.amazon.com/dp/B084R2FJVV?tag=eloabder-20&linkCode=osi&th=1&psc=1">View Product</a></div><div class="product"><a href="https://www.amazon.com/dp/B0BHMRSNWX?tag=eloabder-20&linkCode=osi&th=1&psc=1"><img src="https://m.media-amazon.com/images/I/51mha5Z8vAL._SL500_.jpg" alt="Product Image"></a><p>Verb Energy - Variety Pack Caffeinated Snack Bars - 110-Calorie Low Sugar Energy Bar - Nutrition Bars - Vegan Snacks - Gluten Free Breakfast Bars with Organic Green Tea, 26g (Pack of 16)</p><p>$28.95 ($1.97 / Ounce)</p><a href="https://www.amazon.com/dp/B0BHMRSNWX?tag=eloabder-20&linkCode=osi&th=1&psc=1">View Product</a></div><div class="product"><a href="https://www.amazon.com/dp/B08939X5HL?tag=eloabder-20&linkCode=osi&th=1&psc=1"><img src="https://m.media-amazon.com/images/I/51RKwNvJZiL._SL500_.jpg" alt="Product Image"></a><p>Nature Valley Chewy Fruit and Nut Granola Bars, Trail Mix, 1.2 oz, 15 ct</p><p>$6.24 ($0.35 / Ounce)</p><a href="https://www.amazon.com/dp/B08939X5HL?tag=eloabder-20&linkCode=osi&th=1&psc=1">View Product</a></div><div class="product"><a href="https://www.amazon.com/dp/B004XEDS5I?tag=eloabder-20&linkCode=osi&th=1&psc=1"><img src="https://m.media-amazon.com/images/I/51dc89OLXjL._SL500_.jpg" alt="Product Image"></a><p>CLIF BAR - Chocolate Chip - Made with Organic Oats - Non-GMO - Plant Based - Energy Bars - 2.4 oz. (12 Pack)</p><p>$15.17 ($0.53 / Ounce)</p><a href="https://www.amazon.com/dp/B004XEDS5I?tag=eloabder-20&linkCode=osi&th=1&psc=1">View Product</a></div><div class="product"><a href="https://www.amazon.com/dp/B07HHK51J9?tag=eloabder-20&linkCode=osi&th=1&psc=1"><img src="https://m.media-amazon.com/images/I/41h0pofx49L._SL500_.jpg" alt="Product Image"></a><p>Quantum Energy Square: Energy Bar with Caffeine & 10g Protein. Delicious Healthy Snack On The Go. (Vegan, Gluten-free, Soy-free, Dairy-free). Flavor: Variety 8Pk</p><p>$19.95 ($1.48 / Ounce)</p><a href="https://www.amazon.com/dp/B07HHK51J9?tag=eloabder-20&linkCode=osi&th=1&psc=1">View Product</a></div><div class="product"><a href="https://www.amazon.com/dp/B0BY3NL6N3?tag=eloabder-20&linkCode=osi&th=1&psc=1"><img src="https://m.media-amazon.com/images/I/61a84haNQXL._SL500_.jpg" alt="Product Image"></a><p>Atkins Soft Baked Energy Bars, Blueberry, 15g Protein,2g Sugar, Excellent Source of Fiber, Low Carb, 4 Packs (5 Bars Each)</p><p>$40.00 ($2.00 / Count)</p><a href="https://www.amazon.com/dp/B0BY3NL6N3?tag=eloabder-20&linkCode=osi&th=1&psc=1">View Product</a></div><div class="product"><a href="https://www.amazon.com/dp/B0767X1YGZ?tag=eloabder-20&linkCode=osi&th=1&psc=1"><img src="https://m.media-amazon.com/images/I/41wLM+HSd7L._SL500_.jpg" alt="Product Image"></a><p>SKRATCH LABS Energy Bar | Cherry + Pistachio (12 pack) | Plant Based Healthy Snack | Low Sugar - 5g Protein | non-gmo, gluten free, soy free, vegan, kosher</p><p>$29.95 ($1.41 / Ounce)</p><a href="https://www.amazon.com/dp/B0767X1YGZ?tag=eloabder-20&linkCode=osi&th=1&psc=1">View Product</a></div>
<div class="product"><a href="https://www.amazon.com/dp/B00819SSGK?tag=eloabder-20&linkCode=osi&th=1&psc=1"><img src="https://m.media-amazon.com/images/I/51OoPlQlUFL._SL500_.jpg" alt="Product Image"></a><p>Orville Redenbacher's Original Gourmet Popping Corn Kernels, 8 lb.</p><p>$13.28 ($0.10 / Ounce)</p><a href="https://www.amazon.com/dp/B00819SSGK?tag=eloabder-20&linkCode=osi&th=1&psc=1">View Product</a></div><div class="product"><a href="https://www.amazon.com/dp/B0C8QMKF7K?tag=eloabder-20&linkCode=osi&th=1&psc=1"><img src="https://m.media-amazon.com/images/I/41Q1zRw163L._SL500_.jpg" alt="Product Image"></a><p>Extra Buttery Caramel Gourmet Popcorn | 6 Cups Total | Made From Scratch, Made in USA, & GMO-Free | Great as a Snack, Gift, Thank You, & Movie Night - (10.8oz Total)</p><p>$8.99 ($0.83 / Ounce)</p><a href="https://www.amazon.com/dp/B0C8QMKF7K?tag=eloabder-20&linkCode=osi&th=1&psc=1">View Product</a></div><div class="product"><a href="https://www.amazon.com/dp/B0CKLW62T5?tag=eloabder-20&linkCode=osi&th=1&psc=1"><img src="https://m.media-amazon.com/images/I/51UzqTDjfaL._SL500_.jpg" alt="Product Image"></a><p>Garrett Popcorn Garrett Mix, 6.0oz, 4 Bags, Cheese and Caramel Gourmet Popcorn, Gluten Free, Sweet and Salty Snack, Popped Popcorn Bags</p><p>$24.95 ($1.04 / Ounce)</p><a href="https://www.amazon.com/dp/B0CKLW62T5?tag=eloabder-20&linkCode=osi&th=1&psc=1">View Product</a></div><div class="product"><a href="https://www.amazon.com/dp/B07JN5467R?tag=eloabder-20&linkCode=osi&th=1&psc=1"><img src="https://m.media-amazon.com/images/I/51vsJLZ79WL._SL500_.jpg" alt="Product Image"></a><p>Urban Accents MOVIE NIGHT Popcorn Kernels and Popcorn Seasoning Variety Pack (set of 8) - 3 Non-GMO Popcorn Kernel Packs and 5 Gourmet Popcorn Snack Seasoning</p><p>$22.00 ($1.01 / Ounce)</p><a href="https://www.amazon.com/dp/B07JN5467R?tag=eloabder-20&linkCode=osi&th=1&psc=1">View Product</a></div><div class="product"><a href="https://www.amazon.com/dp/B0C9592XTW?tag=eloabder-20&linkCode=osi&th=1&psc=1"><img src="https://m.media-amazon.com/images/I/41DvOymNLML._SL500_.jpg" alt="Product Image"></a><p>Funky Chunky Gourmet Popcorn, Chocolatey Popcorn, Pretzel, and Nutty Mixes, Peanut Butter Cup Popcorn, 19-Ounce Large Bag (Pack of 1)</p><p>$15.00 ($0.79 / Ounce)</p><a href="https://www.amazon.com/dp/B0C9592XTW?tag=eloabder-20&linkCode=osi&th=1&psc=1">View Product</a></div><div class="product"><a href="https://www.amazon.com/dp/B0D3FH1GW4?tag=eloabder-20&linkCode=osi&th=1&psc=1"><img src="https://m.media-amazon.com/images/I/51hBtOn2I4L._SL500_.jpg" alt="Product Image"></a><p>Garrett Popcorn Garrett Mix, 1.9oz, 12 Bags, Cheese and Caramel Gourmet Popcorn, Gluten Free, Sweet and Salty Snack Bags, Popped Popcorn Bags, Multipack</p><p>$29.95 ($1.31 / Ounce)</p><a href="https://www.amazon.com/dp/B0D3FH1GW4?tag=eloabder-20&linkCode=osi&th=1&psc=1">View Product</a></div><div class="product"><a href="https://www.amazon.com/dp/B00Q0PWE7Q?tag=eloabder-20&linkCode=osi&th=1&psc=1"><img src="https://m.media-amazon.com/images/I/51jM1d0eF8L._SL500_.jpg" alt="Product Image"></a><p>Popcornopolis Gourmet Caramel Corn Popcorn, Popped Popcorn Snack Bags 9.5 Oz</p><p>$8.99 ($0.95 / Ounce)</p><a href="https://www.amazon.com/dp/B00Q0PWE7Q?tag=eloabder-20&linkCode=osi&th=1&psc=1">View Product</a></div><div class="product"><a href="https://www.amazon.com/dp/B00D2H6LOW?tag=eloabder-20&linkCode=osi&th=1&psc=1"><img src="https://m.media-amazon.com/images/I/41iePRgsY5L._SL500_.jpg" alt="Product Image"></a><p>Thatcher's Gourmet Specialties Fruit Medley, 8 Oz (Pack of 1)</p><p>$6.25 ($0.78 / Ounce)</p><a href="https://www.amazon.com/dp/B00D2H6LOW?tag=eloabder-20&linkCode=osi&th=1&psc=1">View Product</a></div>
<div class="product"><a href="https://www.amazon.com/dp/B07ZXN7LPC?tag=eloabder-20&linkCode=osi&th=1&psc=1"><img src="https://m.media-amazon.com/images/I/51YkD3V1JyL._SL500_.jpg" alt="Product Image"></a><p>Mantova Organic Italian Specialty Pasta, Caserecce (2 packs of 1 lb. each) - Artisan Pasta, Non-GMO, Vegan, Kosher Certified, and Imported From Italy, Premium Quality</p><p>$12.99 ($0.41 / Ounce)</p><a href="https://www.amazon.com/dp/B07ZXN7LPC?tag=eloabder-20&linkCode=osi&th=1&psc=1">View Product</a></div><div class="product"><a href="https://www.amazon.com/dp/B01F2Z8ZOU?tag=eloabder-20&linkCode=osi&th=1&psc=1"><img src="https://m.media-amazon.com/images/I/51MK8iWLCgL._SL500_.jpg" alt="Product Image"></a><p>Mantova Organic Italian Specialty Pasta, Lumaconi, 1 lb (Pack of 2)</p><p>$13.99 ($0.87 / Ounce)</p><a href="https://www.amazon.com/dp/B01F2Z8ZOU?tag=eloabder-20&linkCode=osi&th=1&psc=1">View Product</a></div><div class="product"><a href="https://www.amazon.com/dp/B004N5HA6A?tag=eloabder-20&linkCode=osi&th=1&psc=1"><img src="https://m.media-amazon.com/images/I/517oR0RhHgL._SL500_.jpg" alt="Product Image"></a><p>Morelli Gourmet Pasta Italian Gift Basket From Italy - Tricolor Pasta Linguine Set - Red Chili, Garlic & Basil, and Lemon Pasta - Tricolored Organic Pasta from Italy, Made in Italy (3x 8.8 Ounce)</p><p>$31.99 ($1.21 / Ounce)</p><a href="https://www.amazon.com/dp/B004N5HA6A?tag=eloabder-20&linkCode=osi&th=1&psc=1">View Product</a></div><div class="product"><a href="https://www.amazon.com/dp/B00I8R5HSW?tag=eloabder-20&linkCode=osi&th=1&psc=1"><img src="https://m.media-amazon.com/images/I/41miThBoNtL._SL500_.jpg" alt="Product Image"></a><p>Mafaldine Italian Pasta di Gragnano | I.G.P. Protected | USDA Certified Organic | 17.6 Ounce | 500 Gram</p><p>$12.95 ($0.73 / Ounce)</p><a href="https://www.amazon.com/dp/B00I8R5HSW?tag=eloabder-20&linkCode=osi&th=1&psc=1">View Product</a></div><div class="product"><a href="https://www.amazon.com/dp/B0B1469JM5?tag=eloabder-20&linkCode=osi&th=1&psc=1"><img src="https://m.media-amazon.com/images/I/51spzGwiJ9L._SL500_.jpg" alt="Product Image"></a><p>Morelli Busiate, Pici, and Bucatini Organic Pasta Variety Pack - Imported Italian Pasta Sampler - Specialty Assortment Includes Three-17.6 oz Packages of Gourmet Pasta from Italy</p><p>$39.99 ($0.76 / Ounce)</p><a href="https://www.amazon.com/dp/B0B1469JM5?tag=eloabder-20&linkCode=osi&th=1&psc=1">View Product</a></div><div class="product"><a href="https://www.amazon.com/dp/B083X2P94L?tag=eloabder-20&linkCode=osi&th=1&psc=1"><img src="https://m.media-amazon.com/images/I/51APpkv+ImL._SL500_.jpg" alt="Product Image"></a><p>Pasta Deliziosa! Handcrafted Pasta Variety Pack, All Flavors, 12 Ounce (Pack of 6)</p><p>$38.99 ($3.25 / Ounce)</p><a href="https://www.amazon.com/dp/B083X2P94L?tag=eloabder-20&linkCode=osi&th=1&psc=1">View Product</a></div><div class="product"><a href="https://www.amazon.com/dp/B0793LPXRN?tag=eloabder-20&linkCode=osi&th=1&psc=1"><img src="https://m.media-amazon.com/images/I/41zIY0jxDdL._SL500_.jpg" alt="Product Image"></a><p>La Molisana Pasta Anellini Siciliani, 16 oz</p><p>$6.95 ($0.43 / Ounce)</p><a href="https://www.amazon.com/dp/B0793LPXRN?tag=eloabder-20&linkCode=osi&th=1&psc=1">View Product</a></div><div class="product"><a href="https://www.amazon.com/dp/B006ODJEBS?tag=eloabder-20&linkCode=osi&th=1&psc=1"><img src="https://m.media-amazon.com/images/I/51x4T3SOw1L._SL500_.jpg" alt="Product Image"></a><p>La Molisana Pasta Fusilli Bucati Cort, 1 Pound (Pack of 1)</p><p>$7.99 ($0.05 / Ounce)</p><a href="https://www.amazon.com/dp/B006ODJEBS?tag=eloabder-20&linkCode=osi&th=1&psc=1">View Product</a></div><div class="product"><a href="https://www.amazon.com/dp/B0095F92HS?tag=eloabder-20&linkCode=osi&th=1&psc=1"><img src="https://m.media-amazon.com/images/I/51IXE-gW1gL._SL500_.jpg" alt="Product Image"></a><p>De Cecco Pasta, Egg Pappardelle, 8.8 Ounce</p><p>$2.50 ($0.28 / Ounce)</p><a href="https://www.amazon.com/dp/B0095F92HS?tag=eloabder-20&linkCode=osi&th=1&psc=1">View Product</a></div><div class="product"><a href="https://www.amazon.com/dp/B000LRH8AM?tag=eloabder-20&linkCode=osi&th=1&psc=1"><img src="https://m.media-amazon.com/images/I/517Gsx3xbQL._SL500_.jpg" alt="Product Image"></a><p>RiceSelect Tri-Color Orzo Rice-Shaped Pasta, Premium Spinach- and Tomato-Flavored Non-GMO Orzo Pasta, 32-Ounce Jar</p><p>$7.29 ($0.28 / Ounce)</p><a href="https://www.amazon.com/dp/B000LRH8AM?tag=eloabder-20&linkCode=osi&th=1&psc=1">View Product</a></div>
<div class="product"><a href="https://www.amazon.com/dp/B00LUK2TGC?tag=eloabder-20&linkCode=osi&th=1&psc=1"><img src="https://m.media-amazon.com/images/I/51-6ifc3VmL._SL500_.jpg" alt="Product Image"></a><p>The Gourmet Choice Gift Basket by Wine Country Gift Baskets</p><p>$83.35</p><a href="https://www.amazon.com/dp/B00LUK2TGC?tag=eloabder-20&linkCode=osi&th=1&psc=1">View Product</a></div><div class="product"><a href="https://www.amazon.com/dp/B009LHPJ1S?tag=eloabder-20&linkCode=osi&th=1&psc=1"><img src="https://m.media-amazon.com/images/I/51cf0AEkjgL._SL500_.jpg" alt="Product Image"></a><p>Wine Country Gift Baskets Gourmet Feast Perfect For Family, Friends, Co-Workers, Loved Ones and Clients</p><p>$59.95</p><a href="https://www.amazon.com/dp/B009LHPJ1S?tag=eloabder-20&linkCode=osi&th=1&psc=1">View Product</a></div><div class="product"><a href="https://www.amazon.com/dp/B004D9XYWU?tag=eloabder-20&linkCode=osi&th=1&psc=1"><img src="https://m.media-amazon.com/images/I/515H6eRSagL._SL500_.jpg" alt="Product Image"></a><p>A Gift Inside Chocolate, Caramel and Crunch Grand Gift Basket</p><p>$42.95</p><a href="https://www.amazon.com/dp/B004D9XYWU?tag=eloabder-20&linkCode=osi&th=1&psc=1">View Product</a></div><div class="product"><a href="https://www.amazon.com/dp/B00BY78O7Y?tag=eloabder-20&linkCode=osi&th=1&psc=1"><img src="https://m.media-amazon.com/images/I/51sFeewMqVL._SL500_.jpg" alt="Product Image"></a><p>The Bon Appetit Gourmet Gift Basket by Wine Country Gift Baskets Gift for Families College Students Appreciation Thank You Congratulations Get Well Soon Care Package</p><p>$49.95</p><a href="https://www.amazon.com/dp/B00BY78O7Y?tag=eloabder-20&linkCode=osi&th=1&psc=1">View Product</a></div><div class="product"><a href="https://www.amazon.com/dp/B07CHSN691?tag=eloabder-20&linkCode=osi&th=1&psc=1"><img src="https://m.media-amazon.com/images/I/51-Qvkf4yFL._SL500_.jpg" alt="Product Image"></a><p>Dried Fruit Gift Basket– Healthy Gourmet Snack Box - Holiday Food Tray - Variety Snacks - Birthday, Sympathy, Mom, Dad, Corporate Tray - Bonnie & Pop</p><p>$37.99</p><a href="https://www.amazon.com/dp/B07CHSN691?tag=eloabder-20&linkCode=osi&th=1&psc=1">View Product</a></div><div class="product"><a href="https://www.amazon.com/dp/B00FBGKCHE?tag=eloabder-20&linkCode=osi&th=1&psc=1"><img src="https://m.media-amazon.com/images/I/51anmoX7EkL._SL500_.jpg" alt="Product Image"></a><p>Broadway Basketeers Chocolate Gift Basket Snack Gifts for Women, Men, Families, College, Appreciation, Thank You, Birthday, Corporate, Get Well Soon, Sympathy Care Package</p><p>$48.70 ($48.70 / Count)</p><a href="https://www.amazon.com/dp/B00FBGKCHE?tag=eloabder-20&linkCode=osi&th=1&psc=1">View Product</a></div><div class="product"><a href="https://www.amazon.com/dp/B00BY78O60?tag=eloabder-20&linkCode=osi&th=1&psc=1"><img src="https://m.media-amazon.com/images/I/51vKfvc7JTL._SL500_.jpg" alt="Product Image"></a><p>Wine Country Gift Baskets The Connoisseur Gourmet Gift Basket Food Gift Basket for Families College Students Appreciation Thank You Congratulations Get Well Soon Care Package</p><p>$56.36</p><a href="https://www.amazon.com/dp/B00BY78O60?tag=eloabder-20&linkCode=osi&th=1&psc=1">View Product</a></div><div class="product"><a href="https://www.amazon.com/dp/B07FT598PM?tag=eloabder-20&linkCode=osi&th=1&psc=1"><img src="https://m.media-amazon.com/images/I/51OJVHYoRsL._SL500_.jpg" alt="Product Image"></a><p>Wine Country Gift Baskets Gourmet Deluxe Gift Basket</p><p>$99.95</p><a href="https://www.amazon.com/dp/B07FT598PM?tag=eloabder-20&linkCode=osi&th=1&psc=1">View Product</a></div>
<div class="product"><a href="https://www.amazon.com/dp/B0B5ZTZL6G?tag=eloabder-20&linkCode=osi&th=1&psc=1"><img src="https://m.media-amazon.com/images/I/51rZYLnRlVL._SL500_.jpg" alt="Product Image"></a><p>Reinmoson Tea Strainers for Loose Tea, Extra Fine Mesh Tea Infuser, 304 Stainless Steel & Updated Slim Threaded Lid, Loose Leaf Tea Steeper for Black Tea, Rooibos, etc</p><p>$9.99</p><a href="https://www.amazon.com/dp/B0B5ZTZL6G?tag=eloabder-20&linkCode=osi&th=1&psc=1">View Product</a></div><div class="product"><a href="https://www.amazon.com/dp/B00SBTK5KW?tag=eloabder-20&linkCode=osi&th=1&psc=1"><img src="https://m.media-amazon.com/images/I/414cqIbd9eL._SL500_.jpg" alt="Product Image"></a><p>Tea Forte Single Steeps Loose Leaf Lotus Tea Sampler, Assorted Variety Tea Box, Serve Pouches,15 Count (Pack of 1)</p><p>$18.00 ($9.33 / Ounce)</p><a href="https://www.amazon.com/dp/B00SBTK5KW?tag=eloabder-20&linkCode=osi&th=1&psc=1">View Product</a></div><div class="product"><a href="https://www.amazon.com/dp/B08VMR4MXN?tag=eloabder-20&linkCode=osi&th=1&psc=1"><img src="https://m.media-amazon.com/images/I/51qQv4-VV3L._SL500_.jpg" alt="Product Image"></a><p>Twinings Tea Sampler Set 12 Flavors Assortment 48 Assorted Tea Bags with 20 Honey Sticks for Tea, Straws and Naturally Caffeine Free Herbal Tea Set…</p><p>$22.96 ($22.96 / Count)</p><a href="https://www.amazon.com/dp/B08VMR4MXN?tag=eloabder-20&linkCode=osi&th=1&psc=1">View Product</a></div><div class="product"><a href="https://www.amazon.com/dp/B074T2FWJY?tag=eloabder-20&linkCode=osi&th=1&psc=1"><img src="https://m.media-amazon.com/images/I/41n1uoomGAL._SL500_.jpg" alt="Product Image"></a><p>10Pcs Heart Tea Infuser for Loose Leaf Tea Steeper - Tea Diffusers for Loose Tea Leaf Steeper Tea Strainers for Loose Tea Infuser Spoon - Tea Steeper for Loose Tea Strainer Heart Shaped Tea Infuser</p><p>$9.98 ($1.00 / Count)</p><a href="https://www.amazon.com/dp/B074T2FWJY?tag=eloabder-20&linkCode=osi&th=1&psc=1">View Product</a></div><div class="product"><a href="https://www.amazon.com/dp/B074L4MZRY?tag=eloabder-20&linkCode=osi&th=1&psc=1"><img src="https://m.media-amazon.com/images/I/418v4F8ZhkL._SL500_.jpg" alt="Product Image"></a><p>VAHDAM Perfect Measure Loose Leaf Tea Spoon | Premium Quality Stainless Steel Tea Scoop | Perfect Measuring Teaspoons To Brew 1 Cup Of Loose Leaf Tea & Matcha</p><p>$7.99</p><a href="https://www.amazon.com/dp/B074L4MZRY?tag=eloabder-20&linkCode=osi&th=1&psc=1">View Product</a></div><div class="product"><a href="https://www.amazon.com/dp/B09FF6P7BL?tag=eloabder-20&linkCode=osi&th=1&psc=1"><img src="https://m.media-amazon.com/images/I/41oGPC0w7ML._SL500_.jpg" alt="Product Image"></a><p>Cute Tea Infuser by OTOTO - Loose Leaf Tea Steeper, Tea Accessories, Tea Diffusers, Tea Infuser for Loose Leaf Tea, Tea Strainers, Cute Gifts, Tea Gift Set, Kitchen Gifts, Cooking Gadgets</p><p>$14.95</p><a href="https://www.amazon.com/dp/B09FF6P7BL?tag=eloabder-20&linkCode=osi&th=1&psc=1">View Product</a></div><div class="product"><a href="https://www.amazon.com/dp/B072XP4FQK?tag=eloabder-20&linkCode=osi&th=1&psc=1"><img src="https://m.media-amazon.com/images/I/31Lfv+7oU6L._SL500_.jpg" alt="Product Image"></a><p>Tea Infuser (Set of 2 Pyramid & Square) with Tea Scoop | Ultra Fine Tea Strainer for Loose Leaf Tea | Stainless Steel Tea Steeper for a Superior Brewing Experience</p><p>$9.99</p><a href="https://www.amazon.com/dp/B072XP4FQK?tag=eloabder-20&linkCode=osi&th=1&psc=1">View Product</a></div><div class="product"><a href="https://www.amazon.com/dp/B0D2SCT4C4?tag=eloabder-20&linkCode=osi&th=1&psc=1"><img src="https://m.media-amazon.com/images/I/51vJnfc4-JL._SL500_.jpg" alt="Product Image"></a><p>Organic Tea Gift Set with Portable Kettle - 36 Piece Tea Gifts for Tea Lovers - Includes Insulated Mug, Assorted Organic Teas, Honey Sticks & Tea Accessories - Ultimate Brewing Experience</p><p>$56.90</p><a href="https://www.amazon.com/dp/B0D2SCT4C4?tag=eloabder-20&linkCode=osi&th=1&psc=1">View Product</a></div>
<div class="product"><a href="https://www.amazon.com/dp/B01NAV05XS?tag=eloabder-20&linkCode=osi&th=1&psc=1"><img src="https://m.media-amazon.com/images/I/51xpd-egLaL._SL500_.jpg" alt="Product Image"></a><p>Torani Variety Pack Caramel, French Vanilla, Vanilla & Hazelnut, 25.4 Ounces (Pack of 4)</p><p>$35.99 ($0.35 / Fl Oz)</p><a href="https://www.amazon.com/dp/B01NAV05XS?tag=eloabder-20&linkCode=osi&th=1&psc=1">View Product</a></div><div class="product"><a href="https://www.amazon.com/dp/B084NVN1J6?tag=eloabder-20&linkCode=osi&th=1&psc=1"><img src="https://m.media-amazon.com/images/I/51Vz7p8hhyL._SL500_.jpg" alt="Product Image"></a><p>Bones Coffee Company Cookies 'N Dreams Coffee Beans, Cookies & Cream Flavor, Low Acid Flavored Coffee, Made with Arabica Coffee Beans, Medium Roast Gourmet Coffee (12 oz)</p><p>$17.99 ($1.50 / Ounce)</p><a href="https://www.amazon.com/dp/B084NVN1J6?tag=eloabder-20&linkCode=osi&th=1&psc=1">View Product</a></div><div class="product"><a href="https://www.amazon.com/dp/B0C2DHCBD6?tag=eloabder-20&linkCode=osi&th=1&psc=1"><img src="https://m.media-amazon.com/images/I/51wa33jmF7L._SL500_.jpg" alt="Product Image"></a><p>Torani Puremade Sauce Variety Pack, 4 Flavors, 16.5 Ounces Bottle (Set of 4)</p><p>$25.99 ($0.39 / Ounce)</p><a href="https://www.amazon.com/dp/B0C2DHCBD6?tag=eloabder-20&linkCode=osi&th=1&psc=1">View Product</a></div><div class="product"><a href="https://www.amazon.com/dp/B000S75D66?tag=eloabder-20&linkCode=osi&th=1&psc=1"><img src="https://m.media-amazon.com/images/I/41AZMaoxbWL._SL500_.jpg" alt="Product Image"></a><p>illy Ground Coffee Moka - 100% Arabica Flavored Coffee Ground - Rich Aromatic Coffee Grounds Profile – Classico Medium Roast - Notes of Caramel, Orange Blossom & Jasmine - No Preservatives – 8.8 Ounce</p><p>$13.85 ($1.57 / Ounce)</p><a href="https://www.amazon.com/dp/B000S75D66?tag=eloabder-20&linkCode=osi&th=1&psc=1">View Product</a></div><div class="product"><a href="https://www.amazon.com/dp/B0BBY6V5T3?tag=eloabder-20&linkCode=osi&th=1&psc=1"><img src="https://m.media-amazon.com/images/I/515wvEFTD7L._SL500_.jpg" alt="Product Image"></a><p>Bones Coffee Company NEW World Tour Sample Pack | Ground Coffee Beans Sampler Gift Box Set | 4 oz Pack of 5 Assorted Single-Origin Gourmet Coffee Gifts | Medium Roast Coffee Beverages (Ground)</p><p>$34.99 ($1.75 / Ounce)</p><a href="https://www.amazon.com/dp/B0BBY6V5T3?tag=eloabder-20&linkCode=osi&th=1&psc=1">View Product</a></div>

<div class="product"><a href="https://www.amazon.com/dp/B01E4C982U?tag=eloabder-20&linkCode=osi&th=1&psc=1"><img src="https://m.media-amazon.com/images/I/51nAunBrSiL._SL500_.jpg" alt="Product Image"></a><p>Green Tea leaves Sencha, JAS Certified Organic, Japanese Tea, Uji-Kyoto, 80g Bag 【YAMASAN】</p><p>$14.70 ($5.25 / Ounce)</p><a href="https://www.amazon.com/dp/B01E4C982U?tag=eloabder-20&linkCode=osi&th=1&psc=1">View Product</a></div><div class="product"><a href="https://www.amazon.com/dp/B000SARJF6?tag=eloabder-20&linkCode=osi&th=1&psc=1"><img src="https://m.media-amazon.com/images/I/51hE2hmSzuL._SL500_.jpg" alt="Product Image"></a><p>Davidson's Tea Bulk, English Breakfast, 16 Ounce</p><p>$15.99 ($1.00 / Ounce)</p><a href="https://www.amazon.com/dp/B000SARJF6?tag=eloabder-20&linkCode=osi&th=1&psc=1">View Product</a></div><div class="product"><a href="https://www.amazon.com/dp/B008FOLQRE?tag=eloabder-20&linkCode=osi&th=1&psc=1"><img src="https://m.media-amazon.com/images/I/51F0rcvhhvL._SL500_.jpg" alt="Product Image"></a><p>Traditional Medicinals Organic Raspberry Leaf Herbal Tea, Eases Menstrual Cramps & Supports Healthy Pregnancy, (Pack of 1) - 16 Tea Bags</p><p>$4.92 ($5.79 / Ounce)</p><a href="https://www.amazon.com/dp/B008FOLQRE?tag=eloabder-20&linkCode=osi&th=1&psc=1">View Product</a></div><div class="product"><a href="https://www.amazon.com/dp/B00136MKEO?tag=eloabder-20&linkCode=osi&th=1&psc=1"><img src="https://m.media-amazon.com/images/I/41Ll68Q3iLL._SL500_.jpg" alt="Product Image"></a><p>Ahmad Tea Earl Grey Aromatic Loose Tea, Ceylon Caddy, 17.6 Oz</p><p>$14.87 ($0.84 / Ounce)</p><a href="https://www.amazon.com/dp/B00136MKEO?tag=eloabder-20&linkCode=osi&th=1&psc=1">View Product</a></div><div class="product"><a href="https://www.amazon.com/dp/B087G3NQGN?tag=eloabder-20&linkCode=osi&th=1&psc=1"><img src="https://m.media-amazon.com/images/I/51wev+SayvL._SL500_.jpg" alt="Product Image"></a><p>TIAN HU SHAN Premium Green Tea Loose Leaf 16 Ounce (454g)</p><p>$14.98 ($0.94 / Ounce)</p><a href="https://www.amazon.com/dp/B087G3NQGN?tag=eloabder-20&linkCode=osi&th=1&psc=1">View Product</a></div><div class="product"><a href="https://www.amazon.com/dp/B007Y94GN2?tag=eloabder-20&linkCode=osi&th=1&psc=1"><img src="https://m.media-amazon.com/images/I/51hqdPaNJYL._SL500_.jpg" alt="Product Image"></a><p>The Tao of Tea, Hibiscus Ginger Tea, Loose Leaf, 3.0 Ounce Tin to make 50 cups</p><p>$10.90 ($3.63 / Ounce)</p><a href="https://www.amazon.com/dp/B007Y94GN2?tag=eloabder-20&linkCode=osi&th=1&psc=1">View Product</a></div><div class="product"><a href="https://www.amazon.com/dp/B0D3WN5RG3?tag=eloabder-20&linkCode=osi&th=1&psc=1"><img src="https://m.media-amazon.com/images/I/5109jIe8NoL._SL500_.jpg" alt="Product Image"></a><p>Mevlana Ceylon Tea, Loose Leaf, 1 Lbs - Best Ceylon Black Tea Leaves from Sri Lanka - Loose Leaf Black Tea</p><p>$14.99 ($0.94 / Ounce)</p><a href="https://www.amazon.com/dp/B0D3WN5RG3?tag=eloabder-20&linkCode=osi&th=1&psc=1">View Product</a></div><div class="product"><a href="https://www.amazon.com/dp/B087G345SM?tag=eloabder-20&linkCode=osi&th=1&psc=1"><img src="https://m.media-amazon.com/images/I/51gQfgKqklL._SL500_.jpg" alt="Product Image"></a><p>TIAN HU SHAN Premium Oolong Tea Loose Leaf 14 Ounce (400g)</p><p>$14.99 ($1.07 / Ounce)</p><a href="https://www.amazon.com/dp/B087G345SM?tag=eloabder-20&linkCode=osi&th=1&psc=1">View Product</a></div>
<div class="product"><a href="https://www.amazon.com/dp/B08XWVFTKS?tag=eloabder-20&linkCode=osi&th=1&psc=1"><img src="https://m.media-amazon.com/images/I/41hJk3cTdnL._SL500_.jpg" alt="Product Image"></a><p>Lindt Gourmet Chocolate Truffles Gift Box, Assorted Chocolate Truffles, Great for gift giving, 14.7 Ounces</p><p>$24.99 ($1.70 / Ounce)</p><a href="https://www.amazon.com/dp/B08XWVFTKS?tag=eloabder-20&linkCode=osi&th=1&psc=1">View Product</a></div>
<div class="product"><a href="https://www.amazon.com/dp/B0CJ3XYPV3?tag=eloabder-20&linkCode=osi&th=1&psc=1"><img src="https://m.media-amazon.com/images/I/519ufxoFyDL._SL500_.jpg" alt="Product Image"></a><p>Blue House VARIETY Handcrafted Gourmet Caramel Candies Gift Box, Maple, Raspberry, Coffee, and Sea Salt</p><p>$26.98 ($1.35 / Count)</p><a href="https://www.amazon.com/dp/B0CJ3XYPV3?tag=eloabder-20&linkCode=osi&th=1&psc=1">View Product</a></div><div class="product"><a href="https://www.amazon.com/dp/B06VW4Z7B1?tag=eloabder-20&linkCode=osi&th=1&psc=1"><img src="https://m.media-amazon.com/images/I/516NdD4b5nL._SL500_.jpg" alt="Product Image"></a><p>BALI'S BEST Coffee Candy - Original Flavor | 1lb Jar | Rich, Smooth Taste | Indulge in Gourmet Coffee Delight - For Coffee Lovers, Delicious Treat for Any Occasion</p><p>$9.87 ($0.62 / Ounce)</p><a href="https://www.amazon.com/dp/B06VW4Z7B1?tag=eloabder-20&linkCode=osi&th=1&psc=1">View Product</a></div><div class="product"><a href="https://www.amazon.com/dp/B086N119VC?tag=eloabder-20&linkCode=osi&th=1&psc=1"><img src="https://m.media-amazon.com/images/I/41xKAcovvCS._SL500_.jpg" alt="Product Image"></a><p>Cerez Pazari Turkish Delight Candy with Assorted Mix Flavours 16 oz Gourmet Medium Size Snacks Gift Box | No Nuts Sweet Luxury Traditional Confectionery Vegan Lokum Loukoumi Approx.42 Pcs</p><p>$13.49 ($0.96 / Ounce)</p><a href="https://www.amazon.com/dp/B086N119VC?tag=eloabder-20&linkCode=osi&th=1&psc=1">View Product</a></div>
<div class="product"><a href="https://www.amazon.com/dp/B07CJLPR4P?tag=eloabder-20&linkCode=osi&th=1&psc=1"><img src="https://m.media-amazon.com/images/I/41vviwnqT4L._SL500_.jpg" alt="Product Image"></a><p>Funky Chunky Gourmet Popcorn Sampler Variety Pack with all 5 flavors: Sea Salt Caramel, Nutty Choco Pop, Peanut Butter Cup, Chip Zel Pop, and Chocolate Pretzel, 2 oz (5 Bags)</p><p>$20.00 ($2.00 / Ounce)</p><a href="https://www.amazon.com/dp/B07CJLPR4P?tag=eloabder-20&linkCode=osi&th=1&psc=1">View Product</a></div><div class="product"><a href="https://www.amazon.com/dp/B0CB1Q5YQ1?tag=eloabder-20&linkCode=osi&th=1&psc=1"><img src="https://m.media-amazon.com/images/I/61Xzv3ZgRIL._SL500_.jpg" alt="Product Image"></a><p>Italian Cracker Assortment - Pack of 30 - Snack Size Cracker Packs - Great Mother's Day Gift - Gourmet Artisan Cracker Variety Pack - Rosemary, Olive, Sesame, Poppy & Sesame, Pizza Flavors - Gourmet Crackers for Charcuterie Party - Cracker Gift Box - Kosher, Preservative Free</p><p>$29.99 ($34.01 / Ounce)</p><a href="https://www.amazon.com/dp/B0CB1Q5YQ1?tag=eloabder-20&linkCode=osi&th=1&psc=1">View Product</a></div><div class="product"><a href="https://www.amazon.com/dp/B0BLMMSPLW?tag=eloabder-20&linkCode=osi&th=1&psc=1"><img src="https://m.media-amazon.com/images/I/61jdT7ZVojL._SL500_.jpg" alt="Product Image"></a><p>International Snack Box, 30 Pcs Premium Foreign Rare Snack Food Gifts with Suprise Item,European Snacks for Adults and Kids for Easter Day</p><p>$39.95 ($0.62 / Ounce)</p><a href="https://www.amazon.com/dp/B0BLMMSPLW?tag=eloabder-20&linkCode=osi&th=1&psc=1">View Product</a></div><div class="product"><a href="https://www.amazon.com/dp/B07Z9SBTTC?tag=eloabder-20&linkCode=osi&th=1&psc=1"><img src="https://m.media-amazon.com/images/I/51P13LVLpjL._SL500_.jpg" alt="Product Image"></a><p>Sahale Snacks Glazed Mix Nut Blend Variety Pack, 1.5 Oz Grab & Go Bags (12 Total Packs) - Four Different Dry-Roasted Deluxe Mixed Nuts Blends Included - Non-GMO Kosher & Certified Gluten-Free Snacks</p><p>$42.20 ($2.34 / Ounce)</p><a href="https://www.amazon.com/dp/B07Z9SBTTC?tag=eloabder-20&linkCode=osi&th=1&psc=1">View Product</a></div><div class="product"><a href="https://www.amazon.com/dp/B00LAQ4Z1I?tag=eloabder-20&linkCode=osi&th=1&psc=1"><img src="https://m.media-amazon.com/images/I/41PkJ7khWFL._SL500_.jpg" alt="Product Image"></a><p>Sheila G's Brownie Brittle – Chocolate Chip & Salted Caramel Thin and Crispy Sweet Snacks (Pack of 20, 1 oz), Rich Gourmet Brownie Bites Dessert</p><p>$29.70 ($1.48 / Ounce)</p><a href="https://www.amazon.com/dp/B00LAQ4Z1I?tag=eloabder-20&linkCode=osi&th=1&psc=1">View Product</a></div><div class="product"><a href="https://www.amazon.com/dp/B09GW1NT5C?tag=eloabder-20&linkCode=osi&th=1&psc=1"><img src="https://m.media-amazon.com/images/I/613yB5WvmhL._SL500_.jpg" alt="Product Image"></a><p>CRAVEBOX Gourmet Specialty Snacks Box Care Package Boxes for College Students Adults Healthy Cookies Bar Organic Variety Gift Pack Assortment Basket Mix Sampler Treat Final Exam Office Men Women Halloween Back to School</p><p>$36.95 ($36.95 / Count)</p><a href="https://www.amazon.com/dp/B09GW1NT5C?tag=eloabder-20&linkCode=osi&th=1&psc=1">View Product</a></div>
<div class="product"><a href="https://www.amazon.com/dp/B00MPQ5ZOS?tag=eloabder-20&linkCode=osi&th=1&psc=1"><img src="https://m.media-amazon.com/images/I/51rC2bMIM5L._SL500_.jpg" alt="Product Image"></a><p>BetterBody Foods Organic Chia Seeds 2 lbs, 32 Oz, with Omega-3, Non-GMO, Gluten Free, Keto Diet Friendly, Vegan, Good Source of Fiber</p><p>$14.26 ($0.45 / Ounce)</p><a href="https://www.amazon.com/dp/B00MPQ5ZOS?tag=eloabder-20&linkCode=osi&th=1&psc=1">View Product</a></div><div class="product"><a href="https://www.amazon.com/dp/B000R7V3DE?tag=eloabder-20&linkCode=osi&th=1&psc=1"><img src="https://m.media-amazon.com/images/I/51YhGUGB+2L._SL500_.jpg" alt="Product Image"></a><p>Pacific Foods Organic Free Range Chicken Broth, 8 oz Carton (Pack of 4)</p><p>$3.39 ($0.11 / Fl Oz)</p><a href="https://www.amazon.com/dp/B000R7V3DE?tag=eloabder-20&linkCode=osi&th=1&psc=1">View Product</a></div><div class="product"><a href="https://www.amazon.com/dp/B073ZNGZ7F?tag=eloabder-20&linkCode=osi&th=1&psc=1"><img src="https://m.media-amazon.com/images/I/51PZf9bpVIL._SL500_.jpg" alt="Product Image"></a><p>BetterBody Foods Organic Quinoa, Vegan, Complete Plant Protein, Gluten Free, Low Glycemic Rice Replacement, 24 ounce</p><p>$15.63 ($0.65 / Fl Oz)</p><a href="https://www.amazon.com/dp/B073ZNGZ7F?tag=eloabder-20&linkCode=osi&th=1&psc=1">View Product</a></div><div class="product"><a href="https://www.amazon.com/dp/B01N3365YI?tag=eloabder-20&linkCode=osi&th=1&psc=1"><img src="https://m.media-amazon.com/images/I/41N0Mk2m0pL._SL500_.jpg" alt="Product Image"></a><p>NOW Foods, Organic Pumpkin Seeds, Raw and Unsalted, Excellent Source of Protein and Iron, Certified Non-GMO, Keto-Friendly Snack, 12-Ounce (Packaging May Vary)</p><p>$6.99 ($0.58 / Ounce)</p><a href="https://www.amazon.com/dp/B01N3365YI?tag=eloabder-20&linkCode=osi&th=1&psc=1">View Product</a></div><div class="product"><a href="https://www.amazon.com/dp/B0CMW5KTLL?tag=eloabder-20&linkCode=osi&th=1&psc=1"><img src="https://m.media-amazon.com/images/I/51skmBt-7dL._SL500_.jpg" alt="Product Image"></a><p>Kate’s Real Food Organic Granola Bars - Snack & Share Variety Pack (2.2 oz, Pack of 12) - Organic Energy Bars Made with Gluten Free Oats - Non GMO, Soy Free, Whole Grains, and All Natural</p><p>$33.88 ($1.28 / Ounce)</p><a href="https://www.amazon.com/dp/B0CMW5KTLL?tag=eloabder-20&linkCode=osi&th=1&psc=1">View Product</a></div><div class="product"><a href="https://www.amazon.com/dp/B008RLUXI8?tag=eloabder-20&linkCode=osi&th=1&psc=1"><img src="https://m.media-amazon.com/images/I/51cnqntGe8L._SL500_.jpg" alt="Product Image"></a><p>Annie's Organic Variety Pack, Cheddar Bunnies, Bunny Grahams and Cheddar Squares, 12 Pouches, 11 oz</p><p>$8.49 ($0.77 / Ounce)</p><a href="https://www.amazon.com/dp/B008RLUXI8?tag=eloabder-20&linkCode=osi&th=1&psc=1">View Product</a></div><div class="product"><a href="https://www.amazon.com/dp/B01IPZUZW4?tag=eloabder-20&linkCode=osi&th=1&psc=1"><img src="https://m.media-amazon.com/images/I/51F2XkB6b5L._SL500_.jpg" alt="Product Image"></a><p>BetterBody Foods Organic Cacao Powder, Rich Chocolate Flavor, Non-GMO, Gluten-Free, Cocoa, 16 ounce, 1 lb bag</p><p>$12.27 ($0.77 / Ounce)</p><a href="https://www.amazon.com/dp/B01IPZUZW4?tag=eloabder-20&linkCode=osi&th=1&psc=1">View Product</a></div><div class="product"><a href="https://www.amazon.com/dp/B016BC50VY?tag=eloabder-20&linkCode=osi&th=1&psc=1"><img src="https://m.media-amazon.com/images/I/51yOgUaWJ1L._SL500_.jpg" alt="Product Image"></a><p>Good Sense Roasted & Salted Organic Pumpkin Seeds (Pepitas), Non-GMO & All Natural, 6 Ounce Resealable Bag</p><p>$3.99 ($0.66 / Ounce)</p><a href="https://www.amazon.com/dp/B016BC50VY?tag=eloabder-20&linkCode=osi&th=1&psc=1">View Product</a></div><div class="product"><a href="https://www.amazon.com/dp/B0B5V77FSZ?tag=eloabder-20&linkCode=osi&th=1&psc=1"><img src="https://m.media-amazon.com/images/I/41qVxhNyX6L._SL500_.jpg" alt="Product Image"></a><p>Pacific Foods Organic Chicken and Wild Rice Soup, 16.3 oz Can</p><p>$2.87 ($0.18 / Ounce)</p><a href="https://www.amazon.com/dp/B0B5V77FSZ?tag=eloabder-20&linkCode=osi&th=1&psc=1">View Product</a></div>
<div class="product"><a href="https://www.amazon.com/dp/B00CBX8F3I?tag=eloabder-20&linkCode=osi&th=1&psc=1"><img src="https://m.media-amazon.com/images/I/51YgGi3uXNL._SL500_.jpg" alt="Product Image"></a><p>Glutino Gluten Free Table Crackers, Premium Squares, Original, 7 oz</p><p>$3.13 ($0.45 / Ounce)</p><a href="https://www.amazon.com/dp/B00CBX8F3I?tag=eloabder-20&linkCode=osi&th=1&psc=1">View Product</a></div><div class="product"><a href="https://www.amazon.com/dp/B0C64N6ZTC?tag=eloabder-20&linkCode=osi&th=1&psc=1"><img src="https://m.media-amazon.com/images/I/41jSEFaAtWL._SL500_.jpg" alt="Product Image"></a><p>Katz Gluten Free Toaster Pastries. Strawberry. Easy Breakfast Food Or Anytime Healthy Snacks For Adults & Kids. Gluten Free Snacks. Dairy Free, Nut Free, Peanut Free, Soy Free. Snacks For Adults Kosher Snacks. 8 OZ (Pack Of 2</p><p>$12.97 ($0.81 / Ounce)</p><a href="https://www.amazon.com/dp/B0C64N6ZTC?tag=eloabder-20&linkCode=osi&th=1&psc=1">View Product</a></div><div class="product"><a href="https://www.amazon.com/dp/B006OIWD7U?tag=eloabder-20&linkCode=osi&th=1&psc=1"><img src="https://m.media-amazon.com/images/I/51fcMhMMuFL._SL500_.jpg" alt="Product Image"></a><p>Kinnikinnick Gluten Free Angel Food Cake Mix, 16 Ounce</p><p>$9.00 ($0.56 / Ounce)</p><a href="https://www.amazon.com/dp/B006OIWD7U?tag=eloabder-20&linkCode=osi&th=1&psc=1">View Product</a></div><div class="product"><a href="https://www.amazon.com/dp/B00HKIBKQS?tag=eloabder-20&linkCode=osi&th=1&psc=1"><img src="https://m.media-amazon.com/images/I/41vcEf0YqVL._SL500_.jpg" alt="Product Image"></a><p>Lotus Foods Bulk Food Organic Millet & Brown Rice Ramen Noodles with Red Miso Soup, Gluten-Free Easy to Cook & Healthy Japanese Noodles with Instant Gourmet Broth, 2.8 Oz (Pack of 10)</p><p>$23.90 ($0.85 / Ounce)</p><a href="https://www.amazon.com/dp/B00HKIBKQS?tag=eloabder-20&linkCode=osi&th=1&psc=1">View Product</a></div><div class="product"><a href="https://www.amazon.com/dp/B09P8VQ62R?tag=eloabder-20&linkCode=osi&th=1&psc=1"><img src="https://m.media-amazon.com/images/I/517vF20bKYL._SL500_.jpg" alt="Product Image"></a><p>Gluten Free Sugar Free Butter Cookies 36 Count Traditional Danish Cookies, Premium Assorted Shortbread cookies for Diabetics (1 Pk, 11 Ounce)</p><p>$13.99 ($1.27 / Ounce)</p><a href="https://www.amazon.com/dp/B09P8VQ62R?tag=eloabder-20&linkCode=osi&th=1&psc=1">View Product</a></div><div class="product"><a href="https://www.amazon.com/dp/B07QFY8KVJ?tag=eloabder-20&linkCode=osi&th=1&psc=1"><img src="https://m.media-amazon.com/images/I/41A8K3x-WKL._SL500_.jpg" alt="Product Image"></a><p>Double Yolk Gluten Free Medium Egg Noodles,10 Ounce Bag (Pack of 2)</p><p>$20.00 ($1.00 / Ounce)</p><a href="https://www.amazon.com/dp/B07QFY8KVJ?tag=eloabder-20&linkCode=osi&th=1&psc=1">View Product</a></div><div class="product"><a href="https://www.amazon.com/dp/B017QPT0P2?tag=eloabder-20&linkCode=osi&th=1&psc=1"><img src="https://m.media-amazon.com/images/I/41bJSGh8ocS._SL500_.jpg" alt="Product Image"></a><p>Mom's Gluten Free Angel Food Cake Mix,1-Pack, Easy to Make, 12 Servings, Non GMO Delicious and Healthy Gluten Free Desserts</p><p>$9.99 ($0.55 / Ounce)</p><a href="https://www.amazon.com/dp/B017QPT0P2?tag=eloabder-20&linkCode=osi&th=1&psc=1">View Product</a></div>
<div class="product"><a href="https://www.amazon.com/dp/B08QG24L5V?tag=eloabder-20&linkCode=osi&th=1&psc=1"><img src="https://m.media-amazon.com/images/I/61+-HZ1es-L._SL500_.jpg" alt="Product Image"></a><p>Hellmann's Vegan Dressing and Spread Vegan 3 Ct for a Rich, Creamy Plant-Based Alternative to Mayo Same Great Taste, Plant Based, Free From Eggs 11.5 oz</p><p>$13.47 ($0.39 / Fl Oz)</p><a href="https://www.amazon.com/dp/B08QG24L5V?tag=eloabder-20&linkCode=osi&th=1&psc=1">View Product</a></div><div class="product"><a href="https://www.amazon.com/dp/B07PQ9D3WP?tag=eloabder-20&linkCode=osi&th=1&psc=1"><img src="https://m.media-amazon.com/images/I/519WO4YN0lL._SL500_.jpg" alt="Product Image"></a><p>Kapka Assorted Variety Indian Meals - 5 Pack - Ready to Eat Authentic Vegan Prepared Food - Just Add Water - Microwaveable Plant-Based Snacks for Breakfast, Lunch, Non-GMO, No Additives - 3.5oz Each</p><p>$22.99 ($1.31 / Ounce)</p><a href="https://www.amazon.com/dp/B07PQ9D3WP?tag=eloabder-20&linkCode=osi&th=1&psc=1">View Product</a></div><div class="product"><a href="https://www.amazon.com/dp/B093TNJY8D?tag=eloabder-20&linkCode=osi&th=1&psc=1"><img src="https://m.media-amazon.com/images/I/51imOXudzIL._SL500_.jpg" alt="Product Image"></a><p>TASTY BITE Mexican Protein Bowl, 8.8 Ounce, Pack of 6, Ready to Eat, Microwaveable, Vegan, 12g Plant Protein, Tangy Citrus</p><p>$21.96 ($0.42 / Ounce)</p><a href="https://www.amazon.com/dp/B093TNJY8D?tag=eloabder-20&linkCode=osi&th=1&psc=1">View Product</a></div><div class="product"><a href="https://www.amazon.com/dp/B0B23VJWWN?tag=eloabder-20&linkCode=osi&th=1&psc=1"><img src="https://m.media-amazon.com/images/I/519YN5vy+eL._SL500_.jpg" alt="Product Image"></a><p>Casa Verde | Variety flavours, 100% Natural food, Pack of 4, Real taste | 100% vegan & Non-GMO, Plant based, No preservatives</p><p>$26.99 ($0.77 / Ounce)</p><a href="https://www.amazon.com/dp/B0B23VJWWN?tag=eloabder-20&linkCode=osi&th=1&psc=1">View Product</a></div><div class="product"><a href="https://www.amazon.com/dp/B071JLJ9Q8?tag=eloabder-20&linkCode=osi&th=1&psc=1"><img src="https://m.media-amazon.com/images/I/51iqkJ5JbAL._SL500_.jpg" alt="Product Image"></a><p>Vegan Snacks Gift Basket for Adults Healthy Food Treats Variety Pack with Cookies, Protein Bars, Candy, Crispy Chips, Vegan Jerky, Fruit and Nut Blends - Ideal Vegan Snack Box Gift for Women & Men</p><p>$42.99 ($2.15 / Count)</p><a href="https://www.amazon.com/dp/B071JLJ9Q8?tag=eloabder-20&linkCode=osi&th=1&psc=1">View Product</a></div><div class="product"><a href="https://www.amazon.com/dp/B086PDWSNC?tag=eloabder-20&linkCode=osi&th=1&psc=1"><img src="https://m.media-amazon.com/images/I/51WO5dIKDjL._SL500_.jpg" alt="Product Image"></a><p>Kitchen & Love Best Sellers Variety Box 6-Pack | Vegan, Ready-to-Eat, No Refrigeration Required | Plant-Based, Gourmet Flavors</p><p>$27.99 ($0.59 / Ounce)</p><a href="https://www.amazon.com/dp/B086PDWSNC?tag=eloabder-20&linkCode=osi&th=1&psc=1">View Product</a></div><div class="product"><a href="https://www.amazon.com/dp/B08QG3CRNP?tag=eloabder-20&linkCode=osi&th=1&psc=1"><img src="https://m.media-amazon.com/images/I/617B3UIbxHL._SL500_.jpg" alt="Product Image"></a><p>Best Foods Vegan Dressing and Spread Vegan 1 ct for a Rich, Creamy Plant-Based Alternative to Mayo Same Great Taste, Plant Based, Free From Eggs 11.5 oz</p><p>$5.59 ($0.49 / Fl Oz)</p><a href="https://www.amazon.com/dp/B08QG3CRNP?tag=eloabder-20&linkCode=osi&th=1&psc=1">View Product</a></div><div class="product"><a href="https://www.amazon.com/dp/B09874VXSX?tag=eloabder-20&linkCode=osi&th=1&psc=1"><img src="https://m.media-amazon.com/images/I/51dRBp+9AzS._SL500_.jpg" alt="Product Image"></a><p>VEGAN VALLEY Cashew Nacho Cheeze Sauce, 14.5 oz - Shelf Stable, Tangy Vegan Nacho Cheeze -Certified Gluten-Free, Kosher, Dairy Free Cheeze -Non-GMO Plant-Based Cheeze Great As Vegan Pasta Sauce, Dip</p><p>$12.97 ($0.89 / Ounce)</p><a href="https://www.amazon.com/dp/B09874VXSX?tag=eloabder-20&linkCode=osi&th=1&psc=1">View Product</a></div><div class="product"><a href="https://www.amazon.com/dp/B076XR11WH?tag=eloabder-20&linkCode=osi&th=1&psc=1"><img src="https://m.media-amazon.com/images/I/41cpFCG2iiL._SL500_.jpg" alt="Product Image"></a><p>NOOCH IT! Fair Trade Dairy-Free Cashew Grated Cheeze | Vegan Parmesan ● Tasty Cheese Alternative | 4oz (Vegan "Parm", Gluten-Free)</p><p>$10.99 ($2.75 / Ounce)</p><a href="https://www.amazon.com/dp/B076XR11WH?tag=eloabder-20&linkCode=osi&th=1&psc=1">View Product</a></div>

Aucun résultat trouvé.
<div class="product"><a href="https://www.amazon.com/dp/B07BQXJ123?tag=eloabder-20&linkCode=osi&th=1&psc=1"><img src="https://m.media-amazon.com/images/I/41h4IsgjbZL._SL500_.jpg" alt="Product Image"></a><p>Squirrel Brand Sweet Brown Butter Cashews, 3.5 Ounces Resealable Bag, Gluten Free, Vegetarian</p><p>$2.74 ($0.78 / Fl Oz)</p><a href="https://www.amazon.com/dp/B07BQXJ123?tag=eloabder-20&linkCode=osi&th=1&psc=1">View Product</a></div><div class="product"><a href="https://www.amazon.com/dp/B003P02EGU?tag=eloabder-20&linkCode=osi&th=1&psc=1"><img src="https://m.media-amazon.com/images/I/51aUMBXF71L._SL500_.jpg" alt="Product Image"></a><p>Sparkling Ice, Black Raspberry Sparkling Water, Zero Sugar Flavored Water, with Vitamins and Antioxidants, Low Calorie Beverage, 17 fl oz Bottles (Pack of 12)</p><p>$9.98 ($0.05 / Fl Oz)</p><a href="https://www.amazon.com/dp/B003P02EGU?tag=eloabder-20&linkCode=osi&th=1&psc=1">View Product</a></div><div class="product"><a href="https://www.amazon.com/dp/B0C6RG22VN?tag=eloabder-20&linkCode=osi&th=1&psc=1"><img src="https://m.media-amazon.com/images/I/31fjAuuWWNL._SL500_.jpg" alt="Product Image"></a><p>Bauducco Vanilla Wafers - Crispy Wafer Cookies With 3 Delicious, Indulgent, Decadent Layers of Vanilla Flavored Cream - Delicious Sweet Snack or Desert - 5.0 oz (Pack of 1)</p><p>$1.59 ($0.32 / Ounce)</p><a href="https://www.amazon.com/dp/B0C6RG22VN?tag=eloabder-20&linkCode=osi&th=1&psc=1">View Product</a></div><div class="product"><a href="https://www.amazon.com/dp/B09W5ZVDD2?tag=eloabder-20&linkCode=osi&th=1&psc=1"><img src="https://m.media-amazon.com/images/I/41SSfHVmdrL._SL500_.jpg" alt="Product Image"></a><p>Cinnamon Toast Crunch Creamy Cinnamon Spread, 10 Ounce</p><p>$2.48 ($0.25 / Ounce)</p><a href="https://www.amazon.com/dp/B09W5ZVDD2?tag=eloabder-20&linkCode=osi&th=1&psc=1">View Product</a></div><div class="product"><a href="https://www.amazon.com/dp/B00L2MWLMK?tag=eloabder-20&linkCode=osi&th=1&psc=1"><img src="https://m.media-amazon.com/images/I/51dBawJ2u9L._SL500_.jpg" alt="Product Image"></a><p>Duncan Hines Dark Chocolate Fudge Brownie Mix, 18.2 OZ</p><p>$1.54 ($0.08 / Ounce)</p><a href="https://www.amazon.com/dp/B00L2MWLMK?tag=eloabder-20&linkCode=osi&th=1&psc=1">View Product</a></div><div class="product"><a href="https://www.amazon.com/dp/B004M15U12?tag=eloabder-20&linkCode=osi&th=1&psc=1"><img src="https://m.media-amazon.com/images/I/51WF3t7pADL._SL500_.jpg" alt="Product Image"></a><p>PLANTERS Deluxe Salted Whole Cashews, Party Snacks, Plant-Based Protein, Quick Snack for Adults, After School Snack, Roasted Cashew Flavored with Sea Salt, Bulk Nuts, Kosher, 1 lb 2.25oz Canister</p><p>$9.98 ($0.55 / Ounce)</p><a href="https://www.amazon.com/dp/B004M15U12?tag=eloabder-20&linkCode=osi&th=1&psc=1">View Product</a></div><div class="product"><a href="https://www.amazon.com/dp/B078J62RYJ?tag=eloabder-20&linkCode=osi&th=1&psc=1"><img src="https://m.media-amazon.com/images/I/51AXLNUF66L._SL500_.jpg" alt="Product Image"></a><p>PLANTERS Deluxe Mixed Nuts, Cashews, Almonds, Pecans, Pistachios, Hazelnuts, Roasted with Sea Salt, Party Snacks, Plant-Based Protein, Quick Snack for Adults, After School Snack, 27oz Container</p><p>$17.51 ($0.65 / Ounce)</p><a href="https://www.amazon.com/dp/B078J62RYJ?tag=eloabder-20&linkCode=osi&th=1&psc=1">View Product</a></div><div class="product"><a href="https://www.amazon.com/dp/B0BSB1D65T?tag=eloabder-20&linkCode=osi&th=1&psc=1"><img src="https://m.media-amazon.com/images/I/51u9sSRdlIL._SL500_.jpg" alt="Product Image"></a><p>PLANTERS Cashews Cinnamon & Brown Sugar, Party Snacks, 5 Oz Bag</p><p>$3.50 ($0.70 / Ounce)</p><a href="https://www.amazon.com/dp/B0BSB1D65T?tag=eloabder-20&linkCode=osi&th=1&psc=1">View Product</a></div><div class="product"><a href="https://www.amazon.com/dp/B0BN4LZ5P3?tag=eloabder-20&linkCode=osi&th=1&psc=1"><img src="https://m.media-amazon.com/images/I/51OLBHQEeSL._SL500_.jpg" alt="Product Image"></a><p>Planters Dry Roasted Bold & Savory Peanuts, Party Snacks, Plant-Based Protein, 16 Oz Jar</p><p>$2.98 ($0.19 / Ounce)</p><a href="https://www.amazon.com/dp/B0BN4LZ5P3?tag=eloabder-20&linkCode=osi&th=1&psc=1">View Product</a></div>

<div class="product"><a href="https://www.amazon.com/dp/B0CJQJYYVQ?tag=eloabder-20&linkCode=osi&th=1&psc=1"><img src="https://m.media-amazon.com/images/I/51mbf3FOrUL._SL500_.jpg" alt="Product Image"></a><p>Dried Fruit and Nuts Gift Baskets, 9 Healthy Varieties of Nuts & Dried Fruit Gifts, Gourmet Prime Candy Basket Delivery, Family Edible Food Ideas for All, Anniversary, Birthday, Care Package, Corporate Gifts</p><p>$24.99 ($24.99 / Count)</p><a href="https://www.amazon.com/dp/B0CJQJYYVQ?tag=eloabder-20&linkCode=osi&th=1&psc=1">View Product</a></div><div class="product"><a href="https://www.amazon.com/dp/B0BRYN42RF?tag=eloabder-20&linkCode=osi&th=1&psc=1"><img src="https://m.media-amazon.com/images/I/61sztsxabsL._SL500_.jpg" alt="Product Image"></a><p>Dried Fruit & Nuts Gift Basket Arrangement Platter, Gourmet Food Snack Box, For Fathers Day, Birthday Care Package, Healthy Kosher - Her Him - 12 Snackberry Assortment (Single)</p><p>$24.99 ($1.03 / Ounce)</p><a href="https://www.amazon.com/dp/B0BRYN42RF?tag=eloabder-20&linkCode=osi&th=1&psc=1">View Product</a></div><div class="product"><a href="https://www.amazon.com/dp/B0CZ4H5N2S?tag=eloabder-20&linkCode=osi&th=1&psc=1"><img src="https://m.media-amazon.com/images/I/51NLO50v2cL._SL500_.jpg" alt="Product Image"></a><p>Variety Dried Fuit Gift Basket, Fathers Day Gift Basket, Gift Box for Birthday. Anniversary, Get Well Gift, Gift for Him, Her and Family, Snackberry (1 Pack)</p><p>$9.99 ($0.62 / Ounce)</p><a href="https://www.amazon.com/dp/B0CZ4H5N2S?tag=eloabder-20&linkCode=osi&th=1&psc=1">View Product</a></div><div class="product"><a href="https://www.amazon.com/dp/B09HW1C373?tag=eloabder-20&linkCode=osi&th=1&psc=1"><img src="https://m.media-amazon.com/images/I/418cDyDC0eL._SL500_.jpg" alt="Product Image"></a><p>Farm Fresh Assorted Nuts Gift Basket - Artfully Arranged Gourmet Nuts and Dried Fruit Collection - Prime Arrangement Platter - Makes a Delicious, Healthy Gift Basket For Holidays, Parties, Corporate Gifts, and More</p><p>$12.99 ($12.99 / Count)</p><a href="https://www.amazon.com/dp/B09HW1C373?tag=eloabder-20&linkCode=osi&th=1&psc=1">View Product</a></div><div class="product"><a href="https://www.amazon.com/dp/B0CRD2MWB9?tag=eloabder-20&linkCode=osi&th=1&psc=1"><img src="https://m.media-amazon.com/images/I/51tT9Jj4hKL._SL500_.jpg" alt="Product Image"></a><p>Happy Birthday Dried Fruit & Nuts Gift Basket Arrangement Platter, Gourmet Food Snack Box, Birthday Care Package, Healthy Kosher, Her Him (9 Assortments)</p><p>$19.99 ($19.99 / Count)</p><a href="https://www.amazon.com/dp/B0CRD2MWB9?tag=eloabder-20&linkCode=osi&th=1&psc=1">View Product</a></div><div class="product"><a href="https://www.amazon.com/dp/B0CHCJK5GN?tag=eloabder-20&linkCode=osi&th=1&psc=1"><img src="https://m.media-amazon.com/images/I/61dpK7BoYbL._SL500_.jpg" alt="Product Image"></a><p>Broadway Basketeers Deluxe Thank You Dried Fruit And Nuts Gift Basket - A Premium Healthy Appreciation Gift - Corporate, Family & Friends</p><p>$32.06</p><a href="https://www.amazon.com/dp/B0CHCJK5GN?tag=eloabder-20&linkCode=osi&th=1&psc=1">View Product</a></div>
<div class="product"><a href="https://www.amazon.com/dp/B078SZHZ82?tag=eloabder-20&linkCode=osi&th=1&psc=1"><img src="https://m.media-amazon.com/images/I/51S82IO04jL._SL500_.jpg" alt="Product Image"></a><p>DEL MONTE FRESH CUT BLUE LAKE Cut Green Beans Canned Vegetables,14.5 Ounce (Pack of 12)</p><p>$12.99 ($0.07 / Ounce)</p><a href="https://www.amazon.com/dp/B078SZHZ82?tag=eloabder-20&linkCode=osi&th=1&psc=1">View Product</a></div>
<div class="product"><a href="https://www.amazon.com/dp/B0C94YG17L?tag=eloabder-20&linkCode=osi&th=1&psc=1"><img src="https://m.media-amazon.com/images/I/51VfC5jp4OL._SL500_.jpg" alt="Product Image"></a><p>Hickory Farms Farmhouse Sausage & Cheese Medium Gift Box | Gourmet Food Basket | Charcuterie | Father's Day Gift | Perfect For Family, Birthday, Sympathy, Congratulations, Retirement, Thinking of You, Father's Day Gift</p><p>$34.99 ($34.99 / Count)</p><a href="https://www.amazon.com/dp/B0C94YG17L?tag=eloabder-20&linkCode=osi&th=1&psc=1">View Product</a></div><div class="product"><a href="https://www.amazon.com/dp/B00K35V3F8?tag=eloabder-20&linkCode=osi&th=1&psc=1"><img src="https://m.media-amazon.com/images/I/41bd0TKnKfL._SL500_.jpg" alt="Product Image"></a><p>Farmers' Market Charcuterie Gift for Summer, Wisconsin Cheese, Hickory Smoked Meat, Shelf Stable, Gourmet Meat and Cheese Platter, Large Original</p><p>$39.99</p><a href="https://www.amazon.com/dp/B00K35V3F8?tag=eloabder-20&linkCode=osi&th=1&psc=1">View Product</a></div><div class="product"><a href="https://www.amazon.com/dp/B0994V3KXV?tag=eloabder-20&linkCode=osi&th=1&psc=1"><img src="https://m.media-amazon.com/images/I/61Zr7E45qvL._SL500_.jpg" alt="Product Image"></a><p>Wisconsin Cheese Company - Specialty 100% Wisconsin Cheese Block Assortment 4 oz. (Pack of 7 Blocks) Cheddar, Pepper Jack, Swiss, Gouda, Cheddar Salami, Smoked Cheddar & Tomato Basil Cheese - Cheese Sampler Gift Set</p><p>$39.99 ($1.43 / Ounce)</p><a href="https://www.amazon.com/dp/B0994V3KXV?tag=eloabder-20&linkCode=osi&th=1&psc=1">View Product</a></div><div class="product"><a href="https://www.amazon.com/dp/B009Y7I2F0?tag=eloabder-20&linkCode=osi&th=1&psc=1"><img src="https://m.media-amazon.com/images/I/41VgrnxieeL._SL500_.jpg" alt="Product Image"></a><p>Wisconsin Cheese Company - 100% Wisconsin Cheddar & Pepper Jack Cheese and Cracker Gift Basket. Large Gourmet Gift Box Assortment. Great for Charcuterie Boards & Gifts.</p><p>$29.99 ($2.11 / Ounce)</p><a href="https://www.amazon.com/dp/B009Y7I2F0?tag=eloabder-20&linkCode=osi&th=1&psc=1">View Product</a></div><div class="product"><a href="https://www.amazon.com/dp/B00FY43IJ2?tag=eloabder-20&linkCode=osi&th=1&psc=1"><img src="https://m.media-amazon.com/images/I/41QN9RXV4RL._SL500_.jpg" alt="Product Image"></a><p>California Delicious Gourmet Cheeseboard Gift, 8 piece set</p><p>$47.98 ($6.00 / Count)</p><a href="https://www.amazon.com/dp/B00FY43IJ2?tag=eloabder-20&linkCode=osi&th=1&psc=1">View Product</a></div><div class="product"><a href="https://www.amazon.com/dp/B0CRM55TF8?tag=eloabder-20&linkCode=osi&th=1&psc=1"><img src="https://m.media-amazon.com/images/I/51Vz3kt14-L._SL500_.jpg" alt="Product Image"></a><p>Farmers' Market Cheese Block Assortment 7oz 6-Pack, Shelf Stable, Pasteurized, Locally Sourced Wisconsin Cheese (Assortment, 6 Count)</p><p>$29.99 ($0.71 / Ounce)</p><a href="https://www.amazon.com/dp/B0CRM55TF8?tag=eloabder-20&linkCode=osi&th=1&psc=1">View Product</a></div>
<div class="product"><a href="https://www.amazon.com/dp/B006GXQHKW?tag=eloabder-20&linkCode=osi&th=1&psc=1"><img src="https://m.media-amazon.com/images/I/41gffgWPG4L._SL500_.jpg" alt="Product Image"></a><p>Old Wisconsin Premium Summer Sausage, 100% Natural Meat, Charcuterie, Ready to Eat, High Protein, Low Carb, Keto, Gluten Free, Original Flavor, 8 Ounce</p><p>$6.09 ($0.76 / Count)</p><a href="https://www.amazon.com/dp/B006GXQHKW?tag=eloabder-20&linkCode=osi&th=1&psc=1">View Product</a></div><div class="product"><a href="https://www.amazon.com/dp/B07PNM9SNJ?tag=eloabder-20&linkCode=osi&th=1&psc=1"><img src="https://m.media-amazon.com/images/I/51XUGii8qrL._SL500_.jpg" alt="Product Image"></a><p>Meat Shredz - Premium Dried Pulled Pork (Variety, 6 Pack) | Gluten Free | High Protein & Low Sugar | Bacon Bits | Dehydrated Backpacking & Camping Food | Shredded, Dried Jerky Chew Snack</p><p>$42.95 ($52.06 / lb)</p><a href="https://www.amazon.com/dp/B07PNM9SNJ?tag=eloabder-20&linkCode=osi&th=1&psc=1">View Product</a></div><div class="product"><a href="https://www.amazon.com/dp/B0CVQWPGC5?tag=eloabder-20&linkCode=osi&th=1&psc=1"><img src="https://m.media-amazon.com/images/I/41M9k0m4dOL._SL500_.jpg" alt="Product Image"></a><p>Olympic Delights Premium Meats and Cheese Gift Box by Dan the Sausageman featuring Summer Sausage, Stuffed Olives, Crackers and Mustard</p><p>$68.95</p><a href="https://www.amazon.com/dp/B0CVQWPGC5?tag=eloabder-20&linkCode=osi&th=1&psc=1">View Product</a></div><div class="product"><a href="https://www.amazon.com/dp/B000FIUQAQ?tag=eloabder-20&linkCode=osi&th=1&psc=1"><img src="https://m.media-amazon.com/images/I/51-jFNA-ZgL._SL500_.jpg" alt="Product Image"></a><p>Hormel Premium No Salt Added Canned Chunk Chicken Breast in Water, 5 Ounce (Pack of 12)</p><p>$25.44 ($0.42 / Ounce)</p><a href="https://www.amazon.com/dp/B000FIUQAQ?tag=eloabder-20&linkCode=osi&th=1&psc=1">View Product</a></div><div class="product"><a href="https://www.amazon.com/dp/B07Y936YWY?tag=eloabder-20&linkCode=osi&th=1&psc=1"><img src="https://m.media-amazon.com/images/I/51cpUvuRIzL._SL500_.jpg" alt="Product Image"></a><p>Jack Link's Beef Jerky, Sweet & Hot, ½ Pounder Bag - Flavorful Meat Snack, 9g of Protein and 80 Calories, Made with Premium Beef - 96 Percent Fat Free, No Added MSG or Nitrates/Nitrites</p><p>$9.99 ($1.25 / Ounce)</p><a href="https://www.amazon.com/dp/B07Y936YWY?tag=eloabder-20&linkCode=osi&th=1&psc=1">View Product</a></div><div class="product"><a href="https://www.amazon.com/dp/B000FK7G20?tag=eloabder-20&linkCode=osi&th=1&psc=1"><img src="https://m.media-amazon.com/images/I/414A4Q9AvAL._SL500_.jpg" alt="Product Image"></a><p>Swanson White and Dark Premium Chunk Canned Chicken Breast in Water, Fully Cooked Chicken, 9.75 OZ Can (Case of 12)</p><p>$35.76 ($0.31 / Ounce)</p><a href="https://www.amazon.com/dp/B000FK7G20?tag=eloabder-20&linkCode=osi&th=1&psc=1">View Product</a></div>
<div class="product"><a href="https://www.amazon.com/dp/B072126PMY?tag=eloabder-20&linkCode=osi&th=1&psc=1"><img src="https://m.media-amazon.com/images/I/51nw4J9x8YL._SL500_.jpg" alt="Product Image"></a><p>Simple Mills Almond Flour Baking Mix, Artisan Bread Mix - Gluten Free, Plant Based, Paleo Friendly, 10.4 Ounce (Pack of 3)</p><p>$23.97 ($0.77 / Ounce)</p><a href="https://www.amazon.com/dp/B072126PMY?tag=eloabder-20&linkCode=osi&th=1&psc=1">View Product</a></div><div class="product"><a href="https://www.amazon.com/dp/B081VPXGJS?tag=eloabder-20&linkCode=osi&th=1&psc=1"><img src="https://m.media-amazon.com/images/I/51j0-+rAaZL._SL500_.jpg" alt="Product Image"></a><p>Essential Baking Company Organic Artisan Sourdough Bread, 18.2 Ounce (Pack of 3)</p><p>$28.65 ($0.52 / Ounce)</p><a href="https://www.amazon.com/dp/B081VPXGJS?tag=eloabder-20&linkCode=osi&th=1&psc=1">View Product</a></div><div class="product"><a href="https://www.amazon.com/dp/B08HSPX7LM?tag=eloabder-20&linkCode=osi&th=1&psc=1"><img src="https://m.media-amazon.com/images/I/41RUhxZCnNL._SL500_.jpg" alt="Product Image"></a><p>Giusto's Vita-Grain All-Natural Artisan Malted Unbleached Bread Flour, 5lb Bag</p><p>$10.95 ($0.14 / Ounce)</p><a href="https://www.amazon.com/dp/B08HSPX7LM?tag=eloabder-20&linkCode=osi&th=1&psc=1">View Product</a></div>
<div class="product"><a href="https://www.amazon.com/dp/B001DDD4DS?tag=eloabder-20&linkCode=osi&th=1&psc=1"><img src="https://m.media-amazon.com/images/I/51osI10x5HL._SL500_.jpg" alt="Product Image"></a><p>Mantova Flavored Extra Virgin Olive Oil Variety Pack: Garlic, Basil, Chili, Lemon Organic Extra Virgin Olive Oil, 8.5-Ounce Per Bottle (Pack of 4) Great Gift Item</p><p>$36.99 ($1.09 / Fl Oz)</p><a href="https://www.amazon.com/dp/B001DDD4DS?tag=eloabder-20&linkCode=osi&th=1&psc=1">View Product</a></div><div class="product"><a href="https://www.amazon.com/dp/B001DDD4E2?tag=eloabder-20&linkCode=osi&th=1&psc=1"><img src="https://m.media-amazon.com/images/I/51cFWLj1kiL._SL500_.jpg" alt="Product Image"></a><p>Mantova Grand’Aroma Flavored Extra Virgin Olive Oils, Variety Gift Set, made in Italy, cold-pressed, 100% natural, heart-healthy, for grilling, barbequing, smoking, and cooking, 8.5 oz (Pack of 4)</p><p>$39.99 ($1.18 / Fl Oz)</p><a href="https://www.amazon.com/dp/B001DDD4E2?tag=eloabder-20&linkCode=osi&th=1&psc=1">View Product</a></div><div class="product"><a href="https://www.amazon.com/dp/B087S41Y1W?tag=eloabder-20&linkCode=osi&th=1&psc=1"><img src="https://m.media-amazon.com/images/I/518tVUgnUkL._SL500_.jpg" alt="Product Image"></a><p>Benissimo Herb Infused Cooking Oil Chef Pack, All Natural Italiano, Roasted Garlic, Mediterranean Garlic, Balsamic Garlic</p><p>$26.99 ($0.79 / Fl Oz)</p><a href="https://www.amazon.com/dp/B087S41Y1W?tag=eloabder-20&linkCode=osi&th=1&psc=1">View Product</a></div><div class="product"><a href="https://www.amazon.com/dp/B08CY8R7TF?tag=eloabder-20&linkCode=osi&th=1&psc=1"><img src="https://m.media-amazon.com/images/I/61pbDfsr-8L._SL500_.jpg" alt="Product Image"></a><p>Infused Extra Virgin Olive Oil Gift Box Set, First Cold Pressed, Variety Pack, 4 bottles x 8.5 fl.oz (250ml), Naturally Infused for Dipping & Tasting, (Gift Box Included), Chili, Garlic, Basil, Rosemary, BASSO1904</p><p>$35.99 ($1.06 / Fl Oz)</p><a href="https://www.amazon.com/dp/B08CY8R7TF?tag=eloabder-20&linkCode=osi&th=1&psc=1">View Product</a></div><div class="product"><a href="https://www.amazon.com/dp/B009HRQ47U?tag=eloabder-20&linkCode=osi&th=1&psc=1"><img src="https://m.media-amazon.com/images/I/41PaTko-dvL._SL500_.jpg" alt="Product Image"></a><p>TruffleHunter - English, Black & White Truffle Oil Set - 3.38 Oz x 3</p><p>$29.70 ($0.10 / Fl Oz)</p><a href="https://www.amazon.com/dp/B009HRQ47U?tag=eloabder-20&linkCode=osi&th=1&psc=1">View Product</a></div><div class="product"><a href="https://www.amazon.com/dp/B07ZZLZBF8?tag=eloabder-20&linkCode=osi&th=1&psc=1"><img src="https://m.media-amazon.com/images/I/51fpIYH949L._SL500_.jpg" alt="Product Image"></a><p>Viva Oliva Six 60ml (2oz) Variety Gift Set - Premium Flavored Extra Virgin Olive Oils (Tuscan Herb, Basil, Mushroom & Sage) and All Natural Balsamic Vinegars (18 Year Traditional, Grapefruit, Black Mission Fig)</p><p>$43.95 ($3.61 / Fl Oz)</p><a href="https://www.amazon.com/dp/B07ZZLZBF8?tag=eloabder-20&linkCode=osi&th=1&psc=1">View Product</a></div><div class="product"><a href="https://www.amazon.com/dp/B0B2LS1J8F?tag=eloabder-20&linkCode=osi&th=1&psc=1"><img src="https://m.media-amazon.com/images/I/41q4RRhEqPL._SL500_.jpg" alt="Product Image"></a><p>Infused Olive Oil Gift Sets - Organic Puglia Olive Oil Sampler Gift Set. Ideal for Italian Gifts and Edible Gift Baskets. Gourmet Olive Oil Gift Box of 5 x 3.45 Fl.Oz.</p><p>$53.80 ($3.16 / Fl Oz)</p><a href="https://www.amazon.com/dp/B0B2LS1J8F?tag=eloabder-20&linkCode=osi&th=1&psc=1">View Product</a></div><div class="product"><a href="https://www.amazon.com/dp/B08P967SSX?tag=eloabder-20&linkCode=osi&th=1&psc=1"><img src="https://m.media-amazon.com/images/I/51HyprLyr5L._SL500_.jpg" alt="Product Image"></a><p>Viva Oliva Four 60ml (2oz) Variety Gift Set - Premium Flavored Extra Virgin Olive Oils (Tuscan Herb & Basil) and All Natural Balsamic Vinegars (18 Year Traditional & Black Mission Fig)</p><p>$33.95 ($4.18 / Fl Oz)</p><a href="https://www.amazon.com/dp/B08P967SSX?tag=eloabder-20&linkCode=osi&th=1&psc=1">View Product</a></div><div class="product"><a href="https://www.amazon.com/dp/B0078DPMQY?tag=eloabder-20&linkCode=osi&th=1&psc=1"><img src="https://m.media-amazon.com/images/I/31qLwvo1tML._SL500_.jpg" alt="Product Image"></a><p>Benissimo Oil Roasted Garlic, 8.1 Ounces</p><p>$11.99 ($1.48 / Ounce)</p><a href="https://www.amazon.com/dp/B0078DPMQY?tag=eloabder-20&linkCode=osi&th=1&psc=1">View Product</a></div>
<div class="product"><a href="https://www.amazon.com/dp/B07MGKCV5Y?tag=eloabder-20&linkCode=osi&th=1&psc=1"><img src="https://m.media-amazon.com/images/I/31tE+o2DanL._SL500_.jpg" alt="Product Image"></a><p>Iberia All Natural Distilled White Vinegar, 1 Gallon - 5% Acidity</p><p>$12.99 ($0.10 / Fl Oz)</p><a href="https://www.amazon.com/dp/B07MGKCV5Y?tag=eloabder-20&linkCode=osi&th=1&psc=1">View Product</a></div><div class="product"><a href="https://www.amazon.com/dp/B07985NMQD?tag=eloabder-20&linkCode=osi&th=1&psc=1"><img src="https://m.media-amazon.com/images/I/41ElEDybjlL._SL500_.jpg" alt="Product Image"></a><p>Lucy's Family Owned - Natural Distilled White Vinegar, 1 Gallon (128 oz) - 5% Acidity (White Vinegar, 1 Gallon (128 fl oz.))</p><p>$17.99 ($0.14 / Fl Oz)</p><a href="https://www.amazon.com/dp/B07985NMQD?tag=eloabder-20&linkCode=osi&th=1&psc=1">View Product</a></div><div class="product"><a href="https://www.amazon.com/dp/B07F7MXPWD?tag=eloabder-20&linkCode=osi&th=1&psc=1"><img src="https://m.media-amazon.com/images/I/51GKn4NVqTL._SL500_.jpg" alt="Product Image"></a><p>Soeos Chinkiang Vinegar 16.9 fl oz (500ml), 3 Years Aged, Naturally Fermented, Mature Aged Black Vinegar, Chinese Black Vinegar, Zhenjiang Vinegar, Black Rice Vinegar, Black Vinegar Chinese.</p><p>$13.99 ($0.83 / Fl Oz)</p><a href="https://www.amazon.com/dp/B07F7MXPWD?tag=eloabder-20&linkCode=osi&th=1&psc=1">View Product</a></div><div class="product"><a href="https://www.amazon.com/dp/B001I7MVG0?tag=eloabder-20&linkCode=osi&th=1&psc=1"><img src="https://m.media-amazon.com/images/I/41HHUOECW2L._SL500_.jpg" alt="Product Image"></a><p>Bragg Organic Raw Apple Cider Vinegar, 32 Ounce - 1 Pack</p><p>$5.99 ($0.19 / Fl Oz)</p><a href="https://www.amazon.com/dp/B001I7MVG0?tag=eloabder-20&linkCode=osi&th=1&psc=1">View Product</a></div><div class="product"><a href="https://www.amazon.com/dp/B07W9HX3MV?tag=eloabder-20&linkCode=osi&th=1&psc=1"><img src="https://m.media-amazon.com/images/I/413FdgpxYrL._SL500_.jpg" alt="Product Image"></a><p>Calyptus 45% Pure Super Concentrated Vinegar | Dilutes to 9 Gallons | 9x Power Concentrate Vinegar | 1 Gallon</p><p>$26.99 ($0.21 / Fl Oz)</p><a href="https://www.amazon.com/dp/B07W9HX3MV?tag=eloabder-20&linkCode=osi&th=1&psc=1">View Product</a></div><div class="product"><a href="https://www.amazon.com/dp/B0052BFNLS?tag=eloabder-20&linkCode=osi&th=1&psc=1"><img src="https://m.media-amazon.com/images/I/31Tfk-0-ybL._SL500_.jpg" alt="Product Image"></a><p>Pompeian Gourmet Red Wine Vinegar, Perfect for Salad Dressings, Marinades & Sauces, Naturally Gluten Free, 30 Ounce</p><p>$4.91 ($0.16 / Fl Oz)</p><a href="https://www.amazon.com/dp/B0052BFNLS?tag=eloabder-20&linkCode=osi&th=1&psc=1">View Product</a></div><div class="product"><a href="https://www.amazon.com/dp/B00AAL6W2Y?tag=eloabder-20&linkCode=osi&th=1&psc=1"><img src="https://m.media-amazon.com/images/I/51dfgVE7orL._SL500_.jpg" alt="Product Image"></a><p>Mantova Organic Flavored Balsamic Vinegar of Modena 4-Variety Pack: Fig, Pear, Pomegranate, & Raspberry; Perfect for Gift Basket, Add to Pasta, Salad, Ice Cream and Cocktails, 8.5 oz per bottle</p><p>$27.99 ($0.82 / Fl Oz)</p><a href="https://www.amazon.com/dp/B00AAL6W2Y?tag=eloabder-20&linkCode=osi&th=1&psc=1">View Product</a></div><div class="product"><a href="https://www.amazon.com/dp/B0BGYTGT7X?tag=eloabder-20&linkCode=osi&th=1&psc=1"><img src="https://m.media-amazon.com/images/I/41huHEExA1L._SL500_.jpg" alt="Product Image"></a><p>Bragg Organic Apple Cider Vinegar With the Mother– Raw, Unfiltered All Natural Ingredients (64 Fl Oz (Pack of 1))</p><p>$13.68 ($0.21 / Fl Oz)</p><a href="https://www.amazon.com/dp/B0BGYTGT7X?tag=eloabder-20&linkCode=osi&th=1&psc=1">View Product</a></div><div class="product"><a href="https://www.amazon.com/dp/B08TZY2TZ8?tag=eloabder-20&linkCode=osi&th=1&psc=1"><img src="https://m.media-amazon.com/images/I/41YwKPQA9rL._SL500_.jpg" alt="Product Image"></a><p>Due Vittorie Oro Gold Balsamic Vinegar of Modena. Highest score from The Consortium of Modena With Cork Pourer - 8.45fl oz / 250ml</p><p>$17.00 ($2.01 / Fl Oz)</p><a href="https://www.amazon.com/dp/B08TZY2TZ8?tag=eloabder-20&linkCode=osi&th=1&psc=1">View Product</a></div>
<div class="product"><a href="https://www.amazon.com/dp/B07HMJWCNL?tag=eloabder-20&linkCode=osi&th=1&psc=1"><img src="https://m.media-amazon.com/images/I/51ayBrtgPUL._SL500_.jpg" alt="Product Image"></a><p>TRUFF Original Black Truffle Hot Sauce, Gourmet Hot Sauce with Ripe Chili Peppers, Black Truffle Oil, Agave Nectar, Unique Flavor Experience in a Bottle, 6 oz.</p><p>$14.99</p><a href="https://www.amazon.com/dp/B07HMJWCNL?tag=eloabder-20&linkCode=osi&th=1&psc=1">View Product</a></div><div class="product"><a href="https://www.amazon.com/dp/B083QT1TPX?tag=eloabder-20&linkCode=osi&th=1&psc=1"><img src="https://m.media-amazon.com/images/I/41mYuAlAFNL._SL500_.jpg" alt="Product Image"></a><p>TRUFF Hot Sauce Variety Pack, Gourmet Hot Sauce Set of Original, Hotter and Limited White Edition, Unique Flavor Experiences with Truffle, 3-Bottle Bundle, 3ct 6oz bottles</p><p>$67.99 ($3.78 / Ounce)</p><a href="https://www.amazon.com/dp/B083QT1TPX?tag=eloabder-20&linkCode=osi&th=1&psc=1">View Product</a></div><div class="product"><a href="https://www.amazon.com/dp/B0BV19S7TR?tag=eloabder-20&linkCode=osi&th=1&psc=1"><img src="https://m.media-amazon.com/images/I/51iGXyqK-pL._SL500_.jpg" alt="Product Image"></a><p>Le Sauce & Co., White Wine Lemon Garlic Gourmet Finishing Sauce (2-pack), Steakhouse Quality Gourmet Sauce, Lemon Sauce, Garlic Sauce, White Wine Sauce, Steak Sauce, Chicken sauce, Lemon Sauce, Cream Sauce,</p><p>$13.94 ($1.55 / Ounce)</p><a href="https://www.amazon.com/dp/B0BV19S7TR?tag=eloabder-20&linkCode=osi&th=1&psc=1">View Product</a></div><div class="product"><a href="https://www.amazon.com/dp/B078JBZBW5?tag=eloabder-20&linkCode=osi&th=1&psc=1"><img src="https://m.media-amazon.com/images/I/51J1qgzr8uL._SL500_.jpg" alt="Product Image"></a><p>Melinda’s Hot Sauce Variety Pack - Extra Spicy Gourmet Hot Sauce Gift Set with Variety of Heat Levels - Includes XXXXtra Reserve, Garlic Habanero, Extra Hot, Mango, Ghost Pepper- 5 oz, 5 Pack</p><p>$21.99 ($0.88 / Fl Oz)</p><a href="https://www.amazon.com/dp/B078JBZBW5?tag=eloabder-20&linkCode=osi&th=1&psc=1">View Product</a></div><div class="product"><a href="https://www.amazon.com/dp/B0BL864XMH?tag=eloabder-20&linkCode=osi&th=1&psc=1"><img src="https://m.media-amazon.com/images/I/51+63Ag8ApL._SL500_.jpg" alt="Product Image"></a><p>Dave's Gourmet Creamy Hot Sauce Variety 4-Pack - Moderate Heat for Flavoring Your Favorite Food</p><p>$30.99 ($0.97 / Ounce)</p><a href="https://www.amazon.com/dp/B0BL864XMH?tag=eloabder-20&linkCode=osi&th=1&psc=1">View Product</a></div>
<div class="product"><a href="https://www.amazon.com/dp/B07WT6GP2F?tag=eloabder-20&linkCode=osi&th=1&psc=1"><img src="https://m.media-amazon.com/images/I/41mEgBeglEL._SL500_.jpg" alt="Product Image"></a><p>Lindt Mini Pralines, Assorted Chocolate Pralines with Premium Filling, Great for gift giving, 6.2 oz Box</p><p>$16.49 ($2.66 / Ounce)</p><a href="https://www.amazon.com/dp/B07WT6GP2F?tag=eloabder-20&linkCode=osi&th=1&psc=1">View Product</a></div><div class="product"><a href="https://www.amazon.com/dp/B01BDI89SW?tag=eloabder-20&linkCode=osi&th=1&psc=1"><img src="https://m.media-amazon.com/images/I/61w5wYyxzKL._SL500_.jpg" alt="Product Image"></a><p>Ferrero Collection, 24 Count, Premium Gourmet Assorted Hazelnut Milk Chocolate, Dark Chocolate and Coconut, 9.1 oz</p><p>$11.97 ($1.32 / Ounce)</p><a href="https://www.amazon.com/dp/B01BDI89SW?tag=eloabder-20&linkCode=osi&th=1&psc=1">View Product</a></div><div class="product"><a href="https://www.amazon.com/dp/B0BHTWFQ5X?tag=eloabder-20&linkCode=osi&th=1&psc=1"><img src="https://m.media-amazon.com/images/I/41K-mIm1WNL._SL500_.jpg" alt="Product Image"></a><p>Lindt LINDOR Assorted Chocolate Truffles 90 Count Gift Box, Chocolate Candy with Smooth, Melting Truffle Center, 38.4 oz. Box</p><p>$33.95 ($0.88 / Ounce)</p><a href="https://www.amazon.com/dp/B0BHTWFQ5X?tag=eloabder-20&linkCode=osi&th=1&psc=1">View Product</a></div><div class="product"><a href="https://www.amazon.com/dp/B00UXI3PLU?tag=eloabder-20&linkCode=osi&th=1&psc=1"><img src="https://m.media-amazon.com/images/I/41Jw-Ek4+CL._SL500_.jpg" alt="Product Image"></a><p>Lindt LINDOR Milk Chocolate Candy Truffles, Milk Chocolate with Melting Truffle Center, 15.2 oz. Bag</p><p>$12.18 ($0.80 / Ounce)</p><a href="https://www.amazon.com/dp/B00UXI3PLU?tag=eloabder-20&linkCode=osi&th=1&psc=1">View Product</a></div>
<div class="product"><a href="https://www.amazon.com/dp/B000SDKDM4?tag=eloabder-20&linkCode=osi&th=1&psc=1"><img src="https://m.media-amazon.com/images/I/41L+oJp7MmL._SL500_.jpg" alt="Product Image"></a><p>Lavazza Super Crema Whole Bean Coffee Blend, light-Medium Espresso Roast, 2.2 Pound (Pack of 1) ,Premium Quality, Aromatic, Mild and creamy</p><p>$18.49 ($0.53 / Ounce)</p><a href="https://www.amazon.com/dp/B000SDKDM4?tag=eloabder-20&linkCode=osi&th=1&psc=1">View Product</a></div><div class="product"><a href="https://www.amazon.com/dp/B0721BGRS9?tag=eloabder-20&linkCode=osi&th=1&psc=1"><img src="https://m.media-amazon.com/images/I/41tHHVMfguL._SL500_.jpg" alt="Product Image"></a><p>Amazon Fresh, Dark Roast, Whole Bean Coffee, 32 Oz</p><p>$19.18 ($0.60 / Ounce)</p><a href="https://www.amazon.com/dp/B0721BGRS9?tag=eloabder-20&linkCode=osi&th=1&psc=1">View Product</a></div><div class="product"><a href="https://www.amazon.com/dp/B003GV7JFE?tag=eloabder-20&linkCode=osi&th=1&psc=1"><img src="https://m.media-amazon.com/images/I/41IKY6hLa9L._SL500_.jpg" alt="Product Image"></a><p>Eight O'Clock Coffee Whole Bean, The Original, 42 Ounce</p><p>$13.98</p><a href="https://www.amazon.com/dp/B003GV7JFE?tag=eloabder-20&linkCode=osi&th=1&psc=1">View Product</a></div><div class="product"><a href="https://www.amazon.com/dp/B07171HMF5?tag=eloabder-20&linkCode=osi&th=1&psc=1"><img src="https://m.media-amazon.com/images/I/41EBDHFVYVL._SL500_.jpg" alt="Product Image"></a><p>Mt. Comfort Coffee Organic Peru Medium Roast, 2.5 Pounds - Flavor Notes of Nutty, Chocolate, & Citrus - Sourced From Small, Peruvian Coffee Farms - Roasted Whole Beans</p><p>$23.19 ($0.58 / Ounce)</p><a href="https://www.amazon.com/dp/B07171HMF5?tag=eloabder-20&linkCode=osi&th=1&psc=1">View Product</a></div><div class="product"><a href="https://www.amazon.com/dp/B006Y7WAHE?tag=eloabder-20&linkCode=osi&th=1&psc=1"><img src="https://m.media-amazon.com/images/I/31VxnI1AuQL._SL500_.jpg" alt="Product Image"></a><p>Cameron's Coffee Roasted Whole Bean Coffee, Breakfast Blend, 32 Ounce, (Pack of 1)</p><p>$10.98 ($0.34 / Ounce)</p><a href="https://www.amazon.com/dp/B006Y7WAHE?tag=eloabder-20&linkCode=osi&th=1&psc=1">View Product</a></div><div class="product"><a href="https://www.amazon.com/dp/B0002E2GQU?tag=eloabder-20&linkCode=osi&th=1&psc=1"><img src="https://m.media-amazon.com/images/I/41f+StbrprL._SL500_.jpg" alt="Product Image"></a><p>Lavazza Crema E Aroma Whole Bean Coffee Blend, 2.2-Pound Bag , Balanced medium roast with an intense, earthy flavor and long lasting crema, Non-GMO</p><p>$17.99 ($0.51 / Ounce)</p><a href="https://www.amazon.com/dp/B0002E2GQU?tag=eloabder-20&linkCode=osi&th=1&psc=1">View Product</a></div><div class="product"><a href="https://www.amazon.com/dp/B005OJ4X32?tag=eloabder-20&linkCode=osi&th=1&psc=1"><img src="https://m.media-amazon.com/images/I/31GzxEGJ-1L._SL500_.jpg" alt="Product Image"></a><p>Lavazza Espresso Barista Gran Crema Whole Bean Coffee Blend, Medium Espresso Roast, Oz Bag (Packaging May Vary) - 2.2 LB, 35.2 Ounce</p><p>$17.99 ($0.51 / Ounce)</p><a href="https://www.amazon.com/dp/B005OJ4X32?tag=eloabder-20&linkCode=osi&th=1&psc=1">View Product</a></div><div class="product"><a href="https://www.amazon.com/dp/B003YVRX5W?tag=eloabder-20&linkCode=osi&th=1&psc=1"><img src="https://m.media-amazon.com/images/I/41Ioxmr1WhL._SL500_.jpg" alt="Product Image"></a><p>Tim Hortons Whole Bean Original, Medium Roast Coffee, Made with 100% Arabica Beans, 32 Ounce Bag</p><p>$15.68 ($0.49 / Ounce)</p><a href="https://www.amazon.com/dp/B003YVRX5W?tag=eloabder-20&linkCode=osi&th=1&psc=1">View Product</a></div><div class="product"><a href="https://www.amazon.com/dp/B016RY0LWO?tag=eloabder-20&linkCode=osi&th=1&psc=1"><img src="https://m.media-amazon.com/images/I/41I6lHKpWrL._SL500_.jpg" alt="Product Image"></a><p>Lavazza Espresso Italiano Whole Bean Coffee Blend, Medium Roast,Premium Quality Arabic, 2.2 Pound (Pack of 1) (Packaging may vary)</p><p>$14.98 ($0.43 / Ounce)</p><a href="https://www.amazon.com/dp/B016RY0LWO?tag=eloabder-20&linkCode=osi&th=1&psc=1">View Product</a></div>
<div class="product"><a href="https://www.amazon.com/dp/B09ZMVM3XJ?tag=eloabder-20&linkCode=osi&th=1&psc=1"><img src="https://m.media-amazon.com/images/I/51IRO3xhEKL._SL500_.jpg" alt="Product Image"></a><p>Gardenika Organic Loose Leaf Tea Sampler – 8 Pack, 1 LB – Herbal and Naturally Caffeine-Free Set - Ayurvedic Assortment Blend</p><p>$29.95 ($29.95 / Count)</p><a href="https://www.amazon.com/dp/B09ZMVM3XJ?tag=eloabder-20&linkCode=osi&th=1&psc=1">View Product</a></div><div class="product"><a href="https://www.amazon.com/dp/B0CVTGJHK9?tag=eloabder-20&linkCode=osi&th=1&psc=1"><img src="https://m.media-amazon.com/images/I/51J-jqFqytL._SL500_.jpg" alt="Product Image"></a><p>Lyon DIY Tea Blending Set-16 Tin Variety Pack-Premium Herbal Tea & Exotic Floral/Fruit Flavor Infusers - Create 75+ Cups w/Assorted Teas, Oolong, Chamomile, Rose, Peach & More</p><p>$44.95 ($6.25 / Ounce)</p><a href="https://www.amazon.com/dp/B0CVTGJHK9?tag=eloabder-20&linkCode=osi&th=1&psc=1">View Product</a></div><div class="product"><a href="https://www.amazon.com/dp/B01AJBV0US?tag=eloabder-20&linkCode=osi&th=1&psc=1"><img src="https://m.media-amazon.com/images/I/516u5DAm7GL._SL500_.jpg" alt="Product Image"></a><p>Tiesta Tea - Lavender Chamomile | Soft Chamomile Herbal Tea | Premium Loose Leaf Tea Blend | Non Caffeinated Herbal Tea | Make Hot or Iced Tea & Brews Up to 25 Cups - 0.9 Ounce Resealable Pouch</p><p>$4.99 ($5.54 / Ounce)</p><a href="https://www.amazon.com/dp/B01AJBV0US?tag=eloabder-20&linkCode=osi&th=1&psc=1">View Product</a></div><div class="product"><a href="https://www.amazon.com/dp/B08VF85JJF?tag=eloabder-20&linkCode=osi&th=1&psc=1"><img src="https://m.media-amazon.com/images/I/517Ac4bB6FL._SL500_.jpg" alt="Product Image"></a><p>Tiesta Tea Top 8 Favorites Sampler Set, Up to 80 Cups, High to No Caffeine, Hot & Iced Tea, Loose Leaf Tea Variety Pack with Green, Herbal, Black & Chai Tea, 8 Sample Pouches</p><p>$22.95 ($3.59 / Ounce)</p><a href="https://www.amazon.com/dp/B08VF85JJF?tag=eloabder-20&linkCode=osi&th=1&psc=1">View Product</a></div><div class="product"><a href="https://www.amazon.com/dp/B08MWDTNTZ?tag=eloabder-20&linkCode=osi&th=1&psc=1"><img src="https://m.media-amazon.com/images/I/51M1TNYBU7L._SL500_.jpg" alt="Product Image"></a><p>Tetley British Blend Premium Black Tea, 320 Tea Bags, Rainforest Alliance Certified, 320 Count (Pack of 1)</p><p>$15.92 ($0.05 / Count)</p><a href="https://www.amazon.com/dp/B08MWDTNTZ?tag=eloabder-20&linkCode=osi&th=1&psc=1">View Product</a></div><div class="product"><a href="https://www.amazon.com/dp/B086R8PDZV?tag=eloabder-20&linkCode=osi&th=1&psc=1"><img src="https://m.media-amazon.com/images/I/41nHau5YdVL._SL500_.jpg" alt="Product Image"></a><p>Buddha Teas - Organic Mushroom Wellness Blend - Herbal Tea - For Health & Wellbeing - With Antioxidants & Minerals - Clean Ingredients - Caffeine Free - OU Kosher & Non-GMO - 18 Tea Bags (Pack of 1).</p><p>$8.25 ($0.46 / Count)</p><a href="https://www.amazon.com/dp/B086R8PDZV?tag=eloabder-20&linkCode=osi&th=1&psc=1">View Product</a></div><div class="product"><a href="https://www.amazon.com/dp/B07CGW59KH?tag=eloabder-20&linkCode=osi&th=1&psc=1"><img src="https://m.media-amazon.com/images/I/611h06lvlUL._SL500_.jpg" alt="Product Image"></a><p>Loose Leaf Tea Sampler Create Your Own Tea Blend Starter Kit w/Sencha, Rooibos, China Black, & Ginger, Lavender, Rose, Lemongrass, Hibiscus Spices</p><p>$29.99</p><a href="https://www.amazon.com/dp/B07CGW59KH?tag=eloabder-20&linkCode=osi&th=1&psc=1">View Product</a></div><div class="product"><a href="https://www.amazon.com/dp/B0CT8JGNB8?tag=eloabder-20&linkCode=osi&th=1&psc=1"><img src="https://m.media-amazon.com/images/I/411PWQNU6BL._SL500_.jpg" alt="Product Image"></a><p>120 Premium Turmeric, Ginger, Cinnamon Blend Tea Bags, 100% Natural & No Additives & Caffeine Free.</p><p>$14.95 ($0.12 / Count)</p><a href="https://www.amazon.com/dp/B0CT8JGNB8?tag=eloabder-20&linkCode=osi&th=1&psc=1">View Product</a></div><div class="product"><a href="https://www.amazon.com/dp/B00OS96DVY?tag=eloabder-20&linkCode=osi&th=1&psc=1"><img src="https://m.media-amazon.com/images/I/51-sK6ajnML._SL500_.jpg" alt="Product Image"></a><p>Harney & Sons Tower of London Black Tea with Vanilla, Black Currant, Caramel, and Honey | 30 sachets, Historic Royal Palaces Collection</p><p>$10.33 ($3.90 / Ounce)</p><a href="https://www.amazon.com/dp/B00OS96DVY?tag=eloabder-20&linkCode=osi&th=1&psc=1">View Product</a></div><div class="product"><a href="https://www.amazon.com/dp/B0BHYBHVJ6?tag=eloabder-20&linkCode=osi&th=1&psc=1"><img src="https://m.media-amazon.com/images/I/51F9trJcmdL._SL500_.jpg" alt="Product Image"></a><p>Organic Sleep Blend Herbal Tea - 50 Packets - Natural Chamomile, Peppermint, Fennel And Tulsi Teabags - USDA Certified 100% Non-GMO - Decaffeinated Designer Gift Tin</p><p>$8.69 ($0.17 / Count)</p><a href="https://www.amazon.com/dp/B0BHYBHVJ6?tag=eloabder-20&linkCode=osi&th=1&psc=1">View Product</a></div>
<div class="product"><a href="https://www.amazon.com/dp/B0BVXD8CX3?tag=eloabder-20&linkCode=osi&th=1&psc=1"><img src="https://m.media-amazon.com/images/I/51hkEiL7c8L._SL500_.jpg" alt="Product Image"></a><p>Simply Organic Herbs, Spices and Seasonings Assorted Variety Sampler Gift Set - By Veher (24-Pack)</p><p>$142.95 ($5.96 / Ounce)</p><a href="https://www.amazon.com/dp/B0BVXD8CX3?tag=eloabder-20&linkCode=osi&th=1&psc=1">View Product</a></div><div class="product"><a href="https://www.amazon.com/dp/B094WXH3KP?tag=eloabder-20&linkCode=osi&th=1&psc=1"><img src="https://m.media-amazon.com/images/I/51mqUk3dM1L._SL500_.jpg" alt="Product Image"></a><p>eonou Encore Seasonings and Spices 10 pk - Premium Cooking Spices and Herbs (Oregano, Rosemary, Basil, Parsley, Italian Seasoning, Cumin, Steak Spice, Chopped Onion, Onion Powder, Thyme)</p><p>$19.99 ($2.00 / Count)</p><a href="https://www.amazon.com/dp/B094WXH3KP?tag=eloabder-20&linkCode=osi&th=1&psc=1">View Product</a></div><div class="product"><a href="https://www.amazon.com/dp/B072N9BLHS?tag=eloabder-20&linkCode=osi&th=1&psc=1"><img src="https://m.media-amazon.com/images/I/519zkN7EgWL._SL500_.jpg" alt="Product Image"></a><p>The Spice Way Herbes De Provence - | 4oz | fresh herbs and spice seasoning</p><p>$6.99 ($1.75 / Ounce)</p><a href="https://www.amazon.com/dp/B072N9BLHS?tag=eloabder-20&linkCode=osi&th=1&psc=1">View Product</a></div><div class="product"><a href="https://www.amazon.com/dp/B0761Z81ZK?tag=eloabder-20&linkCode=osi&th=1&psc=1"><img src="https://m.media-amazon.com/images/I/51tYgb8ntBL._SL500_.jpg" alt="Product Image"></a><p>McCormick Grill Mates Roasted Garlic & Herb Seasoning, 9.25 oz</p><p>$7.43 ($0.80 / Ounce)</p><a href="https://www.amazon.com/dp/B0761Z81ZK?tag=eloabder-20&linkCode=osi&th=1&psc=1">View Product</a></div><div class="product"><a href="https://www.amazon.com/dp/B00CQ7K9J2?tag=eloabder-20&linkCode=osi&th=1&psc=1"><img src="https://m.media-amazon.com/images/I/317BBm1p-TL._SL500_.jpg" alt="Product Image"></a><p>Bragg Sprinkle Herbs and Spices - Salt Free Seasoning, 1.5oz, Single</p><p>$6.99 ($4.66 / Ounce)</p><a href="https://www.amazon.com/dp/B00CQ7K9J2?tag=eloabder-20&linkCode=osi&th=1&psc=1">View Product</a></div><div class="product"><a href="https://www.amazon.com/dp/B003H2S2KI?tag=eloabder-20&linkCode=osi&th=1&psc=1"><img src="https://m.media-amazon.com/images/I/41mr0wk+3mL._SL500_.jpg" alt="Product Image"></a><p>Badia Herbs De Provence, 8 Ounces</p><p>$6.26 ($0.78 / Ounce)</p><a href="https://www.amazon.com/dp/B003H2S2KI?tag=eloabder-20&linkCode=osi&th=1&psc=1">View Product</a></div><div class="product"><a href="https://www.amazon.com/dp/B0BQ4VRJBL?tag=eloabder-20&linkCode=osi&th=1&psc=1"><img src="https://m.media-amazon.com/images/I/41ZxLNNd8mL._SL500_.jpg" alt="Product Image"></a><p>Weber Roasted Garlic & Herb Seasoning, 5.5 Ounce Shaker</p><p>$2.82 ($0.51 / Ounce)</p><a href="https://www.amazon.com/dp/B0BQ4VRJBL?tag=eloabder-20&linkCode=osi&th=1&psc=1">View Product</a></div><div class="product"><a href="https://www.amazon.com/dp/B08KRC7V7J?tag=eloabder-20&linkCode=osi&th=1&psc=1"><img src="https://m.media-amazon.com/images/I/4170CYnZ9WL._SL500_.jpg" alt="Product Image"></a><p>McCormick Salt Free Garlic and Herb Seasoning, 4.37 oz</p><p>$4.68 ($1.07 / Ounce)</p><a href="https://www.amazon.com/dp/B08KRC7V7J?tag=eloabder-20&linkCode=osi&th=1&psc=1">View Product</a></div><div class="product"><a href="https://www.amazon.com/dp/B00IX4WUTY?tag=eloabder-20&linkCode=osi&th=1&psc=1"><img src="https://m.media-amazon.com/images/I/51TAH1ijkqS._SL500_.jpg" alt="Product Image"></a><p>Bragg Sprinkle Herbs and Spices Seasoning, 1.5oz, 3 Pack</p><p>$20.27 ($13.51 / Ounce)</p><a href="https://www.amazon.com/dp/B00IX4WUTY?tag=eloabder-20&linkCode=osi&th=1&psc=1">View Product</a></div>
<div class="product"><a href="https://www.amazon.com/dp/B0BWSKYV63?tag=eloabder-20&linkCode=osi&th=1&psc=1"><img src="https://m.media-amazon.com/images/I/51Q5Je2yRhL._SL500_.jpg" alt="Product Image"></a><p>Welch's Fruit Snacks, Mixed Fruit, Perfect Easter Basket Stuffers, Gluten Free, Bulk Pack, Individual Single Serve Bags, 0.8 oz (Pack of 40)</p><p>$7.99 ($0.25 / Ounce)</p><a href="https://www.amazon.com/dp/B0BWSKYV63?tag=eloabder-20&linkCode=osi&th=1&psc=1">View Product</a></div><div class="product"><a href="https://www.amazon.com/dp/B08826B2XL?tag=eloabder-20&linkCode=osi&th=1&psc=1"><img src="https://m.media-amazon.com/images/I/61DT5pSYXFL._SL500_.jpg" alt="Product Image"></a><p>Frito Lay Ultimate Classic Snacks Package, Variety Assortment of Chips, Cookies, Crackers, & Nuts, (Pack of 40) (Packaging May Vary)</p><p>$26.91</p><a href="https://www.amazon.com/dp/B08826B2XL?tag=eloabder-20&linkCode=osi&th=1&psc=1">View Product</a></div><div class="product"><a href="https://www.amazon.com/dp/B013OY25GA?tag=eloabder-20&linkCode=osi&th=1&psc=1"><img src="https://m.media-amazon.com/images/I/51FlSjX95aL._SL500_.jpg" alt="Product Image"></a><p>Snack Pack Chocolate and Vanilla Flavored Pudding Cups Family Pack, 12 Count Pudding Cups (6 Pack)</p><p>$3.27 ($0.01 / Ounce)</p><a href="https://www.amazon.com/dp/B013OY25GA?tag=eloabder-20&linkCode=osi&th=1&psc=1">View Product</a></div><div class="product"><a href="https://www.amazon.com/dp/B0BWSLB73Z?tag=eloabder-20&linkCode=osi&th=1&psc=1"><img src="https://m.media-amazon.com/images/I/51RWXG4OG6L._SL500_.jpg" alt="Product Image"></a><p>Welch's Fruit Snacks, Fruit Punch & Island Fruits Variety Pack, Perfect for School Lunches, Gluten Free, Bulk Pack, 0.8 oz Individual Single Serve Bags (Pack of 40)</p><p>$8.49 ($0.21 / Count)</p><a href="https://www.amazon.com/dp/B0BWSLB73Z?tag=eloabder-20&linkCode=osi&th=1&psc=1">View Product</a></div><div class="product"><a href="https://www.amazon.com/dp/B09FFXR2VV?tag=eloabder-20&linkCode=osi&th=1&psc=1"><img src="https://m.media-amazon.com/images/I/51SZiftXwcL._SL500_.jpg" alt="Product Image"></a><p>The Only Bean Crunchy Dry Roasted Edamame Snacks (Sea Salt), Keto Snack Food, High Protein (11g) Healthy Snacks, Low Carb Gluten Free Office Vegan Food 100 Calorie Snack Pack, 0.9oz 10 Pack</p><p>$12.72 ($1.41 / Ounce)</p><a href="https://www.amazon.com/dp/B09FFXR2VV?tag=eloabder-20&linkCode=osi&th=1&psc=1">View Product</a></div><div class="product"><a href="https://www.amazon.com/dp/B072151Q32?tag=eloabder-20&linkCode=osi&th=1&psc=1"><img src="https://m.media-amazon.com/images/I/41Rlgfdz90L._SL500_.jpg" alt="Product Image"></a><p>Dole Fruit Bowls No Sugar Added Variety Pack Snacks, Peaches, Mandarin Oranges & Cherry Mixed Fruit, 4oz 12 Cups, Gluten & Dairy Free, Bulk Lunch Snacks for Kids & Adults</p><p>$6.74 ($0.56 / Count)</p><a href="https://www.amazon.com/dp/B072151Q32?tag=eloabder-20&linkCode=osi&th=1&psc=1">View Product</a></div><div class="product"><a href="https://www.amazon.com/dp/B084RDDFGR?tag=eloabder-20&linkCode=osi&th=1&psc=1"><img src="https://m.media-amazon.com/images/I/41eLMpoHGkL._SL500_.jpg" alt="Product Image"></a><p>Kellogg's Rice Krispies Treats, Crispy Marshmallow Squares, Original, School Lunch Snack, 41.9oz Case (54 Count)</p><p>$13.49 ($0.32 / Ounce)</p><a href="https://www.amazon.com/dp/B084RDDFGR?tag=eloabder-20&linkCode=osi&th=1&psc=1">View Product</a></div><div class="product"><a href="https://www.amazon.com/dp/B00G2XNSWQ?tag=eloabder-20&linkCode=osi&th=1&psc=1"><img src="https://m.media-amazon.com/images/I/411XH1pQP8L._SL500_.jpg" alt="Product Image"></a><p>Nutella & GO! Bulk 12 Pack, Hazelnut and Cocoa Spread with Breadsticks, Snack Cups for Kids, 1.8 oz Each</p><p>$11.99 ($0.56 / Ounce)</p><a href="https://www.amazon.com/dp/B00G2XNSWQ?tag=eloabder-20&linkCode=osi&th=1&psc=1">View Product</a></div><div class="product"><a href="https://www.amazon.com/dp/B00KR7PKTC?tag=eloabder-20&linkCode=osi&th=1&psc=1"><img src="https://m.media-amazon.com/images/I/414UW7g-s5L._SL500_.jpg" alt="Product Image"></a><p>Cheez-It Cheese Crackers, Baked Snack Crackers, Lunch Snacks, Variety Pack, 12.1oz Box (12 Packs)</p><p>$5.82 ($0.48 / Ounce)</p><a href="https://www.amazon.com/dp/B00KR7PKTC?tag=eloabder-20&linkCode=osi&th=1&psc=1">View Product</a></div><div class="product"><a href="https://www.amazon.com/dp/B078D7MGY5?tag=eloabder-20&linkCode=osi&th=1&psc=1"><img src="https://m.media-amazon.com/images/I/41ttxloA1AL._SL500_.jpg" alt="Product Image"></a><p>Pringles Potato Crisps Chips, Lunch Snacks, On-the-Go Snacks, Snack Stacks, Variety Pack, 19.3oz Box (27 Cups)</p><p>$12.99 ($0.67 / Ounce)</p><a href="https://www.amazon.com/dp/B078D7MGY5?tag=eloabder-20&linkCode=osi&th=1&psc=1">View Product</a></div>
<div class="product"><a href="https://www.amazon.com/dp/B0C5YLP6PC?tag=eloabder-20&linkCode=osi&th=1&psc=1"><img src="https://m.media-amazon.com/images/I/41Ru-8CxkhL._SL500_.jpg" alt="Product Image"></a><p>3 Pack, Gluten Free Potato Gnocchi, Cooks in 2-3 minutes, (3 x 1 lb), Italian Gnocchi, Product of Italy, NON GMO, Eggs Free, Vegan, by L'Oro Del Sud</p><p>$17.99 ($1.12 / Ounce)</p><a href="https://www.amazon.com/dp/B0C5YLP6PC?tag=eloabder-20&linkCode=osi&th=1&psc=1">View Product</a></div><div class="product"><a href="https://www.amazon.com/dp/B09Q98H64R?tag=eloabder-20&linkCode=osi&th=1&psc=1"><img src="https://m.media-amazon.com/images/I/5101NV4WQOL._SL500_.jpg" alt="Product Image"></a><p>Kraft Gluten Free Original Mac & Cheese Macaroni and Cheese Dinner, 4 ct Pack, 1.9 oz Cups</p><p>$6.49 ($0.85 / Ounce)</p><a href="https://www.amazon.com/dp/B09Q98H64R?tag=eloabder-20&linkCode=osi&th=1&psc=1">View Product</a></div><div class="product"><a href="https://www.amazon.com/dp/B0BRBWXDTK?tag=eloabder-20&linkCode=osi&th=1&psc=1"><img src="https://m.media-amazon.com/images/I/41Di2iNnMJL._SL500_.jpg" alt="Product Image"></a><p>Katz Gluten Free Oatmeal Crème Pies| Dairy Free, Nut Free, Soy Free, Gluten Free | Kosher (1 Pack 6.3 Ounce)</p><p>$12.99 ($2.16 / Ounce)</p><a href="https://www.amazon.com/dp/B0BRBWXDTK?tag=eloabder-20&linkCode=osi&th=1&psc=1">View Product</a></div><div class="product"><a href="https://www.amazon.com/dp/B01JJ9H1Q8?tag=eloabder-20&linkCode=osi&th=1&psc=1"><img src="https://m.media-amazon.com/images/I/41EC1yykptL._SL500_.jpg" alt="Product Image"></a><p>King Arthur, Measure for Measure Flour, Certified Gluten-Free, Non-GMO Project Verified, Certified Kosher, 3 Pounds, Packaging May Vary</p><p>$8.62 ($0.18 / Ounce)</p><a href="https://www.amazon.com/dp/B01JJ9H1Q8?tag=eloabder-20&linkCode=osi&th=1&psc=1">View Product</a></div><div class="product"><a href="https://www.amazon.com/dp/B07CL1SRNB?tag=eloabder-20&linkCode=osi&th=1&psc=1"><img src="https://m.media-amazon.com/images/I/51jpv3MCzgL._SL500_.jpg" alt="Product Image"></a><p>Snyder's of Hanover, Gluten Free Pretzels, 8 Oz</p><p>$4.89 ($0.61 / Ounce)</p><a href="https://www.amazon.com/dp/B07CL1SRNB?tag=eloabder-20&linkCode=osi&th=1&psc=1">View Product</a></div><div class="product"><a href="https://www.amazon.com/dp/B004TSXNIA?tag=eloabder-20&linkCode=osi&th=1&psc=1"><img src="https://m.media-amazon.com/images/I/5137tUox+SL._SL500_.jpg" alt="Product Image"></a><p>Annie's Gluten Free Cocoa and Vanilla Bunny Cookies, 6.75 oz</p><p>$4.22 ($0.62 / Ounce)</p><a href="https://www.amazon.com/dp/B004TSXNIA?tag=eloabder-20&linkCode=osi&th=1&psc=1">View Product</a></div><div class="product"><a href="https://www.amazon.com/dp/B00GI9B84O?tag=eloabder-20&linkCode=osi&th=1&psc=1"><img src="https://m.media-amazon.com/images/I/41e7kO-b3WS._SL500_.jpg" alt="Product Image"></a><p>Mom's Place Gluten Free Beef Stroganoff Mix</p><p>$5.99 ($5.99 / Count)</p><a href="https://www.amazon.com/dp/B00GI9B84O?tag=eloabder-20&linkCode=osi&th=1&psc=1">View Product</a></div><div class="product"><a href="https://www.amazon.com/dp/B0BXQWVL1Q?tag=eloabder-20&linkCode=osi&th=1&psc=1"><img src="https://m.media-amazon.com/images/I/413idrGl7fL._SL500_.jpg" alt="Product Image"></a><p>Simple Mills Almond Flour Snack Bars (Chocolate Brownie) with Organic Coconut Oil, Chia Seeds, Sunflower Seeds, and Flax Seeds, 6oz, 1 Count</p><p>$4.50 ($0.75 / Ounce)</p><a href="https://www.amazon.com/dp/B0BXQWVL1Q?tag=eloabder-20&linkCode=osi&th=1&psc=1">View Product</a></div><div class="product"><a href="https://www.amazon.com/dp/B09Z9QV2CT?tag=eloabder-20&linkCode=osi&th=1&psc=1"><img src="https://m.media-amazon.com/images/I/41pnXqKjS7L._SL500_.jpg" alt="Product Image"></a><p>Mom's Place Gluten Free Biscuits & Gravy Mix</p><p>$8.99 ($0.67 / Ounce)</p><a href="https://www.amazon.com/dp/B09Z9QV2CT?tag=eloabder-20&linkCode=osi&th=1&psc=1">View Product</a></div>
<div class="product"><a href="https://www.amazon.com/dp/B0BNZF5CCM?tag=eloabder-20&linkCode=osi&th=1&psc=1"><img src="https://m.media-amazon.com/images/I/61ZB1KesX-L._SL500_.jpg" alt="Product Image"></a><p>Midi International Snack Box | Premium Exotic Foreign Snacks | Unique Snack Food Gifts Included | Purple Theme Box | Candies from Around the World | 12 Full-Size + 1 Bonus Snacks</p><p>$14.95 ($14.95 / Count)</p><a href="https://www.amazon.com/dp/B0BNZF5CCM?tag=eloabder-20&linkCode=osi&th=1&psc=1">View Product</a></div><div class="product"><a href="https://www.amazon.com/dp/B08W72N8SM?tag=eloabder-20&linkCode=osi&th=1&psc=1"><img src="https://m.media-amazon.com/images/I/61UC7bprqkL._SL500_.jpg" alt="Product Image"></a><p>Midi International Snack Box | Premium Exotic Foreign Snacks | Unique Snack Food Gifts Included | Fantastic Space Theme | Candies from Around the World | 12 Full-Size + 1 Bonus Snacks</p><p>$14.99 ($1.25 / Count)</p><a href="https://www.amazon.com/dp/B08W72N8SM?tag=eloabder-20&linkCode=osi&th=1&psc=1">View Product</a></div><div class="product"><a href="https://www.amazon.com/dp/B0C6PRVVJY?tag=eloabder-20&linkCode=osi&th=1&psc=1"><img src="https://m.media-amazon.com/images/I/61o8Z3EzSnL._SL500_.jpg" alt="Product Image"></a><p>International Exotic Snack Box Variety Pack, 22 Count Premium Foreign Rare Snack Food Gifts with Suprise Item for Fun, Mystery Box of Snacks, European Snacks for Adults and Kids</p><p>$29.95</p><a href="https://www.amazon.com/dp/B0C6PRVVJY?tag=eloabder-20&linkCode=osi&th=1&psc=1">View Product</a></div><div class="product"><a href="https://www.amazon.com/dp/B09T7B3QFJ?tag=eloabder-20&linkCode=osi&th=1&psc=1"><img src="https://m.media-amazon.com/images/I/61Xx7pPJCkL._SL500_.jpg" alt="Product Image"></a><p>Universal Yums International Snack Box | Variety Pack Of Chips, Candy, Chocolates, And Snacks From Around The World | Foreign Snacks For Office, Family, Gifts, And Parties | (50 Exotic Snacks)</p><p>$49.50</p><a href="https://www.amazon.com/dp/B09T7B3QFJ?tag=eloabder-20&linkCode=osi&th=1&psc=1">View Product</a></div><div class="product"><a href="https://www.amazon.com/dp/B08W71KXLS?tag=eloabder-20&linkCode=osi&th=1&psc=1"><img src="https://m.media-amazon.com/images/I/61dcTJQFmBL._SL500_.jpg" alt="Product Image"></a><p>Midi International Snack Box | Premium Exotic Foreign Snacks | Unique Snack Food Gifts Included | Picnic Box Theme | Candies from Around the World | 12 Full-Size + 1 Bonus Snacks</p><p>$14.99 ($14.99 / Count)</p><a href="https://www.amazon.com/dp/B08W71KXLS?tag=eloabder-20&linkCode=osi&th=1&psc=1">View Product</a></div><div class="product"><a href="https://www.amazon.com/dp/B09TG6WCBC?tag=eloabder-20&linkCode=osi&th=1&psc=1"><img src="https://m.media-amazon.com/images/I/61lmk368l0L._SL500_.jpg" alt="Product Image"></a><p>Midi International Snack Box (Fairy Tale Themed) | Snacks Variety Pack of International Treats | Foreign Snack Box Offering Unique Experience | Mix Care Pack of Turkish Candies | 12 Full-Size Snacks</p><p>$14.99 ($1.00 / Ounce)</p><a href="https://www.amazon.com/dp/B09TG6WCBC?tag=eloabder-20&linkCode=osi&th=1&psc=1">View Product</a></div><div class="product"><a href="https://www.amazon.com/dp/B0BNZCVDYQ?tag=eloabder-20&linkCode=osi&th=1&psc=1"><img src="https://m.media-amazon.com/images/I/61aTXvWjbSL._SL500_.jpg" alt="Product Image"></a><p>Midi International Snack Box | Premium Exotic Foreign Snacks | Unique Snack Food Gifts Included | Orange Nebula Space Theme | Candies from Around the World | 12 Full-Size + 1 Bonus Snacks</p><p>$14.99 ($14.99 / Count)</p><a href="https://www.amazon.com/dp/B0BNZCVDYQ?tag=eloabder-20&linkCode=osi&th=1&psc=1">View Product</a></div><div class="product"><a href="https://www.amazon.com/dp/B0CK8DWXS2?tag=eloabder-20&linkCode=osi&th=1&psc=1"><img src="https://m.media-amazon.com/images/I/511Z-FX62TL._SL500_.jpg" alt="Product Image"></a><p>Mega International Snack Box | Premium Exotic Foreign Snacks | Unique Snack Food Gifts Included | Try Extraordinary Turkish Snacks | Candies from Around the World | 32+1 Full-Size Snacks</p><p>$39.95 ($1.00 / Ounce)</p><a href="https://www.amazon.com/dp/B0CK8DWXS2?tag=eloabder-20&linkCode=osi&th=1&psc=1">View Product</a></div><div class="product"><a href="https://www.amazon.com/dp/B0CGRMR7VN?tag=eloabder-20&linkCode=osi&th=1&psc=1"><img src="https://m.media-amazon.com/images/I/51PgWRUNnkL._SL500_.jpg" alt="Product Image"></a><p>Turkish Foreign Snack Box, Gourmet Turkish Food Gift Box, Variety of Unique Sweets and Savory Snacks from Turkey - International Snacks Box - Full Sized Snacks - 24ct</p><p>$23.99 ($1.00 / Count)</p><a href="https://www.amazon.com/dp/B0CGRMR7VN?tag=eloabder-20&linkCode=osi&th=1&psc=1">View Product</a></div>
<div class="product"><a href="https://www.amazon.com/dp/B001EQ5NHE?tag=eloabder-20&linkCode=osi&th=1&psc=1"><img src="https://m.media-amazon.com/images/I/51Kg06c5YuL._SL500_.jpg" alt="Product Image"></a><p>Spam Classic, 12 Ounce Can (Pack of 12)</p><p>$28.32 ($0.20 / Ounce)</p><a href="https://www.amazon.com/dp/B001EQ5NHE?tag=eloabder-20&linkCode=osi&th=1&psc=1">View Product</a></div><div class="product"><a href="https://www.amazon.com/dp/B08DQ6422D?tag=eloabder-20&linkCode=osi&th=1&psc=1"><img src="https://m.media-amazon.com/images/I/51-xOj2EbVL._SL500_.jpg" alt="Product Image"></a><p>Del Monte Cut Blue Lake Green Beans With No Added Salt 14.5 Oz,(Pack of 4)</p><p>$5.28 ($0.09 / Ounce)</p><a href="https://www.amazon.com/dp/B08DQ6422D?tag=eloabder-20&linkCode=osi&th=1&psc=1">View Product</a></div><div class="product"><a href="https://www.amazon.com/dp/B089PMW6C3?tag=eloabder-20&linkCode=osi&th=1&psc=1"><img src="https://m.media-amazon.com/images/I/41fKtFm2RAL._SL500_.jpg" alt="Product Image"></a><p>SpaghettiOs Canned Pasta with Meatballs, 15.6 oz Can (Pack of 12)</p><p>$11.44 ($0.06 / Ounce)</p><a href="https://www.amazon.com/dp/B089PMW6C3?tag=eloabder-20&linkCode=osi&th=1&psc=1">View Product</a></div><div class="product"><a href="https://www.amazon.com/dp/B006VS7C60?tag=eloabder-20&linkCode=osi&th=1&psc=1"><img src="https://m.media-amazon.com/images/I/51adZb-RUeL._SL500_.jpg" alt="Product Image"></a><p>Campbell’s Pork and Beans, 11 Oz Can (Case of 24)</p><p>$20.64 ($0.08 / Ounce)</p><a href="https://www.amazon.com/dp/B006VS7C60?tag=eloabder-20&linkCode=osi&th=1&psc=1">View Product</a></div><div class="product"><a href="https://www.amazon.com/dp/B00CPDWTBI?tag=eloabder-20&linkCode=osi&th=1&psc=1"><img src="https://m.media-amazon.com/images/I/61M2-LCC5uL._SL500_.jpg" alt="Product Image"></a><p>DEL MONTE FRESH CUT Whole New Canned Potatoes, Canned Vegetables, 12 Pack, 14.5 oz Can</p><p>$17.76 ($0.10 / Ounce)</p><a href="https://www.amazon.com/dp/B00CPDWTBI?tag=eloabder-20&linkCode=osi&th=1&psc=1">View Product</a></div><div class="product"><a href="https://www.amazon.com/dp/B00TFPKEZM?tag=eloabder-20&linkCode=osi&th=1&psc=1"><img src="https://m.media-amazon.com/images/I/51VTHItyaXL._SL500_.jpg" alt="Product Image"></a><p>Del Monte Canned Fresh Cut French Style Green Beans, 8 Ounce (Pack of 12)</p><p>$16.68 ($0.17 / Ounce)</p><a href="https://www.amazon.com/dp/B00TFPKEZM?tag=eloabder-20&linkCode=osi&th=1&psc=1">View Product</a></div><div class="product"><a href="https://www.amazon.com/dp/B08WR5J62L?tag=eloabder-20&linkCode=osi&th=1&psc=1"><img src="https://m.media-amazon.com/images/I/51QjonsN18L._SL500_.jpg" alt="Product Image"></a><p>Chicken of the Sea Chunk Light Tuna in Water, Wild Caught Tuna, 5-Ounce Cans (Pack of 10)</p><p>$8.90 ($2.85 / lb)</p><a href="https://www.amazon.com/dp/B08WR5J62L?tag=eloabder-20&linkCode=osi&th=1&psc=1">View Product</a></div><div class="product"><a href="https://www.amazon.com/dp/B01MQ6BDM0?tag=eloabder-20&linkCode=osi&th=1&psc=1"><img src="https://m.media-amazon.com/images/I/51chxbCoRfL._SL500_.jpg" alt="Product Image"></a><p>Libby's Vienna Sausage in Chicken Broth, Canned Sausage, 4.6 OZ (Pack of 24)</p><p>$23.52 ($0.98 / Count)</p><a href="https://www.amazon.com/dp/B01MQ6BDM0?tag=eloabder-20&linkCode=osi&th=1&psc=1">View Product</a></div><div class="product"><a href="https://www.amazon.com/dp/B01NBFQ8TF?tag=eloabder-20&linkCode=osi&th=1&psc=1"><img src="https://m.media-amazon.com/images/I/41ijyPglLPL._SL500_.jpg" alt="Product Image"></a><p>Bush's Best Baked Beans, Country Style with Bacon and Brown Sugar, 8.3 OZ (Pack of 12)</p><p>$20.28 ($1.69 / Count)</p><a href="https://www.amazon.com/dp/B01NBFQ8TF?tag=eloabder-20&linkCode=osi&th=1&psc=1">View Product</a></div><div class="product"><a href="https://www.amazon.com/dp/B019YHSNGC?tag=eloabder-20&linkCode=osi&th=1&psc=1"><img src="https://m.media-amazon.com/images/I/51oHYkvLL0L._SL500_.jpg" alt="Product Image"></a><p>Bumble Bee Chunk Light Tuna In Water, 5 oz Cans (Pack of 24) - Wild Caught Skipjack Tuna - 23g Protein Per Serving - MSC Certified Sustainable Seafood, Non-GMO, Gluten Free, Kosher</p><p>$23.36 ($0.19 / Ounce)</p><a href="https://www.amazon.com/dp/B019YHSNGC?tag=eloabder-20&linkCode=osi&th=1&psc=1">View Product</a></div>
<div class="product"><a href="https://www.amazon.com/dp/B07KQNNW9K?tag=eloabder-20&linkCode=osi&th=1&psc=1"><img src="https://m.media-amazon.com/images/I/51EVSxp535L._SL500_.jpg" alt="Product Image"></a><p>HORMEL COMPLEATS Protein Variety Pack Microwave Trays (Pack of 5)</p><p>$14.99 ($0.33 / Ounce)</p><a href="https://www.amazon.com/dp/B07KQNNW9K?tag=eloabder-20&linkCode=osi&th=1&psc=1">View Product</a></div><div class="product"><a href="https://www.amazon.com/dp/B000V1JVAI?tag=eloabder-20&linkCode=osi&th=1&psc=1"><img src="https://m.media-amazon.com/images/I/51moeAwg0qL._SL500_.jpg" alt="Product Image"></a><p>HORMEL COMPLEATS Meatloaf & Gravy With Mashed Potatoes Microwave Tray, 9 oz. (6 Pack)</p><p>$13.68 ($0.25 / Ounce)</p><a href="https://www.amazon.com/dp/B000V1JVAI?tag=eloabder-20&linkCode=osi&th=1&psc=1">View Product</a></div><div class="product"><a href="https://www.amazon.com/dp/B001E55YXS?tag=eloabder-20&linkCode=osi&th=1&psc=1"><img src="https://m.media-amazon.com/images/I/51f7Q-awP2L._SL500_.jpg" alt="Product Image"></a><p>HORMEL COMPLEATS Beef Pot Roast Microwave Tray, 9 Ounce (Pack of 6)</p><p>$13.68 ($0.25 / Ounce)</p><a href="https://www.amazon.com/dp/B001E55YXS?tag=eloabder-20&linkCode=osi&th=1&psc=1">View Product</a></div><div class="product"><a href="https://www.amazon.com/dp/B001E52XGO?tag=eloabder-20&linkCode=osi&th=1&psc=1"><img src="https://m.media-amazon.com/images/I/513-IE78MvL._SL500_.jpg" alt="Product Image"></a><p>HORMEL COMPLEATS Turkey & Dressing Microwave Tray, 10 oz. (6 Pack)</p><p>$13.68 ($0.23 / Ounce)</p><a href="https://www.amazon.com/dp/B001E52XGO?tag=eloabder-20&linkCode=osi&th=1&psc=1">View Product</a></div><div class="product"><a href="https://www.amazon.com/dp/B01JLWGOCA?tag=eloabder-20&linkCode=osi&th=1&psc=1"><img src="https://m.media-amazon.com/images/I/41JtN2c2Y3L._SL500_.jpg" alt="Product Image"></a><p>Idahoan Four Cheese Mashed Potatoes, Made with Gluten-Free 100-Percent Real Idaho Potatoes, 1.5 oz Cup (Pack of 10)</p><p>$11.23 ($0.75 / Ounce)</p><a href="https://www.amazon.com/dp/B01JLWGOCA?tag=eloabder-20&linkCode=osi&th=1&psc=1">View Product</a></div><div class="product"><a href="https://www.amazon.com/dp/B08P3SVWFR?tag=eloabder-20&linkCode=osi&th=1&psc=1"><img src="https://m.media-amazon.com/images/I/51Q7KX85dtL._SL500_.jpg" alt="Product Image"></a><p>StarKist Premium White Chicken - 2.6 oz Pouch (Pack of 12)</p><p>$15.06 ($0.48 / Ounce)</p><a href="https://www.amazon.com/dp/B08P3SVWFR?tag=eloabder-20&linkCode=osi&th=1&psc=1">View Product</a></div><div class="product"><a href="https://www.amazon.com/dp/B001E52WAG?tag=eloabder-20&linkCode=osi&th=1&psc=1"><img src="https://m.media-amazon.com/images/I/51dV9dBtkEL._SL500_.jpg" alt="Product Image"></a><p>Dinty Moore Beef Stew, 9-Ounce Packages (Pack of 6)</p><p>$17.34 ($0.32 / Ounce)</p><a href="https://www.amazon.com/dp/B001E52WAG?tag=eloabder-20&linkCode=osi&th=1&psc=1">View Product</a></div><div class="product"><a href="https://www.amazon.com/dp/B0BTQWY5LL?tag=eloabder-20&linkCode=osi&th=1&psc=1"><img src="https://m.media-amazon.com/images/I/61dN-t0ureL._SL500_.jpg" alt="Product Image"></a><p>MISS OLIVE'S Variety Pack Microwavable Low Sodium Ready Meals (Bundle of 6)-1 of each flavor</p><p>$26.49 ($0.63 / Ounce)</p><a href="https://www.amazon.com/dp/B0BTQWY5LL?tag=eloabder-20&linkCode=osi&th=1&psc=1">View Product</a></div><div class="product"><a href="https://www.amazon.com/dp/B0111Y7PO2?tag=eloabder-20&linkCode=osi&th=1&psc=1"><img src="https://m.media-amazon.com/images/I/51ReJtj0zJL._SL500_.jpg" alt="Product Image"></a><p>HORMEL COMPLEATS Rice & Chicken Microwave Tray, 7.5 Ounces (Pack of 7)</p><p>$15.96 ($0.30 / Ounce)</p><a href="https://www.amazon.com/dp/B0111Y7PO2?tag=eloabder-20&linkCode=osi&th=1&psc=1">View Product</a></div><div class="product"><a href="https://www.amazon.com/dp/B09GL33XZG?tag=eloabder-20&linkCode=osi&th=1&psc=1"><img src="https://m.media-amazon.com/images/I/41tbj+XvZLL._SL500_.jpg" alt="Product Image"></a><p>HMR Ultimate Entrée Pack | Pre-packaged Lunch or Dinner to Support Weight Loss | Pack of 17 Ready to Eat Meals | 10-20 grams of Protein per Entrée | Low Calorie Food | 7-8oz Servings per Meal</p><p>$89.99</p><a href="https://www.amazon.com/dp/B09GL33XZG?tag=eloabder-20&linkCode=osi&th=1&psc=1">View Product</a></div>
<div class="product"><a href="https://www.amazon.com/dp/B00I9VBMLI?tag=eloabder-20&linkCode=osi&th=1&psc=1"><img src="https://m.media-amazon.com/images/I/51kyWWI+vRL._SL500_.jpg" alt="Product Image"></a><p>Chef Boyardee Beef Ravioli, 15 oz, 4 Pack</p><p>$4.48 ($0.07 / Count)</p><a href="https://www.amazon.com/dp/B00I9VBMLI?tag=eloabder-20&linkCode=osi&th=1&psc=1">View Product</a></div>
<div class="product"><a href="https://www.amazon.com/dp/B0CJCXLDSP?tag=eloabder-20&linkCode=osi&th=1&psc=1"><img src="https://m.media-amazon.com/images/I/41uUHvJRp2L._SL500_.jpg" alt="Product Image"></a><p>ARM & HAMMER Baking Soda Made in USA, Ideal for Baking, Pure & Natural, 2.7lb Bag</p><p>$7.99 ($0.18 / Ounce)</p><a href="https://www.amazon.com/dp/B0CJCXLDSP?tag=eloabder-20&linkCode=osi&th=1&psc=1">View Product</a></div><div class="product"><a href="https://www.amazon.com/dp/B07JFLXZQV?tag=eloabder-20&linkCode=osi&th=1&psc=1"><img src="https://m.media-amazon.com/images/I/41mGwlHTcmL._SL500_.jpg" alt="Product Image"></a><p>Vanilla Bean Paste for Baking and Cooking - Gourmet Madagascar Bourbon Blend made with Real Vanilla Seeds - 4 Ounces</p><p>$14.99 ($3.75 / Ounce)</p><a href="https://www.amazon.com/dp/B07JFLXZQV?tag=eloabder-20&linkCode=osi&th=1&psc=1">View Product</a></div><div class="product"><a href="https://www.amazon.com/dp/B0046EJ570?tag=eloabder-20&linkCode=osi&th=1&psc=1"><img src="https://m.media-amazon.com/images/I/31TFd1IdsRL._SL500_.jpg" alt="Product Image"></a><p>Watkins All Natural Original Gourmet Baking Vanilla, with Pure Vanilla Extract, 11 Fl Oz (Pack of 1) - Packaging May Vary</p><p>$12.35 ($1.12 / Fl Oz)</p><a href="https://www.amazon.com/dp/B0046EJ570?tag=eloabder-20&linkCode=osi&th=1&psc=1">View Product</a></div><div class="product"><a href="https://www.amazon.com/dp/B00PMUNEK6?tag=eloabder-20&linkCode=osi&th=1&psc=1"><img src="https://m.media-amazon.com/images/I/41LZqR+JNZL._SL500_.jpg" alt="Product Image"></a><p>10 Organic Madagascar Vanilla Beans Whole Grade A Vanilla Pods for Vanilla Extract and Baking</p><p>$11.04 ($1.10 / Count)</p><a href="https://www.amazon.com/dp/B00PMUNEK6?tag=eloabder-20&linkCode=osi&th=1&psc=1">View Product</a></div><div class="product"><a href="https://www.amazon.com/dp/B0CBW3D9T7?tag=eloabder-20&linkCode=osi&th=1&psc=1"><img src="https://m.media-amazon.com/images/I/414XubDDPPL._SL500_.jpg" alt="Product Image"></a><p>Scratch Diastatic Malt Powder for Baking - (10oz) Dried Barley Malt for Baking Bread - Bread Improver - Premium Baking Ingredients for Breads, Pizzas, Pretzels, Desserts, Shakes and More</p><p>$8.95 ($0.90 / Ounce)</p><a href="https://www.amazon.com/dp/B0CBW3D9T7?tag=eloabder-20&linkCode=osi&th=1&psc=1">View Product</a></div><div class="product"><a href="https://www.amazon.com/dp/B00VEJOUXE?tag=eloabder-20&linkCode=osi&th=1&psc=1"><img src="https://m.media-amazon.com/images/I/41HmZhMPH1L._SL500_.jpg" alt="Product Image"></a><p>Bob's Red Mill Baking Soda - 1 Pound (Pack of 4), Non GMO, Gluten Free, Vegan, Kosher, Paleo Friendly</p><p>$13.10 ($0.20 / Ounce)</p><a href="https://www.amazon.com/dp/B00VEJOUXE?tag=eloabder-20&linkCode=osi&th=1&psc=1">View Product</a></div><div class="product"><a href="https://www.amazon.com/dp/B0CG7C5X2F?tag=eloabder-20&linkCode=osi&th=1&psc=1"><img src="https://m.media-amazon.com/images/I/41cN3OdncVL._SL500_.jpg" alt="Product Image"></a><p>Micro Ingredients Baking Soda Powder, 6lbs | Pure Sodium Bicarbonate | Bulk Food Grade Supply | Great for Cleaning, Cooking, Laundry, or Personal Care | Non-GMO, Filler Free</p><p>$13.95 ($0.15 / Ounce)</p><a href="https://www.amazon.com/dp/B0CG7C5X2F?tag=eloabder-20&linkCode=osi&th=1&psc=1">View Product</a></div><div class="product"><a href="https://www.amazon.com/dp/B075456XMK?tag=eloabder-20&linkCode=osi&th=1&psc=1"><img src="https://m.media-amazon.com/images/I/31YCnL21+nL._SL500_.jpg" alt="Product Image"></a><p>Pure Original Ingredients Baking Soda (2 lb) Sodium Bicarbonate (NaHCO3), Always Pure, No Fillers Or Additives.</p><p>$11.99 ($0.37 / Ounce)</p><a href="https://www.amazon.com/dp/B075456XMK?tag=eloabder-20&linkCode=osi&th=1&psc=1">View Product</a></div><div class="product"><a href="https://www.amazon.com/dp/B08FYKMRGT?tag=eloabder-20&linkCode=osi&th=1&psc=1"><img src="https://m.media-amazon.com/images/I/41TdlxCI0EL._SL500_.jpg" alt="Product Image"></a><p>King Arthur, Baking Sugar Alternative, Made with Plant-Based Ingredients, Keto-Friendly, 1-to-1 Substitute for Granulated Sugar, 12 Ounces</p><p>$9.95 ($0.83 / Ounce)</p><a href="https://www.amazon.com/dp/B08FYKMRGT?tag=eloabder-20&linkCode=osi&th=1&psc=1">View Product</a></div><div class="product"><a href="https://www.amazon.com/dp/B07KKL5Q68?tag=eloabder-20&linkCode=osi&th=1&psc=1"><img src="https://m.media-amazon.com/images/I/41G0eZnHIxL._SL500_.jpg" alt="Product Image"></a><p>Pure Original Ingredients Baking Soda (1 Gallon) Aluminum Free, Cooking, Baking, Cleaning</p><p>$30.99 ($0.19 / Ounce)</p><a href="https://www.amazon.com/dp/B07KKL5Q68?tag=eloabder-20&linkCode=osi&th=1&psc=1">View Product</a></div>
<div class="product"><a href="https://www.amazon.com/dp/B0029K0U90?tag=eloabder-20&linkCode=osi&th=1&psc=1"><img src="https://m.media-amazon.com/images/I/412vWjuj9tL._SL500_.jpg" alt="Product Image"></a><p>Mrs. Wages Pasta Sauce Canning Mix 5 Ounce (Pack of 6)</p><p>$19.32 ($0.64 / Ounce)</p><a href="https://www.amazon.com/dp/B0029K0U90?tag=eloabder-20&linkCode=osi&th=1&psc=1">View Product</a></div><div class="product"><a href="https://www.amazon.com/dp/B0005ZWUDU?tag=eloabder-20&linkCode=osi&th=1&psc=1"><img src="https://m.media-amazon.com/images/I/411oE+5BGYL._SL500_.jpg" alt="Product Image"></a><p>Classico Roasted Garlic Tomato Spaghetti Pasta Sauce (24 oz Jar)</p><p>$2.98 ($0.12 / Ounce)</p><a href="https://www.amazon.com/dp/B0005ZWUDU?tag=eloabder-20&linkCode=osi&th=1&psc=1">View Product</a></div><div class="product"><a href="https://www.amazon.com/dp/B00H3TKG6O?tag=eloabder-20&linkCode=osi&th=1&psc=1"><img src="https://m.media-amazon.com/images/I/41dtGUjEl7L._SL500_.jpg" alt="Product Image"></a><p>Classico Family Favorites Traditional Pasta Sauce (24 oz Jar)</p><p>$2.16 ($0.09 / Ounce)</p><a href="https://www.amazon.com/dp/B00H3TKG6O?tag=eloabder-20&linkCode=osi&th=1&psc=1">View Product</a></div><div class="product"><a href="https://www.amazon.com/dp/B088N719GQ?tag=eloabder-20&linkCode=osi&th=1&psc=1"><img src="https://m.media-amazon.com/images/I/412O4vvfLcL._SL500_.jpg" alt="Product Image"></a><p>Prego Traditional Pasta Sauce, 45 Oz Jar</p><p>$4.23 ($0.09 / Ounce)</p><a href="https://www.amazon.com/dp/B088N719GQ?tag=eloabder-20&linkCode=osi&th=1&psc=1">View Product</a></div><div class="product"><a href="https://www.amazon.com/dp/B00IAE65L6?tag=eloabder-20&linkCode=osi&th=1&psc=1"><img src="https://m.media-amazon.com/images/I/41keFWtHEbL._SL500_.jpg" alt="Product Image"></a><p>Prego Traditional Pasta Sauce, 67 Oz Jar</p><p>$5.36 ($0.08 / Ounce)</p><a href="https://www.amazon.com/dp/B00IAE65L6?tag=eloabder-20&linkCode=osi&th=1&psc=1">View Product</a></div><div class="product"><a href="https://www.amazon.com/dp/B0CRXQZMWN?tag=eloabder-20&linkCode=osi&th=1&psc=1"><img src="https://m.media-amazon.com/images/I/41GWdkqzH0L._SL500_.jpg" alt="Product Image"></a><p>Prego Creamy Roasted Garlic Pesto Pasta Sauce, 14.5 oz Jar</p><p>$2.79 ($0.19 / Ounce)</p><a href="https://www.amazon.com/dp/B0CRXQZMWN?tag=eloabder-20&linkCode=osi&th=1&psc=1">View Product</a></div><div class="product"><a href="https://www.amazon.com/dp/B0033TSDKY?tag=eloabder-20&linkCode=osi&th=1&psc=1"><img src="https://m.media-amazon.com/images/I/416ipEt-ErS._SL500_.jpg" alt="Product Image"></a><p>Classico Four Cheese Alfredo Pasta Sauce (15 oz Jar)</p><p>$3.13 ($0.21 / Ounce)</p><a href="https://www.amazon.com/dp/B0033TSDKY?tag=eloabder-20&linkCode=osi&th=1&psc=1">View Product</a></div><div class="product"><a href="https://www.amazon.com/dp/B000Q3R6V2?tag=eloabder-20&linkCode=osi&th=1&psc=1"><img src="https://m.media-amazon.com/images/I/51DwtNnipoL._SL500_.jpg" alt="Product Image"></a><p>Hunt's Traditional Pasta Sauce, 24 oz</p><p>$1.34 ($0.06 / Ounce)</p><a href="https://www.amazon.com/dp/B000Q3R6V2?tag=eloabder-20&linkCode=osi&th=1&psc=1">View Product</a></div><div class="product"><a href="https://www.amazon.com/dp/B00XXGW39Y?tag=eloabder-20&linkCode=osi&th=1&psc=1"><img src="https://m.media-amazon.com/images/I/41FycYZ91BL._SL500_.jpg" alt="Product Image"></a><p>Classico Vodka Sauce Tomato Spaghetti Pasta Sauce (24 oz Jar)</p><p>$2.52 ($0.10 / Fl Oz)</p><a href="https://www.amazon.com/dp/B00XXGW39Y?tag=eloabder-20&linkCode=osi&th=1&psc=1">View Product</a></div><div class="product"><a href="https://www.amazon.com/dp/B07JVJR966?tag=eloabder-20&linkCode=osi&th=1&psc=1"><img src="https://m.media-amazon.com/images/I/412rjNSU1HL._SL500_.jpg" alt="Product Image"></a><p>Prego Traditional Pasta Sauce, 24 Oz Jar (Case of 12)</p><p>$29.76 ($0.10 / Fl Oz)</p><a href="https://www.amazon.com/dp/B07JVJR966?tag=eloabder-20&linkCode=osi&th=1&psc=1">View Product</a></div>
<div class="product"><a href="https://www.amazon.com/dp/B07GBS8GVH?tag=eloabder-20&linkCode=osi&th=1&psc=1"><img src="https://m.media-amazon.com/images/I/51Xpb2UbnAS._SL500_.jpg" alt="Product Image"></a><p>BEN'S ORIGINAL Ready Rice Whole Grain Brown Rice, Easy Dinner Side, 8.8 OZ Pouch (Pack of 6)</p><p>$13.08 ($0.25 / Ounce)</p><a href="https://www.amazon.com/dp/B07GBS8GVH?tag=eloabder-20&linkCode=osi&th=1&psc=1">View Product</a></div><div class="product"><a href="https://www.amazon.com/dp/B000YPKPV0?tag=eloabder-20&linkCode=osi&th=1&psc=1"><img src="https://m.media-amazon.com/images/I/51RKdJy7-TL._SL500_.jpg" alt="Product Image"></a><p>Rice-A-Roni Long grain & wild rice with herbs, 4.3 Ounce Pack of 12</p><p>$12.00 ($0.23 / Ounce)</p><a href="https://www.amazon.com/dp/B000YPKPV0?tag=eloabder-20&linkCode=osi&th=1&psc=1">View Product</a></div><div class="product"><a href="https://www.amazon.com/dp/B004NRLAVY?tag=eloabder-20&linkCode=osi&th=1&psc=1"><img src="https://m.media-amazon.com/images/I/51l35npdSyL._SL500_.jpg" alt="Product Image"></a><p>Nishiki Premium Rice, Medium Grain,15 Pound (Pack of 1)</p><p>$20.19 ($0.08 / Ounce)</p><a href="https://www.amazon.com/dp/B004NRLAVY?tag=eloabder-20&linkCode=osi&th=1&psc=1">View Product</a></div><div class="product"><a href="https://www.amazon.com/dp/B00MMTQAF6?tag=eloabder-20&linkCode=osi&th=1&psc=1"><img src="https://m.media-amazon.com/images/I/41uID5vVhuL._SL500_.jpg" alt="Product Image"></a><p>Mahatma Extra Long Grain White Rice, 10 Pound, Gluten-Free and Non-GMO, Rice Bulk Bag (Pack of 1)</p><p>$9.98 ($0.06 / Ounce)</p><a href="https://www.amazon.com/dp/B00MMTQAF6?tag=eloabder-20&linkCode=osi&th=1&psc=1">View Product</a></div><div class="product"><a href="https://www.amazon.com/dp/B00I330QEQ?tag=eloabder-20&linkCode=osi&th=1&psc=1"><img src="https://m.media-amazon.com/images/I/41eu-3nevsL._SL500_.jpg" alt="Product Image"></a><p>Authentic Royal - Naturally Aged Long Grain Indian White Basmati Rice - 15 lbs</p><p>$15.03 ($0.06 / Ounce)</p><a href="https://www.amazon.com/dp/B00I330QEQ?tag=eloabder-20&linkCode=osi&th=1&psc=1">View Product</a></div><div class="product"><a href="https://www.amazon.com/dp/B00CLGUKKG?tag=eloabder-20&linkCode=osi&th=1&psc=1"><img src="https://m.media-amazon.com/images/I/41mEtyqtEVL._SL500_.jpg" alt="Product Image"></a><p>Mahatma Whole-Grain Brown Rice, 32-Ounce Bag of Rice, Stovetop or Microwave Rice</p><p>$2.68 ($0.08 / Ounce)</p><a href="https://www.amazon.com/dp/B00CLGUKKG?tag=eloabder-20&linkCode=osi&th=1&psc=1">View Product</a></div><div class="product"><a href="https://www.amazon.com/dp/B0087HFXJ6?tag=eloabder-20&linkCode=osi&th=1&psc=1"><img src="https://m.media-amazon.com/images/I/51eYTUAUKZL._SL500_.jpg" alt="Product Image"></a><p>RiceSelect Royal Blend, Blend Of Texmati White, Brown, Red, And Wild Rice, Premium Gluten Free Rice, Non-GMO, 21 Ounce Jar</p><p>$6.98 ($0.33 / Ounce)</p><a href="https://www.amazon.com/dp/B0087HFXJ6?tag=eloabder-20&linkCode=osi&th=1&psc=1">View Product</a></div><div class="product"><a href="https://www.amazon.com/dp/B07HKTD2BD?tag=eloabder-20&linkCode=osi&th=1&psc=1"><img src="https://m.media-amazon.com/images/I/519+60cp2dL._SL500_.jpg" alt="Product Image"></a><p>Nishiki Premium 7 Grains Mix, 2 Pound</p><p>$14.49 ($0.45 / Ounce)</p><a href="https://www.amazon.com/dp/B07HKTD2BD?tag=eloabder-20&linkCode=osi&th=1&psc=1">View Product</a></div><div class="product"><a href="https://www.amazon.com/dp/B00G9U46DW?tag=eloabder-20&linkCode=osi&th=1&psc=1"><img src="https://m.media-amazon.com/images/I/51Xpb2UbnAS._SL500_.jpg" alt="Product Image"></a><p>BEN'S ORIGINAL Ready Rice Whole Grain Brown Rice, Easy Dinner Side, 8.8 OZ Pouch (Pack of 12)</p><p>$26.16 ($0.25 / Ounce)</p><a href="https://www.amazon.com/dp/B00G9U46DW?tag=eloabder-20&linkCode=osi&th=1&psc=1">View Product</a></div>
<div class="product"><a href="https://www.amazon.com/dp/B0D4KLB4HP?tag=eloabder-20&linkCode=osi&th=1&psc=1"><img src="https://m.media-amazon.com/images/I/51r7s+M2jqL._SL500_.jpg" alt="Product Image"></a><p>Chronos Condiment 150 bundle pack - 50 Single Serve Pouches of Each: Ketchup, Mustard, and Mayo - 150 Pack, Great for Picnics, Boxed Lunch, BBQ, Travel, and Parties</p><p>$21.97</p><a href="https://www.amazon.com/dp/B0D4KLB4HP?tag=eloabder-20&linkCode=osi&th=1&psc=1">View Product</a></div><div class="product"><a href="https://www.amazon.com/dp/B003XLOOCS?tag=eloabder-20&linkCode=osi&th=1&psc=1"><img src="https://m.media-amazon.com/images/I/51x0jDzOLjL._SL500_.jpg" alt="Product Image"></a><p>Heinz Tomato Ketchup, Relish, and Mustard Picnic Pack, 3 Count</p><p>$5.98 ($0.11 / Ounce)</p><a href="https://www.amazon.com/dp/B003XLOOCS?tag=eloabder-20&linkCode=osi&th=1&psc=1">View Product</a></div><div class="product"><a href="https://www.amazon.com/dp/B0992VW16R?tag=eloabder-20&linkCode=osi&th=1&psc=1"><img src="https://m.media-amazon.com/images/I/51eFgOarc1L._SL500_.jpg" alt="Product Image"></a><p>Grab-n-Go Condiment Packs - 50 Single Serve Pouches of Each: Ketchup, Mustard, Relish, and Mayo - Great for Picnics, Boxed Lunch, BBQ, Travel, Picnic and Parties (200 Condiment Packets Total)</p><p>$29.99 ($0.15 / Count)</p><a href="https://www.amazon.com/dp/B0992VW16R?tag=eloabder-20&linkCode=osi&th=1&psc=1">View Product</a></div><div class="product"><a href="https://www.amazon.com/dp/B0D3J9HHS2?tag=eloabder-20&linkCode=osi&th=1&psc=1"><img src="https://m.media-amazon.com/images/I/51VkOjMAkXL._SL500_.jpg" alt="Product Image"></a><p>Heinz Condiment Packets Variety 100 Pack- 25 Heinz Ketchup Packets, 25 Mayonnaise Packets, 25 Mustard Packets, and 25 Relish Packets. Ketchup Heinz, Mayo Packets.</p><p>$19.99 ($0.20 / Count)</p><a href="https://www.amazon.com/dp/B0D3J9HHS2?tag=eloabder-20&linkCode=osi&th=1&psc=1">View Product</a></div><div class="product"><a href="https://www.amazon.com/dp/B091DCC2CH?tag=eloabder-20&linkCode=osi&th=1&psc=1"><img src="https://m.media-amazon.com/images/I/415Iq4kWRXL._SL500_.jpg" alt="Product Image"></a><p>Hellmann's Real Mayonnaise Squeeze Bottle 3 Count a Rich Creamy Condiment Gluten Free, Made With 100% Cage-Free Eggs 20 oz</p><p>$11.90 ($0.20 / Fl Oz)</p><a href="https://www.amazon.com/dp/B091DCC2CH?tag=eloabder-20&linkCode=osi&th=1&psc=1">View Product</a></div><div class="product"><a href="https://www.amazon.com/dp/B0CMR2DML7?tag=eloabder-20&linkCode=osi&th=1&psc=1"><img src="https://m.media-amazon.com/images/I/61dFhpega1L._SL500_.jpg" alt="Product Image"></a><p>Crait Individual Condiment Packets Variety Pack of 50 Hot Sauce Packets with Mayo Packets, Ketchup Packets and Yellow Mustard Packets Single Serve</p><p>$15.00 ($0.30 / Count)</p><a href="https://www.amazon.com/dp/B0CMR2DML7?tag=eloabder-20&linkCode=osi&th=1&psc=1">View Product</a></div><div class="product"><a href="https://www.amazon.com/dp/B0D3JCR2XS?tag=eloabder-20&linkCode=osi&th=1&psc=1"><img src="https://m.media-amazon.com/images/I/51RtTP7u7aL._SL500_.jpg" alt="Product Image"></a><p>Hot Sauce Variety Pack of 48 Condiment Packets. 4 Each of 12 Flavors. Texas Pete Hot Sauce Packets, Mini Condiments, Mini Hot Sauce, Condiment Packets Variety Pack, Single Serve</p><p>$17.99 ($0.37 / Count)</p><a href="https://www.amazon.com/dp/B0D3JCR2XS?tag=eloabder-20&linkCode=osi&th=1&psc=1">View Product</a></div><div class="product"><a href="https://www.amazon.com/dp/B00XK3IYUW?tag=eloabder-20&linkCode=osi&th=1&psc=1"><img src="https://m.media-amazon.com/images/I/51T9Vgtx+bL._SL500_.jpg" alt="Product Image"></a><p>Heinz Condiment Packets Ketchup and Mustard (100 Total; 50 Each Flavor)</p><p>$13.10 ($0.60 / Ounce)</p><a href="https://www.amazon.com/dp/B00XK3IYUW?tag=eloabder-20&linkCode=osi&th=1&psc=1">View Product</a></div>
<div class="product"><a href="https://www.amazon.com/dp/B09DYZSHJR?tag=eloabder-20&linkCode=osi&th=1&psc=1"><img src="https://m.media-amazon.com/images/I/31fEqU5FfOL._SL500_.jpg" alt="Product Image"></a><p>DaVinci Gourmet Honey Syrup, 25.4 Fluid Ounce (Pack of 1)</p><p>$9.99 ($0.39 / Fl Oz)</p><a href="https://www.amazon.com/dp/B09DYZSHJR?tag=eloabder-20&linkCode=osi&th=1&psc=1">View Product</a></div><div class="product"><a href="https://www.amazon.com/dp/B09GW7TXH3?tag=eloabder-20&linkCode=osi&th=1&psc=1"><img src="https://m.media-amazon.com/images/I/31hUGuR-NsL._SL500_.jpg" alt="Product Image"></a><p>Glorybee, Premium Honey Syrup, Real Honey, No Artifical colors or flavors, 25.4 fl oz</p><p>$10.73 ($0.42 / Fl Oz)</p><a href="https://www.amazon.com/dp/B09GW7TXH3?tag=eloabder-20&linkCode=osi&th=1&psc=1">View Product</a></div><div class="product"><a href="https://www.amazon.com/dp/B07C1138N5?tag=eloabder-20&linkCode=osi&th=1&psc=1"><img src="https://m.media-amazon.com/images/I/31bISVR+FkL._SL500_.jpg" alt="Product Image"></a><p>Monin - Honey Syrup, Smooth Sweet Honey Flavor, Great for Teas, Lemonades, Cocktails, & Coffee, Gluten-Free, Non-GMO (1 Liter)</p><p>$19.13 ($0.57 / Fl Oz)</p><a href="https://www.amazon.com/dp/B07C1138N5?tag=eloabder-20&linkCode=osi&th=1&psc=1">View Product</a></div><div class="product"><a href="https://www.amazon.com/dp/B0D43FMJ8V?tag=eloabder-20&linkCode=osi&th=1&psc=1"><img src="https://m.media-amazon.com/images/I/41P8d3eueDL._SL500_.jpg" alt="Product Image"></a><p>Torani Salted Honey Butter Syrup for Coffee 25.4 Ounces Coffee Syrups and Flavors with Jimoco Pump Syrup Dispenser</p><p>$17.95 ($0.71 / Fl Oz)</p><a href="https://www.amazon.com/dp/B0D43FMJ8V?tag=eloabder-20&linkCode=osi&th=1&psc=1">View Product</a></div><div class="product"><a href="https://www.amazon.com/dp/B00IRRJBRQ?tag=eloabder-20&linkCode=osi&th=1&psc=1"><img src="https://m.media-amazon.com/images/I/31a3OJgvluL._SL500_.jpg" alt="Product Image"></a><p>Torani Honey Sweetener, 25.4 Ounce (Pack of 4)</p><p>$25.47 ($0.25 / Fl Oz)</p><a href="https://www.amazon.com/dp/B00IRRJBRQ?tag=eloabder-20&linkCode=osi&th=1&psc=1">View Product</a></div><div class="product"><a href="https://www.amazon.com/dp/B0BSMPDPZ9?tag=eloabder-20&linkCode=osi&th=1&psc=1"><img src="https://m.media-amazon.com/images/I/41A+L9ilEXL._SL500_.jpg" alt="Product Image"></a><p>Monin - Hot Honey Syrup, Robust Sweet & Spicy Flavors, Great for Lemonades, Teas, Cocktails, Culinary Recipes, & More, No Artificial Sweeteners, Gluten-Free, Non-GMO, Clean Label (1 Liter)</p><p>$17.99 ($0.53 / Fl Oz)</p><a href="https://www.amazon.com/dp/B0BSMPDPZ9?tag=eloabder-20&linkCode=osi&th=1&psc=1">View Product</a></div><div class="product"><a href="https://www.amazon.com/dp/B078YFLF9K?tag=eloabder-20&linkCode=osi&th=1&psc=1"><img src="https://m.media-amazon.com/images/I/41Gx-mwendL._SL500_.jpg" alt="Product Image"></a><p>Tippleman's Ginger Honey Syrup - Craft Cocktail Mixer - All Natural Complex Syrup for Cocktails and Non-Alcoholic Beverages - Margarita, Whiskey Sour, or Sweet Iced Tea - Makes 17 Cocktails</p><p>$24.99 ($1.92 / Fl Oz)</p><a href="https://www.amazon.com/dp/B078YFLF9K?tag=eloabder-20&linkCode=osi&th=1&psc=1">View Product</a></div><div class="product"><a href="https://www.amazon.com/dp/B07CWFJV6C?tag=eloabder-20&linkCode=osi&th=1&psc=1"><img src="https://m.media-amazon.com/images/I/41cmu+ltDxL._SL500_.jpg" alt="Product Image"></a><p>Robitussin Maximum Strength Honey Cough + Chest Congestion DM, Cough Medicine for Cough and Chest Congestion Relief Made with Real Honey- 4 Fl Oz Bottle</p><p>$11.74 ($2.94 / Fl Oz)</p><a href="https://www.amazon.com/dp/B07CWFJV6C?tag=eloabder-20&linkCode=osi&th=1&psc=1">View Product</a></div><div class="product"><a href="https://www.amazon.com/dp/B005S1LP28?tag=eloabder-20&linkCode=osi&th=1&psc=1"><img src="https://m.media-amazon.com/images/I/41DkU4bxBrL._SL500_.jpg" alt="Product Image"></a><p>Monin - Organic Honey Sweetener, Low-Calorie Liquid Sweetener, Sugar Substitute, Coffee Syrup, Made with Organic Honey, Simple Syrup for Cocktails, Iced Tea, & More, Clean Label (1 Liter)</p><p>$26.99 ($0.80 / Fl Oz)</p><a href="https://www.amazon.com/dp/B005S1LP28?tag=eloabder-20&linkCode=osi&th=1&psc=1">View Product</a></div>
<div class="product"><a href="https://www.amazon.com/dp/B0D3FYHWP7?tag=eloabder-20&linkCode=osi&th=1&psc=1"><img src="https://m.media-amazon.com/images/I/41W51dqWhAL._SL500_.jpg" alt="Product Image"></a><p>Blueprint Bryan Johnson Nutty Butter - Macadamia Nuts and Walnuts - Just 3 Ingredients - No Palm Oil - Keto and Low Carb Snack - No Added Sugar, Vegan, Non GMO, Keto and Paleo Friendly (8.8 ounces)</p><p>$11.00 ($1.25 / Ounce)</p><a href="https://www.amazon.com/dp/B0D3FYHWP7?tag=eloabder-20&linkCode=osi&th=1&psc=1">View Product</a></div><div class="product"><a href="https://www.amazon.com/dp/B0B34J7HHD?tag=eloabder-20&linkCode=osi&th=1&psc=1"><img src="https://m.media-amazon.com/images/I/31UpKhqk2QL._SL500_.jpg" alt="Product Image"></a><p>Octonuts Dry Roasted Pure Cashew 16oz Nut Butter 16oz - Pure Creamy Nut Butter - Gluten Free, Vegan, Kosher, Paleo, Non-GMO Nut Butters Single Ingredient</p><p>$11.99 ($0.75 / Ounce)</p><a href="https://www.amazon.com/dp/B0B34J7HHD?tag=eloabder-20&linkCode=osi&th=1&psc=1">View Product</a></div><div class="product"><a href="https://www.amazon.com/dp/B09NP7D465?tag=eloabder-20&linkCode=osi&th=1&psc=1"><img src="https://m.media-amazon.com/images/I/51+XSeELM2L._SL500_.jpg" alt="Product Image"></a><p>Crazy Go Nuts Walnut Butter - Plain w/ Sea Salt - Healthy Snacks, Keto, Vegan, Low Carb, Gluten Free, Superfood - Natural, Non-GMO, ALA, Omega 3 Fatty Acids, Good Fats and Antioxidants - 9.25 oz (1-Pack)</p><p>$10.99 ($1.19 / Ounce)</p><a href="https://www.amazon.com/dp/B09NP7D465?tag=eloabder-20&linkCode=osi&th=1&psc=1">View Product</a></div><div class="product"><a href="https://www.amazon.com/dp/B00KHAG1BK?tag=eloabder-20&linkCode=osi&th=1&psc=1"><img src="https://m.media-amazon.com/images/I/41nZVovN5oL._SL500_.jpg" alt="Product Image"></a><p>JUSTIN'S Classic Gluten-Free Almond Butter Squeeze Packs, 1.15 Ounce (Pack of 10)</p><p>$13.40 ($1.17 / Ounce)</p><a href="https://www.amazon.com/dp/B00KHAG1BK?tag=eloabder-20&linkCode=osi&th=1&psc=1">View Product</a></div><div class="product"><a href="https://www.amazon.com/dp/B01M06S98E?tag=eloabder-20&linkCode=osi&th=1&psc=1"><img src="https://m.media-amazon.com/images/I/41fCsKiYMdL._SL500_.jpg" alt="Product Image"></a><p>Organic Power Fuel Crunchy Nut Butter by NuttZo | 7 Nuts & Seeds Blend, Paleo, Non-GMO, Gluten-Free, Vegan, Kosher | 1g Sugar, 6g Protein | 26oz Jar</p><p>$21.99 ($0.85 / Ounce)</p><a href="https://www.amazon.com/dp/B01M06S98E?tag=eloabder-20&linkCode=osi&th=1&psc=1">View Product</a></div><div class="product"><a href="https://www.amazon.com/dp/B07CGZ2RJQ?tag=eloabder-20&linkCode=osi&th=1&psc=1"><img src="https://m.media-amazon.com/images/I/41eZiTYDVgL._SL500_.jpg" alt="Product Image"></a><p>Vör Pure Macadamia Nut Butter Spread (11oz) | Only One Ingredient</p><p>$18.99 ($1.73 / Ounce)</p><a href="https://www.amazon.com/dp/B07CGZ2RJQ?tag=eloabder-20&linkCode=osi&th=1&psc=1">View Product</a></div><div class="product"><a href="https://www.amazon.com/dp/B00X7W96OO?tag=eloabder-20&linkCode=osi&th=1&psc=1"><img src="https://m.media-amazon.com/images/I/41jU7bL5rFL._SL500_.jpg" alt="Product Image"></a><p>MaraNatha Creamy Roasted Caramel Almond Butter, No Stir, 12 Ounce Jar</p><p>$6.94 ($0.58 / Ounce)</p><a href="https://www.amazon.com/dp/B00X7W96OO?tag=eloabder-20&linkCode=osi&th=1&psc=1">View Product</a></div>
<div class="product"><a href="https://www.amazon.com/dp/B01CUS63OG?tag=eloabder-20&linkCode=osi&th=1&psc=1"><img src="https://m.media-amazon.com/images/I/51o0FJwMj8L._SL500_.jpg" alt="Product Image"></a><p>Anna and Sarah Tropical Dried Fruit Mix 2 Lbs</p><p>$17.99 ($9.00 / lb)</p><a href="https://www.amazon.com/dp/B01CUS63OG?tag=eloabder-20&linkCode=osi&th=1&psc=1">View Product</a></div><div class="product"><a href="https://www.amazon.com/dp/B09LZ7YCF7?tag=eloabder-20&linkCode=osi&th=1&psc=1"><img src="https://m.media-amazon.com/images/I/41XMLNKxlML._SL500_.jpg" alt="Product Image"></a><p>Dried Pineapple Chunks, 1 Pound. Dehydrated Pineapple Chunk, Dehydrated Pineapple Bulk, Dried Pineapple Bits. All Natural, Non-GMO, Lightly Sweetened Dried Pineapples, 16 oz.</p><p>$9.99 ($0.62 / oz)</p><a href="https://www.amazon.com/dp/B09LZ7YCF7?tag=eloabder-20&linkCode=osi&th=1&psc=1">View Product</a></div><div class="product"><a href="https://www.amazon.com/dp/B000M69QRU?tag=eloabder-20&linkCode=osi&th=1&psc=1"><img src="https://m.media-amazon.com/images/I/51EyH2xvyyS._SL500_.jpg" alt="Product Image"></a><p>Ocean Spray Craisins Dried Cranberries, Original, 48 Ounce</p><p>$7.62 ($0.16 / Fl Oz)</p><a href="https://www.amazon.com/dp/B000M69QRU?tag=eloabder-20&linkCode=osi&th=1&psc=1">View Product</a></div><div class="product"><a href="https://www.amazon.com/dp/B09YTMZ1GP?tag=eloabder-20&linkCode=osi&th=1&psc=1"><img src="https://m.media-amazon.com/images/I/51+y56cVq0L._SL500_.jpg" alt="Product Image"></a><p>Oregon Farm Fresh Snacks Dried Fruit Mix – 24oz Healthy Snacks - Fresh and Natural Fruit Trail Mix – Mixed Fruit Snacks for Adults and Kids – Ideal for Breakfast, Cakes, Snacks</p><p>$17.99 ($0.75 / Ounce)</p><a href="https://www.amazon.com/dp/B09YTMZ1GP?tag=eloabder-20&linkCode=osi&th=1&psc=1">View Product</a></div><div class="product"><a href="https://www.amazon.com/dp/B08Z5QXBK1?tag=eloabder-20&linkCode=osi&th=1&psc=1"><img src="https://m.media-amazon.com/images/I/51a0Oclr3nS._SL500_.jpg" alt="Product Image"></a><p>Dried Cherries Tart Cherry, 1lb. Montmorency Tart Cherries, Dried Sour Cherries Fresh, Montmorency Dried Tart Cherries, Dried Cherries, All-Natural Whole Sour Cherry 16 oz.</p><p>$14.28 ($0.89 / oz)</p><a href="https://www.amazon.com/dp/B08Z5QXBK1?tag=eloabder-20&linkCode=osi&th=1&psc=1">View Product</a></div><div class="product"><a href="https://www.amazon.com/dp/B00F34772M?tag=eloabder-20&linkCode=osi&th=1&psc=1"><img src="https://m.media-amazon.com/images/I/51AsgKQIMiL._SL500_.jpg" alt="Product Image"></a><p>A Gift Inside Sweet Bloom Dried Fruit Deluxe Tray Basket Arrangement for Holiday Birthday Healthy Snack Business Kosher</p><p>$33.20</p><a href="https://www.amazon.com/dp/B00F34772M?tag=eloabder-20&linkCode=osi&th=1&psc=1">View Product</a></div><div class="product"><a href="https://www.amazon.com/dp/B01N057EEP?tag=eloabder-20&linkCode=osi&th=1&psc=1"><img src="https://m.media-amazon.com/images/I/51MrelYxkML._SL500_.jpg" alt="Product Image"></a><p>Mavuno Harvest Organic Dried Fruit Variety Pack | Dried Mango, Pineapple, and Jackfruit | Healthy, Vegan, No Sugar Added, Non GMO Snacks for Kids & Adults | 2 Ounce, Pack of 3</p><p>$13.99 ($2.33 / Ounce)</p><a href="https://www.amazon.com/dp/B01N057EEP?tag=eloabder-20&linkCode=osi&th=1&psc=1">View Product</a></div><div class="product"><a href="https://www.amazon.com/dp/B08JWR4M3F?tag=eloabder-20&linkCode=osi&th=1&psc=1"><img src="https://m.media-amazon.com/images/I/41rjnxAN2FL._SL500_.jpg" alt="Product Image"></a><p>Sunrise Fresh Dried Sweet Cherries, Unsweetened, No Sugar Added, Fresh Fruit Flavor, 1 lb Bag</p><p>$14.49 ($0.91 / oz)</p><a href="https://www.amazon.com/dp/B08JWR4M3F?tag=eloabder-20&linkCode=osi&th=1&psc=1">View Product</a></div><div class="product"><a href="https://www.amazon.com/dp/B08YP8NQP4?tag=eloabder-20&linkCode=osi&th=1&psc=1"><img src="https://m.media-amazon.com/images/I/51GM51afRIS._SL500_.jpg" alt="Product Image"></a><p>Whole Dried Blueberries, No Sugar Added, Bulk, Dehydrated, Dried Unsweetened Blueberries, All Natural, Non-GMO, 1 Pound. - 16 oz.</p><p>$17.44 ($1.09 / oz)</p><a href="https://www.amazon.com/dp/B08YP8NQP4?tag=eloabder-20&linkCode=osi&th=1&psc=1">View Product</a></div>
<div class="product"><a href="https://www.amazon.com/dp/B084T1VWP5?tag=eloabder-20&linkCode=osi&th=1&psc=1"><img src="https://m.media-amazon.com/images/I/51o0utHF41L._SL500_.jpg" alt="Product Image"></a><p>Planters Pop & Pour Dry Roasted Sunflower Seeds, (4 - 5.85 oz. Jars)</p><p>$7.96 ($0.34 / Ounce)</p><a href="https://www.amazon.com/dp/B084T1VWP5?tag=eloabder-20&linkCode=osi&th=1&psc=1">View Product</a></div><div class="product"><a href="https://www.amazon.com/dp/B07TZX3KQZ?tag=eloabder-20&linkCode=osi&th=1&psc=1"><img src="https://m.media-amazon.com/images/I/41OvCvu5E9L._SL500_.jpg" alt="Product Image"></a><p>Yupik Organic Super 6 Seeds Mix, 2.2 lb, Non-GMO, Vegan</p><p>$11.99 ($0.34 / Ounce)</p><a href="https://www.amazon.com/dp/B07TZX3KQZ?tag=eloabder-20&linkCode=osi&th=1&psc=1">View Product</a></div><div class="product"><a href="https://www.amazon.com/dp/B07W7ZZJQB?tag=eloabder-20&linkCode=osi&th=1&psc=1"><img src="https://m.media-amazon.com/images/I/51jbKA5l0CL._SL500_.jpg" alt="Product Image"></a><p>Southern Style Nuts Gourmet Hunter Mix, 23 Ounces, Sesame Sticks, Peanuts, Sunflower Kernels, Almonds, Cashews, and Pepitas</p><p>$7.92 ($0.34 / Ounce)</p><a href="https://www.amazon.com/dp/B07W7ZZJQB?tag=eloabder-20&linkCode=osi&th=1&psc=1">View Product</a></div><div class="product"><a href="https://www.amazon.com/dp/B089LJB5F5?tag=eloabder-20&linkCode=osi&th=1&psc=1"><img src="https://m.media-amazon.com/images/I/51kS4PKIyZL._SL500_.jpg" alt="Product Image"></a><p>Fisher Oven Roasted Never Fried Deluxe Mixed Nuts, 24 Ounces (Pack of 1), Almonds, Cashews, Pecans, Pistachios, Snacks for Adults, Made With Sea Salt, No Added Oil, Artificial Ingredients or Preservatives, Trail Mix, Gluten Free</p><p>$17.09 ($0.71 / Ounce)</p><a href="https://www.amazon.com/dp/B089LJB5F5?tag=eloabder-20&linkCode=osi&th=1&psc=1">View Product</a></div><div class="product"><a href="https://www.amazon.com/dp/B077HZW2FX?tag=eloabder-20&linkCode=osi&th=1&psc=1"><img src="https://m.media-amazon.com/images/I/51AQx+2kfEL._SL500_.jpg" alt="Product Image"></a><p>BetterBody Foods Superfood Organic Super Seeds - Blend of Organic Chia Seeds, Milled Flax Seed, Hemp Hearts, Add to Smoothies Shakes & More, 1lb, 16 oz</p><p>$10.66 ($0.67 / Ounce)</p><a href="https://www.amazon.com/dp/B077HZW2FX?tag=eloabder-20&linkCode=osi&th=1&psc=1">View Product</a></div><div class="product"><a href="https://www.amazon.com/dp/B00PPKSZO8?tag=eloabder-20&linkCode=osi&th=1&psc=1"><img src="https://m.media-amazon.com/images/I/41Q7alFU8RL._SL500_.jpg" alt="Product Image"></a><p>PLANTERS Unsalted Mixed Nuts, Cashews, Almonds, Hazelnuts, Pecans, Pistachios no Shell, Party Snacks, Plant-Based Protein, Quick Snack for Adults, After School Snack, Kosher, 2.16lb Container</p><p>$17.26 ($0.50 / Fl Oz)</p><a href="https://www.amazon.com/dp/B00PPKSZO8?tag=eloabder-20&linkCode=osi&th=1&psc=1">View Product</a></div><div class="product"><a href="https://www.amazon.com/dp/B0CHLKJ7JM?tag=eloabder-20&linkCode=osi&th=1&psc=1"><img src="https://m.media-amazon.com/images/I/51sXps1S2KL._SL500_.jpg" alt="Product Image"></a><p>KIND Seeds Fruit & Nuts Snack Bar, Orange Cranberry | 5g Protein, High Fiber, Gluten Free Bars, 1.4 OZ, 12 Count</p><p>$14.96 ($1.25 / Count)</p><a href="https://www.amazon.com/dp/B0CHLKJ7JM?tag=eloabder-20&linkCode=osi&th=1&psc=1">View Product</a></div><div class="product"><a href="https://www.amazon.com/dp/B0CHLD9ZKL?tag=eloabder-20&linkCode=osi&th=1&psc=1"><img src="https://m.media-amazon.com/images/I/51l78v8NL9L._SL500_.jpg" alt="Product Image"></a><p>KIND Seeds Fruit & Nuts Snack Bar, Strawberry Sunflower Seed | 5g Protein, High Fiber, Gluten Free Bars, 1.4 OZ, 12 Count</p><p>$13.58 ($1.13 / Count)</p><a href="https://www.amazon.com/dp/B0CHLD9ZKL?tag=eloabder-20&linkCode=osi&th=1&psc=1">View Product</a></div><div class="product"><a href="https://www.amazon.com/dp/B079WN7C3F?tag=eloabder-20&linkCode=osi&th=1&psc=1"><img src="https://m.media-amazon.com/images/I/41YqpED33FL._SL500_.jpg" alt="Product Image"></a><p>GERBS Raw Super 7 Seed Snack Trail Mix 1 LBS. | Top 14 Food Allergy Free | Resealable Bulk Bag | Made in USA | Raw Pumpkin | Sunflower | Brown & Golden Flax | Black & White Chia | Hemp | Gluten Free</p><p>$14.99 ($0.94 / Ounce)</p><a href="https://www.amazon.com/dp/B079WN7C3F?tag=eloabder-20&linkCode=osi&th=1&psc=1">View Product</a></div><div class="product"><a href="https://www.amazon.com/dp/B00CYK8DOE?tag=eloabder-20&linkCode=osi&th=1&psc=1"><img src="https://m.media-amazon.com/images/I/41hvbaCdz6L._SL500_.jpg" alt="Product Image"></a><p>Oh! Nuts Roasted Salted Pumpkin Seeds | Resealable 2LB Bulk Bag of Unshelled Pepitas | All-Natural Protein Power for Gluten-Free & Vegan Snacking | Fresh & Healthy Keto Snacks</p><p>$18.81 ($0.59 / Ounce)</p><a href="https://www.amazon.com/dp/B00CYK8DOE?tag=eloabder-20&linkCode=osi&th=1&psc=1">View Product</a></div>

<div class="product"><a href="https://www.amazon.com/dp/B08TTFGPS5?tag=eloabder-20&linkCode=osi&th=1&psc=1"><img src="https://m.media-amazon.com/images/I/51LP-kQBLAL._SL500_.jpg" alt="Product Image"></a><p>Pine River Cheese Spreads - Variety Pack 3 8oz. Sharp Cheddar-Garlic & Herb-Swiss (24oz)</p><p>$21.93 ($0.91 / Ounce)</p><a href="https://www.amazon.com/dp/B08TTFGPS5?tag=eloabder-20&linkCode=osi&th=1&psc=1">View Product</a></div><div class="product"><a href="https://www.amazon.com/dp/B09GW71DPQ?tag=eloabder-20&linkCode=osi&th=1&psc=1"><img src="https://m.media-amazon.com/images/I/41BpjCgQpKL._SL500_.jpg" alt="Product Image"></a><p>Port Wine Cheese Spread 8 Ounce (Pack of 4)</p><p>$26.10 ($0.82 / Ounce)</p><a href="https://www.amazon.com/dp/B09GW71DPQ?tag=eloabder-20&linkCode=osi&th=1&psc=1">View Product</a></div><div class="product"><a href="https://www.amazon.com/dp/B006G4NCT0?tag=eloabder-20&linkCode=osi&th=1&psc=1"><img src="https://m.media-amazon.com/images/I/41-Krj0PbcL._SL500_.jpg" alt="Product Image"></a><p>Sharp Cheddar Cheese Spread 8 Ounce (Pack of 4)</p><p>$25.90 ($1.08 / Ounce)</p><a href="https://www.amazon.com/dp/B006G4NCT0?tag=eloabder-20&linkCode=osi&th=1&psc=1">View Product</a></div><div class="product"><a href="https://www.amazon.com/dp/B09SM3L7LN?tag=eloabder-20&linkCode=osi&th=1&psc=1"><img src="https://m.media-amazon.com/images/I/417W7hKPcvL._SL500_.jpg" alt="Product Image"></a><p>Cheese Snack Spread Variety 4 Pack</p><p>$34.00 ($1.06 / Ounce)</p><a href="https://www.amazon.com/dp/B09SM3L7LN?tag=eloabder-20&linkCode=osi&th=1&psc=1">View Product</a></div>
<div class="product"><a href="https://www.amazon.com/dp/B08CNRQ2C6?tag=eloabder-20&linkCode=osi&th=1&psc=1"><img src="https://m.media-amazon.com/images/I/41ps--esahL._SL500_.jpg" alt="Product Image"></a><p>HOIST Premium Military Hydration Electrolyte Drink, Powerful IV-Level Hydration, Clinically Proven Performance Drink, Peach Mango, 16 Fl Oz (Pack of 12)</p><p>$29.99 ($0.16 / Fl Oz)</p><a href="https://www.amazon.com/dp/B08CNRQ2C6?tag=eloabder-20&linkCode=osi&th=1&psc=1">View Product</a></div><div class="product"><a href="https://www.amazon.com/dp/B082BG3XYZ?tag=eloabder-20&linkCode=osi&th=1&psc=1"><img src="https://m.media-amazon.com/images/I/51+XFCzX3zL._SL500_.jpg" alt="Product Image"></a><p>UPTIME – Blueberry Pomegranate - Zero Sugar (12 Pack), Premium Energy Drink, 12oz Bottles, Natural Caffeine, Sparkling, Natural Flavors, 5 Calories…</p><p>$28.99 ($0.20 / Fl Oz)</p><a href="https://www.amazon.com/dp/B082BG3XYZ?tag=eloabder-20&linkCode=osi&th=1&psc=1">View Product</a></div><div class="product"><a href="https://www.amazon.com/dp/B0BSP3R4JX?tag=eloabder-20&linkCode=osi&th=1&psc=1"><img src="https://m.media-amazon.com/images/I/41TvMVYbcjL._SL500_.jpg" alt="Product Image"></a><p>Barcode Premium Hydration Drink - No Added Sugars, Variety Pack (12 Pack) - Plant-Based Beverage - Adaptogen Drink with Electrolytes for Immunity & Performance</p><p>$29.88 ($0.15 / Fl Oz)</p><a href="https://www.amazon.com/dp/B0BSP3R4JX?tag=eloabder-20&linkCode=osi&th=1&psc=1">View Product</a></div><div class="product"><a href="https://www.amazon.com/dp/B0CYL4CCKM?tag=eloabder-20&linkCode=osi&th=1&psc=1"><img src="https://m.media-amazon.com/images/I/514q0PPV9+L._SL500_.jpg" alt="Product Image"></a><p>ProBaller Ultra Premium Energy Drink - Wild Berry ZERO</p><p>$35.99 ($0.20 / Fl Oz)</p><a href="https://www.amazon.com/dp/B0CYL4CCKM?tag=eloabder-20&linkCode=osi&th=1&psc=1">View Product</a></div><div class="product"><a href="https://www.amazon.com/dp/B0D2BKB2J3?tag=eloabder-20&linkCode=osi&th=1&psc=1"><img src="https://m.media-amazon.com/images/I/41MbnJUx3LL._SL500_.jpg" alt="Product Image"></a><p>ProBaller Ultra Premium Energy Drink - Sugar Free</p><p>$35.99 ($0.20 / Fl Oz)</p><a href="https://www.amazon.com/dp/B0D2BKB2J3?tag=eloabder-20&linkCode=osi&th=1&psc=1">View Product</a></div><div class="product"><a href="https://www.amazon.com/dp/B0CYJXMRKS?tag=eloabder-20&linkCode=osi&th=1&psc=1"><img src="https://m.media-amazon.com/images/I/41gt6X6dVdL._SL500_.jpg" alt="Product Image"></a><p>Joggy Clean Energy Drink - 4-Pack Tart Cherry & Hibiscus - 150mg Organic Guayusa Caffeine - Zero Added Sugar, Vegan, Plant-Based, Natural Healthy Boost, Premium Beverage</p><p>$13.99 ($0.44 / Fl Oz)</p><a href="https://www.amazon.com/dp/B0CYJXMRKS?tag=eloabder-20&linkCode=osi&th=1&psc=1">View Product</a></div><div class="product"><a href="https://www.amazon.com/dp/B081QCCN21?tag=eloabder-20&linkCode=osi&th=1&psc=1"><img src="https://m.media-amazon.com/images/I/61k-oHxeO2L._SL500_.jpg" alt="Product Image"></a><p>Hawaiian Sun Premium Tropical Juice Drink Party Bundle of 10 Assorted Flavors (24 Cans Total)</p><p>$44.95 ($0.16 / Fl Oz )</p><a href="https://www.amazon.com/dp/B081QCCN21?tag=eloabder-20&linkCode=osi&th=1&psc=1">View Product</a></div><div class="product"><a href="https://www.amazon.com/dp/B0CCHW3Q8Q?tag=eloabder-20&linkCode=osi&th=1&psc=1"><img src="https://m.media-amazon.com/images/I/414+SPv3c5L._SL500_.jpg" alt="Product Image"></a><p>Camp Craft Cocktail Mix - Flo'rita | Premium Drink Mixer Infusion Kit with Dehydrated Fruit, Herbs and Vegan Sugar | 16 oz Glass Jar Mixer for Cocktails, Margaritas, and Mocktails - Serves 8</p><p>$25.00 ($1.56 / Fl Oz)</p><a href="https://www.amazon.com/dp/B0CCHW3Q8Q?tag=eloabder-20&linkCode=osi&th=1&psc=1">View Product</a></div><div class="product"><a href="https://www.amazon.com/dp/B0CVQN2NBB?tag=eloabder-20&linkCode=osi&th=1&psc=1"><img src="https://m.media-amazon.com/images/I/51bpS7Tlj2L._SL500_.jpg" alt="Product Image"></a><p>Starbucks Cold Brew Coffee, Vanilla Sweet Cream, 11 fl oz Cans (12 Pack), Premium Coffee Drink, Iced Coffee</p><p>$39.39 ($0.30 / Fl Oz)</p><a href="https://www.amazon.com/dp/B0CVQN2NBB?tag=eloabder-20&linkCode=osi&th=1&psc=1">View Product</a></div>
<div class="product"><a href="https://www.amazon.com/dp/B08PW3LK4T?tag=eloabder-20&linkCode=osi&th=1&psc=1"><img src="https://m.media-amazon.com/images/I/41TLoWBkNWL._SL500_.jpg" alt="Product Image"></a><p>Classic Ginger Beer, Regatta Craft Mixers, All-Natural Ingredients, Non-GMO, 7.5oz, Case of 24 Sleek Cans</p><p>$29.98 ($0.17 / Fl Oz)</p><a href="https://www.amazon.com/dp/B08PW3LK4T?tag=eloabder-20&linkCode=osi&th=1&psc=1">View Product</a></div><div class="product"><a href="https://www.amazon.com/dp/B08KTP2999?tag=eloabder-20&linkCode=osi&th=1&psc=1"><img src="https://m.media-amazon.com/images/I/41tC0pFgGtL._SL500_.jpg" alt="Product Image"></a><p>ABC Crafted Series Beer Making Kit | Beer Making Ingredients for Home Brewing | Yields 6 Gallons of Beer | Brown Ale</p><p>$25.00</p><a href="https://www.amazon.com/dp/B08KTP2999?tag=eloabder-20&linkCode=osi&th=1&psc=1">View Product</a></div><div class="product"><a href="https://www.amazon.com/dp/B01KSD9JKU?tag=eloabder-20&linkCode=osi&th=1&psc=1"><img src="https://m.media-amazon.com/images/I/517aGsVY9qL._SL500_.jpg" alt="Product Image"></a><p>Beer-infused Hot Sauce Variety 3-pack (Includes Asian Sriracha, Garlic Serrano, & Roasty Chipotle) - Craft Beer Gift, Hot Sauce Gift Set, Beer Sauce, BBQ Sauce, Beer Lover, Grill + Man Cave</p><p>$27.99 ($1.87 / Fl Oz)</p><a href="https://www.amazon.com/dp/B01KSD9JKU?tag=eloabder-20&linkCode=osi&th=1&psc=1">View Product</a></div><div class="product"><a href="https://www.amazon.com/dp/B0C9KKG6C6?tag=eloabder-20&linkCode=osi&th=1&psc=1"><img src="https://m.media-amazon.com/images/I/41Rxjjlu5+L._SL500_.jpg" alt="Product Image"></a><p>Plochman, Craft Beer Mustard (Brickstone), 11 oz, Blended Mustard</p><p>$6.99 ($0.64 / Ounce)</p><a href="https://www.amazon.com/dp/B0C9KKG6C6?tag=eloabder-20&linkCode=osi&th=1&psc=1">View Product</a></div><div class="product"><a href="https://www.amazon.com/dp/B01692UXRW?tag=eloabder-20&linkCode=osi&th=1&psc=1"><img src="https://m.media-amazon.com/images/I/51qUU-Fjx5L._SL500_.jpg" alt="Product Image"></a><p>BREW CANDY | Hoppy IPA + Roasty Stout + Honey Ale | Great Craft Beer Gift for Beer Drinkers and Candy Lovers | Perfect for the Man Cave, Brewery, Office, or Home | MADE IN USA</p><p>$9.99 ($2.50 / Ounce)</p><a href="https://www.amazon.com/dp/B01692UXRW?tag=eloabder-20&linkCode=osi&th=1&psc=1">View Product</a></div><div class="product"><a href="https://www.amazon.com/dp/B07L1M2P57?tag=eloabder-20&linkCode=osi&th=1&psc=1"><img src="https://m.media-amazon.com/images/I/415wGhwZDvL._SL500_.jpg" alt="Product Image"></a><p>Unique Snacks Sourdough Craft Beer Pretzel Rings, Delicious Homestyle Baked Snack Bag, Vegan, OU Kosher, and Non-GMO Food, No Artificial Flavor, 11 Oz. Bag, Pack of 6</p><p>$24.99 ($0.38 / Ounce)</p><a href="https://www.amazon.com/dp/B07L1M2P57?tag=eloabder-20&linkCode=osi&th=1&psc=1">View Product</a></div>
<div class="product"><a href="https://www.amazon.com/dp/B0CD79R3QZ?tag=eloabder-20&linkCode=osi&th=1&psc=1"><img src="https://m.media-amazon.com/images/I/21X3VVYgpXL._SL500_.jpg" alt="Product Image"></a><p>French Bloom Le Blanc Alcohol-Free Sparkling Wine, 750ml - Certified Organic, Vegan, Halal, Low Calorie, Sulfite Free - Made with Fine Organic Wine, No Preservatives or Added Sugar</p><p>$41.00 ($1.61 / Fl Oz)</p><a href="https://www.amazon.com/dp/B0CD79R3QZ?tag=eloabder-20&linkCode=osi&th=1&psc=1">View Product</a></div><div class="product"><a href="https://www.amazon.com/dp/B0D6HWD369?tag=eloabder-20&linkCode=osi&th=1&psc=1"><img src="https://m.media-amazon.com/images/I/31U1YybAm5L._SL500_.jpg" alt="Product Image"></a><p>Saint Viviana Non-Alcoholic Sauvignon Blanc, Crisp Dry White Wine with Fresh Fruit Flavor & Floral Notes, Made in Washington State, 24.6 Fl Oz Bottle</p><p>$22.99 ($0.93 / Fl Oz)</p><a href="https://www.amazon.com/dp/B0D6HWD369?tag=eloabder-20&linkCode=osi&th=1&psc=1">View Product</a></div><div class="product"><a href="https://www.amazon.com/dp/B0D244C3VJ?tag=eloabder-20&linkCode=osi&th=1&psc=1"><img src="https://m.media-amazon.com/images/I/416UnLmeDPL._SL500_.jpg" alt="Product Image"></a><p>Monari Marsala Fine Wine PDO Glaze| 9 Ounce, Pack of 6</p><p>$37.99 ($6.33 / Count)</p><a href="https://www.amazon.com/dp/B0D244C3VJ?tag=eloabder-20&linkCode=osi&th=1&psc=1">View Product</a></div><div class="product"><a href="https://www.amazon.com/dp/B0054KSA5I?tag=eloabder-20&linkCode=osi&th=1&psc=1"><img src="https://m.media-amazon.com/images/I/41Dk7Gmm5xL._SL500_.jpg" alt="Product Image"></a><p>Regina Fine Red Wine Vinegar, 12 Fl Oz</p><p>$12.94 ($1.08 / Fl Oz)</p><a href="https://www.amazon.com/dp/B0054KSA5I?tag=eloabder-20&linkCode=osi&th=1&psc=1">View Product</a></div><div class="product"><a href="https://www.amazon.com/dp/B0CC6JY2CM?tag=eloabder-20&linkCode=osi&th=1&psc=1"><img src="https://m.media-amazon.com/images/I/31FVY0Kg2cL._SL500_.jpg" alt="Product Image"></a><p>ST. REGIS Cabernet Sauvignon 25.4 Fl Oz (1 Pack) - Low Calorie and Sugar - Fruity & Spicy Rich Flavor from North of Spain Vineyards</p><p>$17.95 ($0.71 / Fl Oz)</p><a href="https://www.amazon.com/dp/B0CC6JY2CM?tag=eloabder-20&linkCode=osi&th=1&psc=1">View Product</a></div><div class="product"><a href="https://www.amazon.com/dp/B0CLYLY93H?tag=eloabder-20&linkCode=osi&th=1&psc=1"><img src="https://m.media-amazon.com/images/I/31cSVgLe1sL._SL500_.jpg" alt="Product Image"></a><p>Chateau del ISH Sparkling Rosé | Award-Winning Non-Alcoholic Sparkling Wine | De-Alcoholized Blend of Merlot & Pinot Noir Grapes | Only 9 grams of Sugar | 45 Calories per Serving | 750 ml Bottle</p><p>$23.99 ($0.94 / Fl Oz)</p><a href="https://www.amazon.com/dp/B0CLYLY93H?tag=eloabder-20&linkCode=osi&th=1&psc=1">View Product</a></div><div class="product"><a href="https://www.amazon.com/dp/B00075WK10?tag=eloabder-20&linkCode=osi&th=1&psc=1"><img src="https://m.media-amazon.com/images/I/41wn5BC9e3L._SL500_.jpg" alt="Product Image"></a><p>Mantova Italian White Wine Vinegar 17 oz (Pack of 2). Made with traditional methods and aged in fine wood casks, it retains the flavor of the wine, accented by the crisp character of the vinegar.</p><p>$12.97 ($7.21 / Fl Oz)</p><a href="https://www.amazon.com/dp/B00075WK10?tag=eloabder-20&linkCode=osi&th=1&psc=1">View Product</a></div><div class="product"><a href="https://www.amazon.com/dp/B0B6Y4LGT8?tag=eloabder-20&linkCode=osi&th=1&psc=1"><img src="https://m.media-amazon.com/images/I/31DYvJX17cL._SL500_.jpg" alt="Product Image"></a><p>Wander + Found Non-Alcoholic Wine, Pinot Noir, Award Winning Red Wine from Germany, Non-GMO Dealcoholized Wine, 750 ml (1 Bottle)</p><p>$25.99 ($1.02 / Fl Oz)</p><a href="https://www.amazon.com/dp/B0B6Y4LGT8?tag=eloabder-20&linkCode=osi&th=1&psc=1">View Product</a></div><div class="product"><a href="https://www.amazon.com/dp/B08FBLJFL3?tag=eloabder-20&linkCode=osi&th=1&psc=1"><img src="https://m.media-amazon.com/images/I/31xcotQJiQL._SL500_.jpg" alt="Product Image"></a><p>Lussory Organic Merlot Dealcoholized 0.0% Non-Alcoholic Red From Spain, Low Calories, Organic, Vegan (750ml, 1 Bottle)</p><p>$27.99 ($1.10 / Fl Oz)</p><a href="https://www.amazon.com/dp/B08FBLJFL3?tag=eloabder-20&linkCode=osi&th=1&psc=1">View Product</a></div>
<div class="product"><a href="https://www.amazon.com/dp/B08RD41V4Y?tag=eloabder-20&linkCode=osi&th=1&psc=1"><img src="https://m.media-amazon.com/images/I/41Ctrzm6OdL._SL500_.jpg" alt="Product Image"></a><p>Pure Organic Layered Fruit Bars Variety Pack 28 count (Pack of 1).</p><p>$13.99 ($0.40 / Ounce)</p><a href="https://www.amazon.com/dp/B08RD41V4Y?tag=eloabder-20&linkCode=osi&th=1&psc=1">View Product</a></div><div class="product"><a href="https://www.amazon.com/dp/B06X6JR48M?tag=eloabder-20&linkCode=osi&th=1&psc=1"><img src="https://m.media-amazon.com/images/I/51QhYDgoJFL._SL500_.jpg" alt="Product Image"></a><p>Nature's Garden Organic Trail Mix Snack Packs, Multi Pack 1.2 oz - Pack of 24 (Total 28.8 oz)</p><p>$14.89 ($0.52 / Ounce)</p><a href="https://www.amazon.com/dp/B06X6JR48M?tag=eloabder-20&linkCode=osi&th=1&psc=1">View Product</a></div><div class="product"><a href="https://www.amazon.com/dp/B0BQTL31PR?tag=eloabder-20&linkCode=osi&th=1&psc=1"><img src="https://m.media-amazon.com/images/I/512GxWL1ejL._SL500_.jpg" alt="Product Image"></a><p>Annie's Organic Birthday Cake Bunny Grahams and Cheddar Bunnies Snack Pack 36 Count, 36 oz</p><p>$16.99 ($0.47 / Ounce)</p><a href="https://www.amazon.com/dp/B0BQTL31PR?tag=eloabder-20&linkCode=osi&th=1&psc=1">View Product</a></div><div class="product"><a href="https://www.amazon.com/dp/B0C17SW6V1?tag=eloabder-20&linkCode=osi&th=1&psc=1"><img src="https://m.media-amazon.com/images/I/51JwHhUMp-L._SL500_.jpg" alt="Product Image"></a><p>Annie's Organic Bunny Fruit Snacks, Variety Pack, Gluten Free, 22 ct, 15.4 oz</p><p>$9.98 ($0.45 / Count)</p><a href="https://www.amazon.com/dp/B0C17SW6V1?tag=eloabder-20&linkCode=osi&th=1&psc=1">View Product</a></div><div class="product"><a href="https://www.amazon.com/dp/B079LY41VY?tag=eloabder-20&linkCode=osi&th=1&psc=1"><img src="https://m.media-amazon.com/images/I/51hNBmR-vOL._SL500_.jpg" alt="Product Image"></a><p>MadeGood Healthy Snacks Variety Pack (40 Count) Organic Assortment of Granola Bars, Granola Mini and Crispy Squares; Individually Wrapped Snacks</p><p>$29.99</p><a href="https://www.amazon.com/dp/B079LY41VY?tag=eloabder-20&linkCode=osi&th=1&psc=1">View Product</a></div><div class="product"><a href="https://www.amazon.com/dp/B0B88WYZVC?tag=eloabder-20&linkCode=osi&th=1&psc=1"><img src="https://m.media-amazon.com/images/I/41jnzaqqPlL._SL500_.jpg" alt="Product Image"></a><p>YumEarth Organic Fruit Snacks Box, 0.7 Ounce (Pack of 10)</p><p>$6.49 ($0.93 / Ounce)</p><a href="https://www.amazon.com/dp/B0B88WYZVC?tag=eloabder-20&linkCode=osi&th=1&psc=1">View Product</a></div><div class="product"><a href="https://www.amazon.com/dp/B087HBLXSM?tag=eloabder-20&linkCode=osi&th=1&psc=1"><img src="https://m.media-amazon.com/images/I/4103I3BvCSL._SL500_.jpg" alt="Product Image"></a><p>Tropical Fields Organic Crispy Coconut Rolls, 11 Oz</p><p>$9.94 ($0.90 / Ounce)</p><a href="https://www.amazon.com/dp/B087HBLXSM?tag=eloabder-20&linkCode=osi&th=1&psc=1">View Product</a></div><div class="product"><a href="https://www.amazon.com/dp/B08L4XZBS1?tag=eloabder-20&linkCode=osi&th=1&psc=1"><img src="https://m.media-amazon.com/images/I/51IN3a2zpZL._SL500_.jpg" alt="Product Image"></a><p>Annie's Organic Fruit Peel-A-Parts Fruit Snacks, Strawberry and Fruit Punch, 12 packs, 6.7 oz.</p><p>$9.99 ($0.83 / Count)</p><a href="https://www.amazon.com/dp/B08L4XZBS1?tag=eloabder-20&linkCode=osi&th=1&psc=1">View Product</a></div><div class="product"><a href="https://www.amazon.com/dp/B088PRVMXL?tag=eloabder-20&linkCode=osi&th=1&psc=1"><img src="https://m.media-amazon.com/images/I/51Lye-KMCNL._SL500_.jpg" alt="Product Image"></a><p>Gimme Seaweed - Sea Salt & Avocado Oil - 20 Count - Organic Roasted Seaweed Sheets - Keto, Vegan, Gluten Free - Great Source of Iodine & Omega 3’s - Healthy On-The-Go Snack for Kids & Adults</p><p>$14.43 ($4.51 / Ounce)</p><a href="https://www.amazon.com/dp/B088PRVMXL?tag=eloabder-20&linkCode=osi&th=1&psc=1">View Product</a></div><div class="product"><a href="https://www.amazon.com/dp/B0792LF5DZ?tag=eloabder-20&linkCode=osi&th=1&psc=1"><img src="https://m.media-amazon.com/images/I/51Ogpal4rKL._SL500_.jpg" alt="Product Image"></a><p>Simply, Variety Pack Snacks, 0.875 Ounce (Pack of 36)</p><p>$22.43 ($0.71 / Ounce)</p><a href="https://www.amazon.com/dp/B0792LF5DZ?tag=eloabder-20&linkCode=osi&th=1&psc=1">View Product</a></div>
<div class="product"><a href="https://www.amazon.com/dp/B07D83162X?tag=eloabder-20&linkCode=osi&th=1&psc=1"><img src="https://m.media-amazon.com/images/I/515OpZM7eUL._SL500_.jpg" alt="Product Image"></a><p>CLIF BAR - Energy Bars - Variety Pack - Made with Organic Oats - 9-11g Protein - Non-GMO - Plant Based - 2.4 oz. (16 Count)</p><p>$25.98 ($0.68 / Ounce)</p><a href="https://www.amazon.com/dp/B07D83162X?tag=eloabder-20&linkCode=osi&th=1&psc=1">View Product</a></div><div class="product"><a href="https://www.amazon.com/dp/B0CXQ6QP2B?tag=eloabder-20&linkCode=osi&th=1&psc=1"><img src="https://m.media-amazon.com/images/I/41zGg7iGu+L._SL500_.jpg" alt="Product Image"></a><p>CLIF BAR - Crunchy Peanut Butter - Made with Organic Oats - 11g Protein - Non-GMO - Plant Based - Energy Bars - 2.4 oz. (15 Pack)</p><p>$17.24 ($0.48 / Ounce)</p><a href="https://www.amazon.com/dp/B0CXQ6QP2B?tag=eloabder-20&linkCode=osi&th=1&psc=1">View Product</a></div><div class="product"><a href="https://www.amazon.com/dp/B00GJ82VK4?tag=eloabder-20&linkCode=osi&th=1&psc=1"><img src="https://m.media-amazon.com/images/I/51j2KOV9-+L._SL500_.jpg" alt="Product Image"></a><p>Pure Protein Bars, High Protein, Nutritious Snacks to Support Energy, Low Sugar, Gluten Free, Chocolate Peanut Butter, 1.76oz, 12 Count (Packaging May Vary)</p><p>$15.55 ($0.73 / Ounce)</p><a href="https://www.amazon.com/dp/B00GJ82VK4?tag=eloabder-20&linkCode=osi&th=1&psc=1">View Product</a></div><div class="product"><a href="https://www.amazon.com/dp/B084R2FJVV?tag=eloabder-20&linkCode=osi&th=1&psc=1"><img src="https://m.media-amazon.com/images/I/51mGjMQ-PjL._SL500_.jpg" alt="Product Image"></a><p>KIND Energy Bars, Chocolate Chunk, Healthy Snacks, Gluten Free, 30 Count</p><p>$35.45 ($0.56 / Ounce)</p><a href="https://www.amazon.com/dp/B084R2FJVV?tag=eloabder-20&linkCode=osi&th=1&psc=1">View Product</a></div><div class="product"><a href="https://www.amazon.com/dp/B0BHMRSNWX?tag=eloabder-20&linkCode=osi&th=1&psc=1"><img src="https://m.media-amazon.com/images/I/51mha5Z8vAL._SL500_.jpg" alt="Product Image"></a><p>Verb Energy - Variety Pack Caffeinated Snack Bars - 110-Calorie Low Sugar Energy Bar - Nutrition Bars - Vegan Snacks - Gluten Free Breakfast Bars with Organic Green Tea, 26g (Pack of 16)</p><p>$28.95 ($1.97 / Ounce)</p><a href="https://www.amazon.com/dp/B0BHMRSNWX?tag=eloabder-20&linkCode=osi&th=1&psc=1">View Product</a></div><div class="product"><a href="https://www.amazon.com/dp/B08939X5HL?tag=eloabder-20&linkCode=osi&th=1&psc=1"><img src="https://m.media-amazon.com/images/I/51RKwNvJZiL._SL500_.jpg" alt="Product Image"></a><p>Nature Valley Chewy Fruit and Nut Granola Bars, Trail Mix, 1.2 oz, 15 ct</p><p>$6.24 ($0.35 / Ounce)</p><a href="https://www.amazon.com/dp/B08939X5HL?tag=eloabder-20&linkCode=osi&th=1&psc=1">View Product</a></div><div class="product"><a href="https://www.amazon.com/dp/B004XEDS5I?tag=eloabder-20&linkCode=osi&th=1&psc=1"><img src="https://m.media-amazon.com/images/I/51dc89OLXjL._SL500_.jpg" alt="Product Image"></a><p>CLIF BAR - Chocolate Chip - Made with Organic Oats - Non-GMO - Plant Based - Energy Bars - 2.4 oz. (12 Pack)</p><p>$15.17 ($0.53 / Ounce)</p><a href="https://www.amazon.com/dp/B004XEDS5I?tag=eloabder-20&linkCode=osi&th=1&psc=1">View Product</a></div><div class="product"><a href="https://www.amazon.com/dp/B07HHK51J9?tag=eloabder-20&linkCode=osi&th=1&psc=1"><img src="https://m.media-amazon.com/images/I/41h0pofx49L._SL500_.jpg" alt="Product Image"></a><p>Quantum Energy Square: Energy Bar with Caffeine & 10g Protein. Delicious Healthy Snack On The Go. (Vegan, Gluten-free, Soy-free, Dairy-free). Flavor: Variety 8Pk</p><p>$19.95 ($1.48 / Ounce)</p><a href="https://www.amazon.com/dp/B07HHK51J9?tag=eloabder-20&linkCode=osi&th=1&psc=1">View Product</a></div><div class="product"><a href="https://www.amazon.com/dp/B0BY3NL6N3?tag=eloabder-20&linkCode=osi&th=1&psc=1"><img src="https://m.media-amazon.com/images/I/61a84haNQXL._SL500_.jpg" alt="Product Image"></a><p>Atkins Soft Baked Energy Bars, Blueberry, 15g Protein,2g Sugar, Excellent Source of Fiber, Low Carb, 4 Packs (5 Bars Each)</p><p>$40.00 ($2.00 / Count)</p><a href="https://www.amazon.com/dp/B0BY3NL6N3?tag=eloabder-20&linkCode=osi&th=1&psc=1">View Product</a></div><div class="product"><a href="https://www.amazon.com/dp/B0767X1YGZ?tag=eloabder-20&linkCode=osi&th=1&psc=1"><img src="https://m.media-amazon.com/images/I/41wLM+HSd7L._SL500_.jpg" alt="Product Image"></a><p>SKRATCH LABS Energy Bar | Cherry + Pistachio (12 pack) | Plant Based Healthy Snack | Low Sugar - 5g Protein | non-gmo, gluten free, soy free, vegan, kosher</p><p>$29.95 ($1.41 / Ounce)</p><a href="https://www.amazon.com/dp/B0767X1YGZ?tag=eloabder-20&linkCode=osi&th=1&psc=1">View Product</a></div>
<div class="product"><a href="https://www.amazon.com/dp/B00819SSGK?tag=eloabder-20&linkCode=osi&th=1&psc=1"><img src="https://m.media-amazon.com/images/I/51OoPlQlUFL._SL500_.jpg" alt="Product Image"></a><p>Orville Redenbacher's Original Gourmet Popping Corn Kernels, 8 lb.</p><p>$13.28 ($0.10 / Ounce)</p><a href="https://www.amazon.com/dp/B00819SSGK?tag=eloabder-20&linkCode=osi&th=1&psc=1">View Product</a></div><div class="product"><a href="https://www.amazon.com/dp/B0C8QMKF7K?tag=eloabder-20&linkCode=osi&th=1&psc=1"><img src="https://m.media-amazon.com/images/I/41Q1zRw163L._SL500_.jpg" alt="Product Image"></a><p>Extra Buttery Caramel Gourmet Popcorn | 6 Cups Total | Made From Scratch, Made in USA, & GMO-Free | Great as a Snack, Gift, Thank You, & Movie Night - (10.8oz Total)</p><p>$8.99 ($0.83 / Ounce)</p><a href="https://www.amazon.com/dp/B0C8QMKF7K?tag=eloabder-20&linkCode=osi&th=1&psc=1">View Product</a></div><div class="product"><a href="https://www.amazon.com/dp/B0CKLW62T5?tag=eloabder-20&linkCode=osi&th=1&psc=1"><img src="https://m.media-amazon.com/images/I/51UzqTDjfaL._SL500_.jpg" alt="Product Image"></a><p>Garrett Popcorn Garrett Mix, 6.0oz, 4 Bags, Cheese and Caramel Gourmet Popcorn, Gluten Free, Sweet and Salty Snack, Popped Popcorn Bags</p><p>$24.95 ($1.04 / Ounce)</p><a href="https://www.amazon.com/dp/B0CKLW62T5?tag=eloabder-20&linkCode=osi&th=1&psc=1">View Product</a></div><div class="product"><a href="https://www.amazon.com/dp/B07JN5467R?tag=eloabder-20&linkCode=osi&th=1&psc=1"><img src="https://m.media-amazon.com/images/I/51vsJLZ79WL._SL500_.jpg" alt="Product Image"></a><p>Urban Accents MOVIE NIGHT Popcorn Kernels and Popcorn Seasoning Variety Pack (set of 8) - 3 Non-GMO Popcorn Kernel Packs and 5 Gourmet Popcorn Snack Seasoning</p><p>$22.00 ($1.01 / Ounce)</p><a href="https://www.amazon.com/dp/B07JN5467R?tag=eloabder-20&linkCode=osi&th=1&psc=1">View Product</a></div><div class="product"><a href="https://www.amazon.com/dp/B0C9592XTW?tag=eloabder-20&linkCode=osi&th=1&psc=1"><img src="https://m.media-amazon.com/images/I/41DvOymNLML._SL500_.jpg" alt="Product Image"></a><p>Funky Chunky Gourmet Popcorn, Chocolatey Popcorn, Pretzel, and Nutty Mixes, Peanut Butter Cup Popcorn, 19-Ounce Large Bag (Pack of 1)</p><p>$15.00 ($0.79 / Ounce)</p><a href="https://www.amazon.com/dp/B0C9592XTW?tag=eloabder-20&linkCode=osi&th=1&psc=1">View Product</a></div><div class="product"><a href="https://www.amazon.com/dp/B0D3FH1GW4?tag=eloabder-20&linkCode=osi&th=1&psc=1"><img src="https://m.media-amazon.com/images/I/51hBtOn2I4L._SL500_.jpg" alt="Product Image"></a><p>Garrett Popcorn Garrett Mix, 1.9oz, 12 Bags, Cheese and Caramel Gourmet Popcorn, Gluten Free, Sweet and Salty Snack Bags, Popped Popcorn Bags, Multipack</p><p>$29.95 ($1.31 / Ounce)</p><a href="https://www.amazon.com/dp/B0D3FH1GW4?tag=eloabder-20&linkCode=osi&th=1&psc=1">View Product</a></div><div class="product"><a href="https://www.amazon.com/dp/B00Q0PWE7Q?tag=eloabder-20&linkCode=osi&th=1&psc=1"><img src="https://m.media-amazon.com/images/I/51jM1d0eF8L._SL500_.jpg" alt="Product Image"></a><p>Popcornopolis Gourmet Caramel Corn Popcorn, Popped Popcorn Snack Bags 9.5 Oz</p><p>$8.99 ($0.95 / Ounce)</p><a href="https://www.amazon.com/dp/B00Q0PWE7Q?tag=eloabder-20&linkCode=osi&th=1&psc=1">View Product</a></div><div class="product"><a href="https://www.amazon.com/dp/B00D2H6LOW?tag=eloabder-20&linkCode=osi&th=1&psc=1"><img src="https://m.media-amazon.com/images/I/41iePRgsY5L._SL500_.jpg" alt="Product Image"></a><p>Thatcher's Gourmet Specialties Fruit Medley, 8 Oz (Pack of 1)</p><p>$6.25 ($0.78 / Ounce)</p><a href="https://www.amazon.com/dp/B00D2H6LOW?tag=eloabder-20&linkCode=osi&th=1&psc=1">View Product</a></div>
<div class="product"><a href="https://www.amazon.com/dp/B07ZXN7LPC?tag=eloabder-20&linkCode=osi&th=1&psc=1"><img src="https://m.media-amazon.com/images/I/51YkD3V1JyL._SL500_.jpg" alt="Product Image"></a><p>Mantova Organic Italian Specialty Pasta, Caserecce (2 packs of 1 lb. each) - Artisan Pasta, Non-GMO, Vegan, Kosher Certified, and Imported From Italy, Premium Quality</p><p>$12.99 ($0.41 / Ounce)</p><a href="https://www.amazon.com/dp/B07ZXN7LPC?tag=eloabder-20&linkCode=osi&th=1&psc=1">View Product</a></div><div class="product"><a href="https://www.amazon.com/dp/B01F2Z8ZOU?tag=eloabder-20&linkCode=osi&th=1&psc=1"><img src="https://m.media-amazon.com/images/I/51MK8iWLCgL._SL500_.jpg" alt="Product Image"></a><p>Mantova Organic Italian Specialty Pasta, Lumaconi, 1 lb (Pack of 2)</p><p>$13.99 ($0.87 / Ounce)</p><a href="https://www.amazon.com/dp/B01F2Z8ZOU?tag=eloabder-20&linkCode=osi&th=1&psc=1">View Product</a></div><div class="product"><a href="https://www.amazon.com/dp/B004N5HA6A?tag=eloabder-20&linkCode=osi&th=1&psc=1"><img src="https://m.media-amazon.com/images/I/517oR0RhHgL._SL500_.jpg" alt="Product Image"></a><p>Morelli Gourmet Pasta Italian Gift Basket From Italy - Tricolor Pasta Linguine Set - Red Chili, Garlic & Basil, and Lemon Pasta - Tricolored Organic Pasta from Italy, Made in Italy (3x 8.8 Ounce)</p><p>$31.99 ($1.21 / Ounce)</p><a href="https://www.amazon.com/dp/B004N5HA6A?tag=eloabder-20&linkCode=osi&th=1&psc=1">View Product</a></div><div class="product"><a href="https://www.amazon.com/dp/B00I8R5HSW?tag=eloabder-20&linkCode=osi&th=1&psc=1"><img src="https://m.media-amazon.com/images/I/41miThBoNtL._SL500_.jpg" alt="Product Image"></a><p>Mafaldine Italian Pasta di Gragnano | I.G.P. Protected | USDA Certified Organic | 17.6 Ounce | 500 Gram</p><p>$12.95 ($0.73 / Ounce)</p><a href="https://www.amazon.com/dp/B00I8R5HSW?tag=eloabder-20&linkCode=osi&th=1&psc=1">View Product</a></div><div class="product"><a href="https://www.amazon.com/dp/B0B1469JM5?tag=eloabder-20&linkCode=osi&th=1&psc=1"><img src="https://m.media-amazon.com/images/I/51spzGwiJ9L._SL500_.jpg" alt="Product Image"></a><p>Morelli Busiate, Pici, and Bucatini Organic Pasta Variety Pack - Imported Italian Pasta Sampler - Specialty Assortment Includes Three-17.6 oz Packages of Gourmet Pasta from Italy</p><p>$39.99 ($0.76 / Ounce)</p><a href="https://www.amazon.com/dp/B0B1469JM5?tag=eloabder-20&linkCode=osi&th=1&psc=1">View Product</a></div><div class="product"><a href="https://www.amazon.com/dp/B083X2P94L?tag=eloabder-20&linkCode=osi&th=1&psc=1"><img src="https://m.media-amazon.com/images/I/51APpkv+ImL._SL500_.jpg" alt="Product Image"></a><p>Pasta Deliziosa! Handcrafted Pasta Variety Pack, All Flavors, 12 Ounce (Pack of 6)</p><p>$38.99 ($3.25 / Ounce)</p><a href="https://www.amazon.com/dp/B083X2P94L?tag=eloabder-20&linkCode=osi&th=1&psc=1">View Product</a></div><div class="product"><a href="https://www.amazon.com/dp/B0793LPXRN?tag=eloabder-20&linkCode=osi&th=1&psc=1"><img src="https://m.media-amazon.com/images/I/41zIY0jxDdL._SL500_.jpg" alt="Product Image"></a><p>La Molisana Pasta Anellini Siciliani, 16 oz</p><p>$6.95 ($0.43 / Ounce)</p><a href="https://www.amazon.com/dp/B0793LPXRN?tag=eloabder-20&linkCode=osi&th=1&psc=1">View Product</a></div><div class="product"><a href="https://www.amazon.com/dp/B006ODJEBS?tag=eloabder-20&linkCode=osi&th=1&psc=1"><img src="https://m.media-amazon.com/images/I/51x4T3SOw1L._SL500_.jpg" alt="Product Image"></a><p>La Molisana Pasta Fusilli Bucati Cort, 1 Pound (Pack of 1)</p><p>$7.99 ($0.05 / Ounce)</p><a href="https://www.amazon.com/dp/B006ODJEBS?tag=eloabder-20&linkCode=osi&th=1&psc=1">View Product</a></div><div class="product"><a href="https://www.amazon.com/dp/B0095F92HS?tag=eloabder-20&linkCode=osi&th=1&psc=1"><img src="https://m.media-amazon.com/images/I/51IXE-gW1gL._SL500_.jpg" alt="Product Image"></a><p>De Cecco Pasta, Egg Pappardelle, 8.8 Ounce</p><p>$2.50 ($0.28 / Ounce)</p><a href="https://www.amazon.com/dp/B0095F92HS?tag=eloabder-20&linkCode=osi&th=1&psc=1">View Product</a></div><div class="product"><a href="https://www.amazon.com/dp/B000LRH8AM?tag=eloabder-20&linkCode=osi&th=1&psc=1"><img src="https://m.media-amazon.com/images/I/517Gsx3xbQL._SL500_.jpg" alt="Product Image"></a><p>RiceSelect Tri-Color Orzo Rice-Shaped Pasta, Premium Spinach- and Tomato-Flavored Non-GMO Orzo Pasta, 32-Ounce Jar</p><p>$7.29 ($0.28 / Ounce)</p><a href="https://www.amazon.com/dp/B000LRH8AM?tag=eloabder-20&linkCode=osi&th=1&psc=1">View Product</a></div>
<div class="product"><a href="https://www.amazon.com/dp/B00LUK2TGC?tag=eloabder-20&linkCode=osi&th=1&psc=1"><img src="https://m.media-amazon.com/images/I/51-6ifc3VmL._SL500_.jpg" alt="Product Image"></a><p>The Gourmet Choice Gift Basket by Wine Country Gift Baskets</p><p>$83.35</p><a href="https://www.amazon.com/dp/B00LUK2TGC?tag=eloabder-20&linkCode=osi&th=1&psc=1">View Product</a></div><div class="product"><a href="https://www.amazon.com/dp/B009LHPJ1S?tag=eloabder-20&linkCode=osi&th=1&psc=1"><img src="https://m.media-amazon.com/images/I/51cf0AEkjgL._SL500_.jpg" alt="Product Image"></a><p>Wine Country Gift Baskets Gourmet Feast Perfect For Family, Friends, Co-Workers, Loved Ones and Clients</p><p>$59.95</p><a href="https://www.amazon.com/dp/B009LHPJ1S?tag=eloabder-20&linkCode=osi&th=1&psc=1">View Product</a></div><div class="product"><a href="https://www.amazon.com/dp/B004D9XYWU?tag=eloabder-20&linkCode=osi&th=1&psc=1"><img src="https://m.media-amazon.com/images/I/515H6eRSagL._SL500_.jpg" alt="Product Image"></a><p>A Gift Inside Chocolate, Caramel and Crunch Grand Gift Basket</p><p>$42.95</p><a href="https://www.amazon.com/dp/B004D9XYWU?tag=eloabder-20&linkCode=osi&th=1&psc=1">View Product</a></div><div class="product"><a href="https://www.amazon.com/dp/B00BY78O7Y?tag=eloabder-20&linkCode=osi&th=1&psc=1"><img src="https://m.media-amazon.com/images/I/51sFeewMqVL._SL500_.jpg" alt="Product Image"></a><p>The Bon Appetit Gourmet Gift Basket by Wine Country Gift Baskets Gift for Families College Students Appreciation Thank You Congratulations Get Well Soon Care Package</p><p>$49.95</p><a href="https://www.amazon.com/dp/B00BY78O7Y?tag=eloabder-20&linkCode=osi&th=1&psc=1">View Product</a></div><div class="product"><a href="https://www.amazon.com/dp/B07CHSN691?tag=eloabder-20&linkCode=osi&th=1&psc=1"><img src="https://m.media-amazon.com/images/I/51-Qvkf4yFL._SL500_.jpg" alt="Product Image"></a><p>Dried Fruit Gift Basket– Healthy Gourmet Snack Box - Holiday Food Tray - Variety Snacks - Birthday, Sympathy, Mom, Dad, Corporate Tray - Bonnie & Pop</p><p>$37.99</p><a href="https://www.amazon.com/dp/B07CHSN691?tag=eloabder-20&linkCode=osi&th=1&psc=1">View Product</a></div><div class="product"><a href="https://www.amazon.com/dp/B00FBGKCHE?tag=eloabder-20&linkCode=osi&th=1&psc=1"><img src="https://m.media-amazon.com/images/I/51anmoX7EkL._SL500_.jpg" alt="Product Image"></a><p>Broadway Basketeers Chocolate Gift Basket Snack Gifts for Women, Men, Families, College, Appreciation, Thank You, Birthday, Corporate, Get Well Soon, Sympathy Care Package</p><p>$48.70 ($48.70 / Count)</p><a href="https://www.amazon.com/dp/B00FBGKCHE?tag=eloabder-20&linkCode=osi&th=1&psc=1">View Product</a></div><div class="product"><a href="https://www.amazon.com/dp/B00BY78O60?tag=eloabder-20&linkCode=osi&th=1&psc=1"><img src="https://m.media-amazon.com/images/I/51vKfvc7JTL._SL500_.jpg" alt="Product Image"></a><p>Wine Country Gift Baskets The Connoisseur Gourmet Gift Basket Food Gift Basket for Families College Students Appreciation Thank You Congratulations Get Well Soon Care Package</p><p>$56.36</p><a href="https://www.amazon.com/dp/B00BY78O60?tag=eloabder-20&linkCode=osi&th=1&psc=1">View Product</a></div><div class="product"><a href="https://www.amazon.com/dp/B07FT598PM?tag=eloabder-20&linkCode=osi&th=1&psc=1"><img src="https://m.media-amazon.com/images/I/51OJVHYoRsL._SL500_.jpg" alt="Product Image"></a><p>Wine Country Gift Baskets Gourmet Deluxe Gift Basket</p><p>$99.95</p><a href="https://www.amazon.com/dp/B07FT598PM?tag=eloabder-20&linkCode=osi&th=1&psc=1">View Product</a></div>
<div class="product"><a href="https://www.amazon.com/dp/B0B5ZTZL6G?tag=eloabder-20&linkCode=osi&th=1&psc=1"><img src="https://m.media-amazon.com/images/I/51rZYLnRlVL._SL500_.jpg" alt="Product Image"></a><p>Reinmoson Tea Strainers for Loose Tea, Extra Fine Mesh Tea Infuser, 304 Stainless Steel & Updated Slim Threaded Lid, Loose Leaf Tea Steeper for Black Tea, Rooibos, etc</p><p>$9.99</p><a href="https://www.amazon.com/dp/B0B5ZTZL6G?tag=eloabder-20&linkCode=osi&th=1&psc=1">View Product</a></div><div class="product"><a href="https://www.amazon.com/dp/B00SBTK5KW?tag=eloabder-20&linkCode=osi&th=1&psc=1"><img src="https://m.media-amazon.com/images/I/414cqIbd9eL._SL500_.jpg" alt="Product Image"></a><p>Tea Forte Single Steeps Loose Leaf Lotus Tea Sampler, Assorted Variety Tea Box, Serve Pouches,15 Count (Pack of 1)</p><p>$18.00 ($9.33 / Ounce)</p><a href="https://www.amazon.com/dp/B00SBTK5KW?tag=eloabder-20&linkCode=osi&th=1&psc=1">View Product</a></div><div class="product"><a href="https://www.amazon.com/dp/B08VMR4MXN?tag=eloabder-20&linkCode=osi&th=1&psc=1"><img src="https://m.media-amazon.com/images/I/51qQv4-VV3L._SL500_.jpg" alt="Product Image"></a><p>Twinings Tea Sampler Set 12 Flavors Assortment 48 Assorted Tea Bags with 20 Honey Sticks for Tea, Straws and Naturally Caffeine Free Herbal Tea Set…</p><p>$22.96 ($22.96 / Count)</p><a href="https://www.amazon.com/dp/B08VMR4MXN?tag=eloabder-20&linkCode=osi&th=1&psc=1">View Product</a></div><div class="product"><a href="https://www.amazon.com/dp/B074T2FWJY?tag=eloabder-20&linkCode=osi&th=1&psc=1"><img src="https://m.media-amazon.com/images/I/41n1uoomGAL._SL500_.jpg" alt="Product Image"></a><p>10Pcs Heart Tea Infuser for Loose Leaf Tea Steeper - Tea Diffusers for Loose Tea Leaf Steeper Tea Strainers for Loose Tea Infuser Spoon - Tea Steeper for Loose Tea Strainer Heart Shaped Tea Infuser</p><p>$9.98 ($1.00 / Count)</p><a href="https://www.amazon.com/dp/B074T2FWJY?tag=eloabder-20&linkCode=osi&th=1&psc=1">View Product</a></div><div class="product"><a href="https://www.amazon.com/dp/B074L4MZRY?tag=eloabder-20&linkCode=osi&th=1&psc=1"><img src="https://m.media-amazon.com/images/I/418v4F8ZhkL._SL500_.jpg" alt="Product Image"></a><p>VAHDAM Perfect Measure Loose Leaf Tea Spoon | Premium Quality Stainless Steel Tea Scoop | Perfect Measuring Teaspoons To Brew 1 Cup Of Loose Leaf Tea & Matcha</p><p>$7.99</p><a href="https://www.amazon.com/dp/B074L4MZRY?tag=eloabder-20&linkCode=osi&th=1&psc=1">View Product</a></div><div class="product"><a href="https://www.amazon.com/dp/B09FF6P7BL?tag=eloabder-20&linkCode=osi&th=1&psc=1"><img src="https://m.media-amazon.com/images/I/41oGPC0w7ML._SL500_.jpg" alt="Product Image"></a><p>Cute Tea Infuser by OTOTO - Loose Leaf Tea Steeper, Tea Accessories, Tea Diffusers, Tea Infuser for Loose Leaf Tea, Tea Strainers, Cute Gifts, Tea Gift Set, Kitchen Gifts, Cooking Gadgets</p><p>$14.95</p><a href="https://www.amazon.com/dp/B09FF6P7BL?tag=eloabder-20&linkCode=osi&th=1&psc=1">View Product</a></div><div class="product"><a href="https://www.amazon.com/dp/B072XP4FQK?tag=eloabder-20&linkCode=osi&th=1&psc=1"><img src="https://m.media-amazon.com/images/I/31Lfv+7oU6L._SL500_.jpg" alt="Product Image"></a><p>Tea Infuser (Set of 2 Pyramid & Square) with Tea Scoop | Ultra Fine Tea Strainer for Loose Leaf Tea | Stainless Steel Tea Steeper for a Superior Brewing Experience</p><p>$9.99</p><a href="https://www.amazon.com/dp/B072XP4FQK?tag=eloabder-20&linkCode=osi&th=1&psc=1">View Product</a></div><div class="product"><a href="https://www.amazon.com/dp/B0D2SCT4C4?tag=eloabder-20&linkCode=osi&th=1&psc=1"><img src="https://m.media-amazon.com/images/I/51vJnfc4-JL._SL500_.jpg" alt="Product Image"></a><p>Organic Tea Gift Set with Portable Kettle - 36 Piece Tea Gifts for Tea Lovers - Includes Insulated Mug, Assorted Organic Teas, Honey Sticks & Tea Accessories - Ultimate Brewing Experience</p><p>$56.90</p><a href="https://www.amazon.com/dp/B0D2SCT4C4?tag=eloabder-20&linkCode=osi&th=1&psc=1">View Product</a></div>
<div class="product"><a href="https://www.amazon.com/dp/B01NAV05XS?tag=eloabder-20&linkCode=osi&th=1&psc=1"><img src="https://m.media-amazon.com/images/I/51xpd-egLaL._SL500_.jpg" alt="Product Image"></a><p>Torani Variety Pack Caramel, French Vanilla, Vanilla & Hazelnut, 25.4 Ounces (Pack of 4)</p><p>$35.99 ($0.35 / Fl Oz)</p><a href="https://www.amazon.com/dp/B01NAV05XS?tag=eloabder-20&linkCode=osi&th=1&psc=1">View Product</a></div><div class="product"><a href="https://www.amazon.com/dp/B084NVN1J6?tag=eloabder-20&linkCode=osi&th=1&psc=1"><img src="https://m.media-amazon.com/images/I/51Vz7p8hhyL._SL500_.jpg" alt="Product Image"></a><p>Bones Coffee Company Cookies 'N Dreams Coffee Beans, Cookies & Cream Flavor, Low Acid Flavored Coffee, Made with Arabica Coffee Beans, Medium Roast Gourmet Coffee (12 oz)</p><p>$17.99 ($1.50 / Ounce)</p><a href="https://www.amazon.com/dp/B084NVN1J6?tag=eloabder-20&linkCode=osi&th=1&psc=1">View Product</a></div><div class="product"><a href="https://www.amazon.com/dp/B0C2DHCBD6?tag=eloabder-20&linkCode=osi&th=1&psc=1"><img src="https://m.media-amazon.com/images/I/51wa33jmF7L._SL500_.jpg" alt="Product Image"></a><p>Torani Puremade Sauce Variety Pack, 4 Flavors, 16.5 Ounces Bottle (Set of 4)</p><p>$25.99 ($0.39 / Ounce)</p><a href="https://www.amazon.com/dp/B0C2DHCBD6?tag=eloabder-20&linkCode=osi&th=1&psc=1">View Product</a></div><div class="product"><a href="https://www.amazon.com/dp/B000S75D66?tag=eloabder-20&linkCode=osi&th=1&psc=1"><img src="https://m.media-amazon.com/images/I/41AZMaoxbWL._SL500_.jpg" alt="Product Image"></a><p>illy Ground Coffee Moka - 100% Arabica Flavored Coffee Ground - Rich Aromatic Coffee Grounds Profile – Classico Medium Roast - Notes of Caramel, Orange Blossom & Jasmine - No Preservatives – 8.8 Ounce</p><p>$13.85 ($1.57 / Ounce)</p><a href="https://www.amazon.com/dp/B000S75D66?tag=eloabder-20&linkCode=osi&th=1&psc=1">View Product</a></div><div class="product"><a href="https://www.amazon.com/dp/B0BBY6V5T3?tag=eloabder-20&linkCode=osi&th=1&psc=1"><img src="https://m.media-amazon.com/images/I/515wvEFTD7L._SL500_.jpg" alt="Product Image"></a><p>Bones Coffee Company NEW World Tour Sample Pack | Ground Coffee Beans Sampler Gift Box Set | 4 oz Pack of 5 Assorted Single-Origin Gourmet Coffee Gifts | Medium Roast Coffee Beverages (Ground)</p><p>$34.99 ($1.75 / Ounce)</p><a href="https://www.amazon.com/dp/B0BBY6V5T3?tag=eloabder-20&linkCode=osi&th=1&psc=1">View Product</a></div>

<div class="product"><a href="https://www.amazon.com/dp/B01E4C982U?tag=eloabder-20&linkCode=osi&th=1&psc=1"><img src="https://m.media-amazon.com/images/I/51nAunBrSiL._SL500_.jpg" alt="Product Image"></a><p>Green Tea leaves Sencha, JAS Certified Organic, Japanese Tea, Uji-Kyoto, 80g Bag 【YAMASAN】</p><p>$14.70 ($5.25 / Ounce)</p><a href="https://www.amazon.com/dp/B01E4C982U?tag=eloabder-20&linkCode=osi&th=1&psc=1">View Product</a></div><div class="product"><a href="https://www.amazon.com/dp/B000SARJF6?tag=eloabder-20&linkCode=osi&th=1&psc=1"><img src="https://m.media-amazon.com/images/I/51hE2hmSzuL._SL500_.jpg" alt="Product Image"></a><p>Davidson's Tea Bulk, English Breakfast, 16 Ounce</p><p>$15.99 ($1.00 / Ounce)</p><a href="https://www.amazon.com/dp/B000SARJF6?tag=eloabder-20&linkCode=osi&th=1&psc=1">View Product</a></div><div class="product"><a href="https://www.amazon.com/dp/B008FOLQRE?tag=eloabder-20&linkCode=osi&th=1&psc=1"><img src="https://m.media-amazon.com/images/I/51F0rcvhhvL._SL500_.jpg" alt="Product Image"></a><p>Traditional Medicinals Organic Raspberry Leaf Herbal Tea, Eases Menstrual Cramps & Supports Healthy Pregnancy, (Pack of 1) - 16 Tea Bags</p><p>$4.92 ($5.79 / Ounce)</p><a href="https://www.amazon.com/dp/B008FOLQRE?tag=eloabder-20&linkCode=osi&th=1&psc=1">View Product</a></div><div class="product"><a href="https://www.amazon.com/dp/B00136MKEO?tag=eloabder-20&linkCode=osi&th=1&psc=1"><img src="https://m.media-amazon.com/images/I/41Ll68Q3iLL._SL500_.jpg" alt="Product Image"></a><p>Ahmad Tea Earl Grey Aromatic Loose Tea, Ceylon Caddy, 17.6 Oz</p><p>$14.87 ($0.84 / Ounce)</p><a href="https://www.amazon.com/dp/B00136MKEO?tag=eloabder-20&linkCode=osi&th=1&psc=1">View Product</a></div><div class="product"><a href="https://www.amazon.com/dp/B087G3NQGN?tag=eloabder-20&linkCode=osi&th=1&psc=1"><img src="https://m.media-amazon.com/images/I/51wev+SayvL._SL500_.jpg" alt="Product Image"></a><p>TIAN HU SHAN Premium Green Tea Loose Leaf 16 Ounce (454g)</p><p>$14.98 ($0.94 / Ounce)</p><a href="https://www.amazon.com/dp/B087G3NQGN?tag=eloabder-20&linkCode=osi&th=1&psc=1">View Product</a></div><div class="product"><a href="https://www.amazon.com/dp/B007Y94GN2?tag=eloabder-20&linkCode=osi&th=1&psc=1"><img src="https://m.media-amazon.com/images/I/51hqdPaNJYL._SL500_.jpg" alt="Product Image"></a><p>The Tao of Tea, Hibiscus Ginger Tea, Loose Leaf, 3.0 Ounce Tin to make 50 cups</p><p>$10.90 ($3.63 / Ounce)</p><a href="https://www.amazon.com/dp/B007Y94GN2?tag=eloabder-20&linkCode=osi&th=1&psc=1">View Product</a></div><div class="product"><a href="https://www.amazon.com/dp/B0D3WN5RG3?tag=eloabder-20&linkCode=osi&th=1&psc=1"><img src="https://m.media-amazon.com/images/I/5109jIe8NoL._SL500_.jpg" alt="Product Image"></a><p>Mevlana Ceylon Tea, Loose Leaf, 1 Lbs - Best Ceylon Black Tea Leaves from Sri Lanka - Loose Leaf Black Tea</p><p>$14.99 ($0.94 / Ounce)</p><a href="https://www.amazon.com/dp/B0D3WN5RG3?tag=eloabder-20&linkCode=osi&th=1&psc=1">View Product</a></div><div class="product"><a href="https://www.amazon.com/dp/B087G345SM?tag=eloabder-20&linkCode=osi&th=1&psc=1"><img src="https://m.media-amazon.com/images/I/51gQfgKqklL._SL500_.jpg" alt="Product Image"></a><p>TIAN HU SHAN Premium Oolong Tea Loose Leaf 14 Ounce (400g)</p><p>$14.99 ($1.07 / Ounce)</p><a href="https://www.amazon.com/dp/B087G345SM?tag=eloabder-20&linkCode=osi&th=1&psc=1">View Product</a></div>
<div class="product"><a href="https://www.amazon.com/dp/B08XWVFTKS?tag=eloabder-20&linkCode=osi&th=1&psc=1"><img src="https://m.media-amazon.com/images/I/41hJk3cTdnL._SL500_.jpg" alt="Product Image"></a><p>Lindt Gourmet Chocolate Truffles Gift Box, Assorted Chocolate Truffles, Great for gift giving, 14.7 Ounces</p><p>$24.99 ($1.70 / Ounce)</p><a href="https://www.amazon.com/dp/B08XWVFTKS?tag=eloabder-20&linkCode=osi&th=1&psc=1">View Product</a></div>
<div class="product"><a href="https://www.amazon.com/dp/B0CJ3XYPV3?tag=eloabder-20&linkCode=osi&th=1&psc=1"><img src="https://m.media-amazon.com/images/I/519ufxoFyDL._SL500_.jpg" alt="Product Image"></a><p>Blue House VARIETY Handcrafted Gourmet Caramel Candies Gift Box, Maple, Raspberry, Coffee, and Sea Salt</p><p>$26.98 ($1.35 / Count)</p><a href="https://www.amazon.com/dp/B0CJ3XYPV3?tag=eloabder-20&linkCode=osi&th=1&psc=1">View Product</a></div><div class="product"><a href="https://www.amazon.com/dp/B06VW4Z7B1?tag=eloabder-20&linkCode=osi&th=1&psc=1"><img src="https://m.media-amazon.com/images/I/516NdD4b5nL._SL500_.jpg" alt="Product Image"></a><p>BALI'S BEST Coffee Candy - Original Flavor | 1lb Jar | Rich, Smooth Taste | Indulge in Gourmet Coffee Delight - For Coffee Lovers, Delicious Treat for Any Occasion</p><p>$9.87 ($0.62 / Ounce)</p><a href="https://www.amazon.com/dp/B06VW4Z7B1?tag=eloabder-20&linkCode=osi&th=1&psc=1">View Product</a></div><div class="product"><a href="https://www.amazon.com/dp/B086N119VC?tag=eloabder-20&linkCode=osi&th=1&psc=1"><img src="https://m.media-amazon.com/images/I/41xKAcovvCS._SL500_.jpg" alt="Product Image"></a><p>Cerez Pazari Turkish Delight Candy with Assorted Mix Flavours 16 oz Gourmet Medium Size Snacks Gift Box | No Nuts Sweet Luxury Traditional Confectionery Vegan Lokum Loukoumi Approx.42 Pcs</p><p>$13.49 ($0.96 / Ounce)</p><a href="https://www.amazon.com/dp/B086N119VC?tag=eloabder-20&linkCode=osi&th=1&psc=1">View Product</a></div>
<div class="product"><a href="https://www.amazon.com/dp/B07CJLPR4P?tag=eloabder-20&linkCode=osi&th=1&psc=1"><img src="https://m.media-amazon.com/images/I/41vviwnqT4L._SL500_.jpg" alt="Product Image"></a><p>Funky Chunky Gourmet Popcorn Sampler Variety Pack with all 5 flavors: Sea Salt Caramel, Nutty Choco Pop, Peanut Butter Cup, Chip Zel Pop, and Chocolate Pretzel, 2 oz (5 Bags)</p><p>$20.00 ($2.00 / Ounce)</p><a href="https://www.amazon.com/dp/B07CJLPR4P?tag=eloabder-20&linkCode=osi&th=1&psc=1">View Product</a></div><div class="product"><a href="https://www.amazon.com/dp/B0CB1Q5YQ1?tag=eloabder-20&linkCode=osi&th=1&psc=1"><img src="https://m.media-amazon.com/images/I/61Xzv3ZgRIL._SL500_.jpg" alt="Product Image"></a><p>Italian Cracker Assortment - Pack of 30 - Snack Size Cracker Packs - Great Mother's Day Gift - Gourmet Artisan Cracker Variety Pack - Rosemary, Olive, Sesame, Poppy & Sesame, Pizza Flavors - Gourmet Crackers for Charcuterie Party - Cracker Gift Box - Kosher, Preservative Free</p><p>$29.99 ($34.01 / Ounce)</p><a href="https://www.amazon.com/dp/B0CB1Q5YQ1?tag=eloabder-20&linkCode=osi&th=1&psc=1">View Product</a></div><div class="product"><a href="https://www.amazon.com/dp/B0BLMMSPLW?tag=eloabder-20&linkCode=osi&th=1&psc=1"><img src="https://m.media-amazon.com/images/I/61jdT7ZVojL._SL500_.jpg" alt="Product Image"></a><p>International Snack Box, 30 Pcs Premium Foreign Rare Snack Food Gifts with Suprise Item,European Snacks for Adults and Kids for Easter Day</p><p>$39.95 ($0.62 / Ounce)</p><a href="https://www.amazon.com/dp/B0BLMMSPLW?tag=eloabder-20&linkCode=osi&th=1&psc=1">View Product</a></div><div class="product"><a href="https://www.amazon.com/dp/B07Z9SBTTC?tag=eloabder-20&linkCode=osi&th=1&psc=1"><img src="https://m.media-amazon.com/images/I/51P13LVLpjL._SL500_.jpg" alt="Product Image"></a><p>Sahale Snacks Glazed Mix Nut Blend Variety Pack, 1.5 Oz Grab & Go Bags (12 Total Packs) - Four Different Dry-Roasted Deluxe Mixed Nuts Blends Included - Non-GMO Kosher & Certified Gluten-Free Snacks</p><p>$42.20 ($2.34 / Ounce)</p><a href="https://www.amazon.com/dp/B07Z9SBTTC?tag=eloabder-20&linkCode=osi&th=1&psc=1">View Product</a></div><div class="product"><a href="https://www.amazon.com/dp/B00LAQ4Z1I?tag=eloabder-20&linkCode=osi&th=1&psc=1"><img src="https://m.media-amazon.com/images/I/41PkJ7khWFL._SL500_.jpg" alt="Product Image"></a><p>Sheila G's Brownie Brittle – Chocolate Chip & Salted Caramel Thin and Crispy Sweet Snacks (Pack of 20, 1 oz), Rich Gourmet Brownie Bites Dessert</p><p>$29.70 ($1.48 / Ounce)</p><a href="https://www.amazon.com/dp/B00LAQ4Z1I?tag=eloabder-20&linkCode=osi&th=1&psc=1">View Product</a></div><div class="product"><a href="https://www.amazon.com/dp/B09GW1NT5C?tag=eloabder-20&linkCode=osi&th=1&psc=1"><img src="https://m.media-amazon.com/images/I/613yB5WvmhL._SL500_.jpg" alt="Product Image"></a><p>CRAVEBOX Gourmet Specialty Snacks Box Care Package Boxes for College Students Adults Healthy Cookies Bar Organic Variety Gift Pack Assortment Basket Mix Sampler Treat Final Exam Office Men Women Halloween Back to School</p><p>$36.95 ($36.95 / Count)</p><a href="https://www.amazon.com/dp/B09GW1NT5C?tag=eloabder-20&linkCode=osi&th=1&psc=1">View Product</a></div>
<div class="product"><a href="https://www.amazon.com/dp/B00MPQ5ZOS?tag=eloabder-20&linkCode=osi&th=1&psc=1"><img src="https://m.media-amazon.com/images/I/51rC2bMIM5L._SL500_.jpg" alt="Product Image"></a><p>BetterBody Foods Organic Chia Seeds 2 lbs, 32 Oz, with Omega-3, Non-GMO, Gluten Free, Keto Diet Friendly, Vegan, Good Source of Fiber</p><p>$14.26 ($0.45 / Ounce)</p><a href="https://www.amazon.com/dp/B00MPQ5ZOS?tag=eloabder-20&linkCode=osi&th=1&psc=1">View Product</a></div><div class="product"><a href="https://www.amazon.com/dp/B000R7V3DE?tag=eloabder-20&linkCode=osi&th=1&psc=1"><img src="https://m.media-amazon.com/images/I/51YhGUGB+2L._SL500_.jpg" alt="Product Image"></a><p>Pacific Foods Organic Free Range Chicken Broth, 8 oz Carton (Pack of 4)</p><p>$3.39 ($0.11 / Fl Oz)</p><a href="https://www.amazon.com/dp/B000R7V3DE?tag=eloabder-20&linkCode=osi&th=1&psc=1">View Product</a></div><div class="product"><a href="https://www.amazon.com/dp/B073ZNGZ7F?tag=eloabder-20&linkCode=osi&th=1&psc=1"><img src="https://m.media-amazon.com/images/I/51PZf9bpVIL._SL500_.jpg" alt="Product Image"></a><p>BetterBody Foods Organic Quinoa, Vegan, Complete Plant Protein, Gluten Free, Low Glycemic Rice Replacement, 24 ounce</p><p>$15.63 ($0.65 / Fl Oz)</p><a href="https://www.amazon.com/dp/B073ZNGZ7F?tag=eloabder-20&linkCode=osi&th=1&psc=1">View Product</a></div><div class="product"><a href="https://www.amazon.com/dp/B01N3365YI?tag=eloabder-20&linkCode=osi&th=1&psc=1"><img src="https://m.media-amazon.com/images/I/41N0Mk2m0pL._SL500_.jpg" alt="Product Image"></a><p>NOW Foods, Organic Pumpkin Seeds, Raw and Unsalted, Excellent Source of Protein and Iron, Certified Non-GMO, Keto-Friendly Snack, 12-Ounce (Packaging May Vary)</p><p>$6.99 ($0.58 / Ounce)</p><a href="https://www.amazon.com/dp/B01N3365YI?tag=eloabder-20&linkCode=osi&th=1&psc=1">View Product</a></div><div class="product"><a href="https://www.amazon.com/dp/B0CMW5KTLL?tag=eloabder-20&linkCode=osi&th=1&psc=1"><img src="https://m.media-amazon.com/images/I/51skmBt-7dL._SL500_.jpg" alt="Product Image"></a><p>Kate’s Real Food Organic Granola Bars - Snack & Share Variety Pack (2.2 oz, Pack of 12) - Organic Energy Bars Made with Gluten Free Oats - Non GMO, Soy Free, Whole Grains, and All Natural</p><p>$33.88 ($1.28 / Ounce)</p><a href="https://www.amazon.com/dp/B0CMW5KTLL?tag=eloabder-20&linkCode=osi&th=1&psc=1">View Product</a></div><div class="product"><a href="https://www.amazon.com/dp/B008RLUXI8?tag=eloabder-20&linkCode=osi&th=1&psc=1"><img src="https://m.media-amazon.com/images/I/51cnqntGe8L._SL500_.jpg" alt="Product Image"></a><p>Annie's Organic Variety Pack, Cheddar Bunnies, Bunny Grahams and Cheddar Squares, 12 Pouches, 11 oz</p><p>$8.49 ($0.77 / Ounce)</p><a href="https://www.amazon.com/dp/B008RLUXI8?tag=eloabder-20&linkCode=osi&th=1&psc=1">View Product</a></div><div class="product"><a href="https://www.amazon.com/dp/B01IPZUZW4?tag=eloabder-20&linkCode=osi&th=1&psc=1"><img src="https://m.media-amazon.com/images/I/51F2XkB6b5L._SL500_.jpg" alt="Product Image"></a><p>BetterBody Foods Organic Cacao Powder, Rich Chocolate Flavor, Non-GMO, Gluten-Free, Cocoa, 16 ounce, 1 lb bag</p><p>$12.27 ($0.77 / Ounce)</p><a href="https://www.amazon.com/dp/B01IPZUZW4?tag=eloabder-20&linkCode=osi&th=1&psc=1">View Product</a></div><div class="product"><a href="https://www.amazon.com/dp/B016BC50VY?tag=eloabder-20&linkCode=osi&th=1&psc=1"><img src="https://m.media-amazon.com/images/I/51yOgUaWJ1L._SL500_.jpg" alt="Product Image"></a><p>Good Sense Roasted & Salted Organic Pumpkin Seeds (Pepitas), Non-GMO & All Natural, 6 Ounce Resealable Bag</p><p>$3.99 ($0.66 / Ounce)</p><a href="https://www.amazon.com/dp/B016BC50VY?tag=eloabder-20&linkCode=osi&th=1&psc=1">View Product</a></div><div class="product"><a href="https://www.amazon.com/dp/B0B5V77FSZ?tag=eloabder-20&linkCode=osi&th=1&psc=1"><img src="https://m.media-amazon.com/images/I/41qVxhNyX6L._SL500_.jpg" alt="Product Image"></a><p>Pacific Foods Organic Chicken and Wild Rice Soup, 16.3 oz Can</p><p>$2.87 ($0.18 / Ounce)</p><a href="https://www.amazon.com/dp/B0B5V77FSZ?tag=eloabder-20&linkCode=osi&th=1&psc=1">View Product</a></div>
<div class="product"><a href="https://www.amazon.com/dp/B00CBX8F3I?tag=eloabder-20&linkCode=osi&th=1&psc=1"><img src="https://m.media-amazon.com/images/I/51YgGi3uXNL._SL500_.jpg" alt="Product Image"></a><p>Glutino Gluten Free Table Crackers, Premium Squares, Original, 7 oz</p><p>$3.13 ($0.45 / Ounce)</p><a href="https://www.amazon.com/dp/B00CBX8F3I?tag=eloabder-20&linkCode=osi&th=1&psc=1">View Product</a></div><div class="product"><a href="https://www.amazon.com/dp/B0C64N6ZTC?tag=eloabder-20&linkCode=osi&th=1&psc=1"><img src="https://m.media-amazon.com/images/I/41jSEFaAtWL._SL500_.jpg" alt="Product Image"></a><p>Katz Gluten Free Toaster Pastries. Strawberry. Easy Breakfast Food Or Anytime Healthy Snacks For Adults & Kids. Gluten Free Snacks. Dairy Free, Nut Free, Peanut Free, Soy Free. Snacks For Adults Kosher Snacks. 8 OZ (Pack Of 2</p><p>$12.97 ($0.81 / Ounce)</p><a href="https://www.amazon.com/dp/B0C64N6ZTC?tag=eloabder-20&linkCode=osi&th=1&psc=1">View Product</a></div><div class="product"><a href="https://www.amazon.com/dp/B006OIWD7U?tag=eloabder-20&linkCode=osi&th=1&psc=1"><img src="https://m.media-amazon.com/images/I/51fcMhMMuFL._SL500_.jpg" alt="Product Image"></a><p>Kinnikinnick Gluten Free Angel Food Cake Mix, 16 Ounce</p><p>$9.00 ($0.56 / Ounce)</p><a href="https://www.amazon.com/dp/B006OIWD7U?tag=eloabder-20&linkCode=osi&th=1&psc=1">View Product</a></div><div class="product"><a href="https://www.amazon.com/dp/B00HKIBKQS?tag=eloabder-20&linkCode=osi&th=1&psc=1"><img src="https://m.media-amazon.com/images/I/41vcEf0YqVL._SL500_.jpg" alt="Product Image"></a><p>Lotus Foods Bulk Food Organic Millet & Brown Rice Ramen Noodles with Red Miso Soup, Gluten-Free Easy to Cook & Healthy Japanese Noodles with Instant Gourmet Broth, 2.8 Oz (Pack of 10)</p><p>$23.90 ($0.85 / Ounce)</p><a href="https://www.amazon.com/dp/B00HKIBKQS?tag=eloabder-20&linkCode=osi&th=1&psc=1">View Product</a></div><div class="product"><a href="https://www.amazon.com/dp/B09P8VQ62R?tag=eloabder-20&linkCode=osi&th=1&psc=1"><img src="https://m.media-amazon.com/images/I/517vF20bKYL._SL500_.jpg" alt="Product Image"></a><p>Gluten Free Sugar Free Butter Cookies 36 Count Traditional Danish Cookies, Premium Assorted Shortbread cookies for Diabetics (1 Pk, 11 Ounce)</p><p>$13.99 ($1.27 / Ounce)</p><a href="https://www.amazon.com/dp/B09P8VQ62R?tag=eloabder-20&linkCode=osi&th=1&psc=1">View Product</a></div><div class="product"><a href="https://www.amazon.com/dp/B07QFY8KVJ?tag=eloabder-20&linkCode=osi&th=1&psc=1"><img src="https://m.media-amazon.com/images/I/41A8K3x-WKL._SL500_.jpg" alt="Product Image"></a><p>Double Yolk Gluten Free Medium Egg Noodles,10 Ounce Bag (Pack of 2)</p><p>$20.00 ($1.00 / Ounce)</p><a href="https://www.amazon.com/dp/B07QFY8KVJ?tag=eloabder-20&linkCode=osi&th=1&psc=1">View Product</a></div><div class="product"><a href="https://www.amazon.com/dp/B017QPT0P2?tag=eloabder-20&linkCode=osi&th=1&psc=1"><img src="https://m.media-amazon.com/images/I/41bJSGh8ocS._SL500_.jpg" alt="Product Image"></a><p>Mom's Gluten Free Angel Food Cake Mix,1-Pack, Easy to Make, 12 Servings, Non GMO Delicious and Healthy Gluten Free Desserts</p><p>$9.99 ($0.55 / Ounce)</p><a href="https://www.amazon.com/dp/B017QPT0P2?tag=eloabder-20&linkCode=osi&th=1&psc=1">View Product</a></div>
<div class="product"><a href="https://www.amazon.com/dp/B08QG24L5V?tag=eloabder-20&linkCode=osi&th=1&psc=1"><img src="https://m.media-amazon.com/images/I/61+-HZ1es-L._SL500_.jpg" alt="Product Image"></a><p>Hellmann's Vegan Dressing and Spread Vegan 3 Ct for a Rich, Creamy Plant-Based Alternative to Mayo Same Great Taste, Plant Based, Free From Eggs 11.5 oz</p><p>$13.47 ($0.39 / Fl Oz)</p><a href="https://www.amazon.com/dp/B08QG24L5V?tag=eloabder-20&linkCode=osi&th=1&psc=1">View Product</a></div><div class="product"><a href="https://www.amazon.com/dp/B07PQ9D3WP?tag=eloabder-20&linkCode=osi&th=1&psc=1"><img src="https://m.media-amazon.com/images/I/519WO4YN0lL._SL500_.jpg" alt="Product Image"></a><p>Kapka Assorted Variety Indian Meals - 5 Pack - Ready to Eat Authentic Vegan Prepared Food - Just Add Water - Microwaveable Plant-Based Snacks for Breakfast, Lunch, Non-GMO, No Additives - 3.5oz Each</p><p>$22.99 ($1.31 / Ounce)</p><a href="https://www.amazon.com/dp/B07PQ9D3WP?tag=eloabder-20&linkCode=osi&th=1&psc=1">View Product</a></div><div class="product"><a href="https://www.amazon.com/dp/B093TNJY8D?tag=eloabder-20&linkCode=osi&th=1&psc=1"><img src="https://m.media-amazon.com/images/I/51imOXudzIL._SL500_.jpg" alt="Product Image"></a><p>TASTY BITE Mexican Protein Bowl, 8.8 Ounce, Pack of 6, Ready to Eat, Microwaveable, Vegan, 12g Plant Protein, Tangy Citrus</p><p>$21.96 ($0.42 / Ounce)</p><a href="https://www.amazon.com/dp/B093TNJY8D?tag=eloabder-20&linkCode=osi&th=1&psc=1">View Product</a></div><div class="product"><a href="https://www.amazon.com/dp/B0B23VJWWN?tag=eloabder-20&linkCode=osi&th=1&psc=1"><img src="https://m.media-amazon.com/images/I/519YN5vy+eL._SL500_.jpg" alt="Product Image"></a><p>Casa Verde | Variety flavours, 100% Natural food, Pack of 4, Real taste | 100% vegan & Non-GMO, Plant based, No preservatives</p><p>$26.99 ($0.77 / Ounce)</p><a href="https://www.amazon.com/dp/B0B23VJWWN?tag=eloabder-20&linkCode=osi&th=1&psc=1">View Product</a></div><div class="product"><a href="https://www.amazon.com/dp/B071JLJ9Q8?tag=eloabder-20&linkCode=osi&th=1&psc=1"><img src="https://m.media-amazon.com/images/I/51iqkJ5JbAL._SL500_.jpg" alt="Product Image"></a><p>Vegan Snacks Gift Basket for Adults Healthy Food Treats Variety Pack with Cookies, Protein Bars, Candy, Crispy Chips, Vegan Jerky, Fruit and Nut Blends - Ideal Vegan Snack Box Gift for Women & Men</p><p>$42.99 ($2.15 / Count)</p><a href="https://www.amazon.com/dp/B071JLJ9Q8?tag=eloabder-20&linkCode=osi&th=1&psc=1">View Product</a></div><div class="product"><a href="https://www.amazon.com/dp/B086PDWSNC?tag=eloabder-20&linkCode=osi&th=1&psc=1"><img src="https://m.media-amazon.com/images/I/51WO5dIKDjL._SL500_.jpg" alt="Product Image"></a><p>Kitchen & Love Best Sellers Variety Box 6-Pack | Vegan, Ready-to-Eat, No Refrigeration Required | Plant-Based, Gourmet Flavors</p><p>$27.99 ($0.59 / Ounce)</p><a href="https://www.amazon.com/dp/B086PDWSNC?tag=eloabder-20&linkCode=osi&th=1&psc=1">View Product</a></div><div class="product"><a href="https://www.amazon.com/dp/B08QG3CRNP?tag=eloabder-20&linkCode=osi&th=1&psc=1"><img src="https://m.media-amazon.com/images/I/617B3UIbxHL._SL500_.jpg" alt="Product Image"></a><p>Best Foods Vegan Dressing and Spread Vegan 1 ct for a Rich, Creamy Plant-Based Alternative to Mayo Same Great Taste, Plant Based, Free From Eggs 11.5 oz</p><p>$5.59 ($0.49 / Fl Oz)</p><a href="https://www.amazon.com/dp/B08QG3CRNP?tag=eloabder-20&linkCode=osi&th=1&psc=1">View Product</a></div><div class="product"><a href="https://www.amazon.com/dp/B09874VXSX?tag=eloabder-20&linkCode=osi&th=1&psc=1"><img src="https://m.media-amazon.com/images/I/51dRBp+9AzS._SL500_.jpg" alt="Product Image"></a><p>VEGAN VALLEY Cashew Nacho Cheeze Sauce, 14.5 oz - Shelf Stable, Tangy Vegan Nacho Cheeze -Certified Gluten-Free, Kosher, Dairy Free Cheeze -Non-GMO Plant-Based Cheeze Great As Vegan Pasta Sauce, Dip</p><p>$12.97 ($0.89 / Ounce)</p><a href="https://www.amazon.com/dp/B09874VXSX?tag=eloabder-20&linkCode=osi&th=1&psc=1">View Product</a></div><div class="product"><a href="https://www.amazon.com/dp/B076XR11WH?tag=eloabder-20&linkCode=osi&th=1&psc=1"><img src="https://m.media-amazon.com/images/I/41cpFCG2iiL._SL500_.jpg" alt="Product Image"></a><p>NOOCH IT! Fair Trade Dairy-Free Cashew Grated Cheeze | Vegan Parmesan ● Tasty Cheese Alternative | 4oz (Vegan "Parm", Gluten-Free)</p><p>$10.99 ($2.75 / Ounce)</p><a href="https://www.amazon.com/dp/B076XR11WH?tag=eloabder-20&linkCode=osi&th=1&psc=1">View Product</a></div>
<div class="product"><a href="https://www.amazon.com/dp/B09GFBR6MW?tag=eloabder-20&linkCode=osi&th=1&psc=1"><img src="https://m.media-amazon.com/images/I/51Jn8cqk0AL._SL500_.jpg" alt="Product Image"></a><p>Keto Almond Flour Crackers Variety Pack - Gluten Free, Low Carb, No Sugar</p><p>$14.99 ($2.22 / Ounce)</p><a href="https://www.amazon.com/dp/B09GFBR6MW?tag=eloabder-20&linkCode=osi&th=1&psc=1">View Product</a></div><div class="product"><a href="https://www.amazon.com/dp/B07TYW7CQ8?tag=eloabder-20&linkCode=osi&th=1&psc=1"><img src="https://m.media-amazon.com/images/I/51HQ0o0qxrL._SL500_.jpg" alt="Product Image"></a><p>Tillamook Country Smoker Keto Friendly Zero Sugar Smoked Sausages, Original, 10 Ounce</p><p>$11.49 ($1.15 / Ounce)</p><a href="https://www.amazon.com/dp/B07TYW7CQ8?tag=eloabder-20&linkCode=osi&th=1&psc=1">View Product</a></div><div class="product"><a href="https://www.amazon.com/dp/B09VXNV7ZZ?tag=eloabder-20&linkCode=osi&th=1&psc=1"><img src="https://m.media-amazon.com/images/I/51GQQjKLByL._SL500_.jpg" alt="Product Image"></a><p>Keto Strawberry Jam, No Sugar Added - Monk Fruit Sweetened, Gluten Free Spread from ChocZero, 12 oz</p><p>$9.99 ($0.83 / Ounce)</p><a href="https://www.amazon.com/dp/B09VXNV7ZZ?tag=eloabder-20&linkCode=osi&th=1&psc=1">View Product</a></div><div class="product"><a href="https://www.amazon.com/dp/B09GJ1RDS8?tag=eloabder-20&linkCode=osi&th=1&psc=1"><img src="https://m.media-amazon.com/images/I/61fQrPm63ML._SL500_.jpg" alt="Product Image"></a><p>Ratio Soft Baked Bars, Chocolate Brownie, 1g Sugar, Keto Friendly, 5.34 OZ (6 Bars)</p><p>$7.43 ($1.39 / Ounce)</p><a href="https://www.amazon.com/dp/B09GJ1RDS8?tag=eloabder-20&linkCode=osi&th=1&psc=1">View Product</a></div><div class="product"><a href="https://www.amazon.com/dp/B08ZS5VQ4P?tag=eloabder-20&linkCode=osi&th=1&psc=1"><img src="https://m.media-amazon.com/images/I/41bWBXP6BWL._SL500_.jpg" alt="Product Image"></a><p>Legendary Foods 20 gr Protein Pastry - Low Carb Tasty Protein Bar Alternative, Keto Friendly, No Sugar Added High Protein Breakfast Snacks, Gluten Free Keto Food - Brown Sugar Cinnamon (8-Pack)</p><p>$24.95 ($1.42 / Ounce)</p><a href="https://www.amazon.com/dp/B08ZS5VQ4P?tag=eloabder-20&linkCode=osi&th=1&psc=1">View Product</a></div><div class="product"><a href="https://www.amazon.com/dp/B08SHZGKD9?tag=eloabder-20&linkCode=osi&th=1&psc=1"><img src="https://m.media-amazon.com/images/I/51z4hGA4oGL._SL500_.jpg" alt="Product Image"></a><p>ChocZero Milk Chocolate Hazelnut Spread - Keto Friendly, No Sugar Added, Best Low Carb Dessert, Perfect Topping for Almond Flour Pancakes, Naturally Sweetened with Monk Fruit (1 jar, 12 oz)</p><p>$9.59 ($0.80 / Ounce)</p><a href="https://www.amazon.com/dp/B08SHZGKD9?tag=eloabder-20&linkCode=osi&th=1&psc=1">View Product</a></div><div class="product"><a href="https://www.amazon.com/dp/B078YD277Z?tag=eloabder-20&linkCode=osi&th=1&psc=1"><img src="https://m.media-amazon.com/images/I/413KVQlVNYL._SL500_.jpg" alt="Product Image"></a><p>Twin Peaks Low Carb, Keto Friendly Protein Puffs, Nacho Cheese (300g, 21g Protein, 2g Carbs)</p><p>$26.98 ($2.55 / Ounce)</p><a href="https://www.amazon.com/dp/B078YD277Z?tag=eloabder-20&linkCode=osi&th=1&psc=1">View Product</a></div><div class="product"><a href="https://www.amazon.com/dp/B09HYCR8H8?tag=eloabder-20&linkCode=osi&th=1&psc=1"><img src="https://m.media-amazon.com/images/I/51-9H1RUjjL._SL500_.jpg" alt="Product Image"></a><p>Ratio Coconut Almond Granola Cereal, 1g Sugar, Keto Friendly, 8 OZ Resealable Cereal Bag</p><p>$6.98 ($0.87 / Ounce)</p><a href="https://www.amazon.com/dp/B09HYCR8H8?tag=eloabder-20&linkCode=osi&th=1&psc=1">View Product</a></div><div class="product"><a href="https://www.amazon.com/dp/B09L78DG1T?tag=eloabder-20&linkCode=osi&th=1&psc=1"><img src="https://m.media-amazon.com/images/I/41zLTQtCMFL._SL500_.jpg" alt="Product Image"></a><p>Keto Biscuit Zero Carb Mix - Keto and Gluten Free Biscuit Baking Mix - 0g Net Carbs Per Biscuit - Sweetened with Allulose - No Erythritol, Easy to Bake - No Sugar Alcohols - No Nut Flours - Makes 12 Biscuits (23g Mix)</p><p>$12.99 ($1.33 / Ounce)</p><a href="https://www.amazon.com/dp/B09L78DG1T?tag=eloabder-20&linkCode=osi&th=1&psc=1">View Product</a></div>

Aucun résultat trouvé.
<div class="product"><a href="https://www.amazon.com/dp/B07BQXJ123?tag=eloabder-20&linkCode=osi&th=1&psc=1"><img src="https://m.media-amazon.com/images/I/41h4IsgjbZL._SL500_.jpg" alt="Product Image"></a><p>Squirrel Brand Sweet Brown Butter Cashews, 3.5 Ounces Resealable Bag, Gluten Free, Vegetarian</p><p>$2.74 ($0.78 / Fl Oz)</p><a href="https://www.amazon.com/dp/B07BQXJ123?tag=eloabder-20&linkCode=osi&th=1&psc=1">View Product</a></div><div class="product"><a href="https://www.amazon.com/dp/B003P02EGU?tag=eloabder-20&linkCode=osi&th=1&psc=1"><img src="https://m.media-amazon.com/images/I/51aUMBXF71L._SL500_.jpg" alt="Product Image"></a><p>Sparkling Ice, Black Raspberry Sparkling Water, Zero Sugar Flavored Water, with Vitamins and Antioxidants, Low Calorie Beverage, 17 fl oz Bottles (Pack of 12)</p><p>$9.98 ($0.05 / Fl Oz)</p><a href="https://www.amazon.com/dp/B003P02EGU?tag=eloabder-20&linkCode=osi&th=1&psc=1">View Product</a></div><div class="product"><a href="https://www.amazon.com/dp/B0C6RG22VN?tag=eloabder-20&linkCode=osi&th=1&psc=1"><img src="https://m.media-amazon.com/images/I/31fjAuuWWNL._SL500_.jpg" alt="Product Image"></a><p>Bauducco Vanilla Wafers - Crispy Wafer Cookies With 3 Delicious, Indulgent, Decadent Layers of Vanilla Flavored Cream - Delicious Sweet Snack or Desert - 5.0 oz (Pack of 1)</p><p>$1.59 ($0.32 / Ounce)</p><a href="https://www.amazon.com/dp/B0C6RG22VN?tag=eloabder-20&linkCode=osi&th=1&psc=1">View Product</a></div><div class="product"><a href="https://www.amazon.com/dp/B09W5ZVDD2?tag=eloabder-20&linkCode=osi&th=1&psc=1"><img src="https://m.media-amazon.com/images/I/41SSfHVmdrL._SL500_.jpg" alt="Product Image"></a><p>Cinnamon Toast Crunch Creamy Cinnamon Spread, 10 Ounce</p><p>$2.48 ($0.25 / Ounce)</p><a href="https://www.amazon.com/dp/B09W5ZVDD2?tag=eloabder-20&linkCode=osi&th=1&psc=1">View Product</a></div><div class="product"><a href="https://www.amazon.com/dp/B00L2MWLMK?tag=eloabder-20&linkCode=osi&th=1&psc=1"><img src="https://m.media-amazon.com/images/I/51dBawJ2u9L._SL500_.jpg" alt="Product Image"></a><p>Duncan Hines Dark Chocolate Fudge Brownie Mix, 18.2 OZ</p><p>$1.54 ($0.08 / Ounce)</p><a href="https://www.amazon.com/dp/B00L2MWLMK?tag=eloabder-20&linkCode=osi&th=1&psc=1">View Product</a></div><div class="product"><a href="https://www.amazon.com/dp/B004M15U12?tag=eloabder-20&linkCode=osi&th=1&psc=1"><img src="https://m.media-amazon.com/images/I/51WF3t7pADL._SL500_.jpg" alt="Product Image"></a><p>PLANTERS Deluxe Salted Whole Cashews, Party Snacks, Plant-Based Protein, Quick Snack for Adults, After School Snack, Roasted Cashew Flavored with Sea Salt, Bulk Nuts, Kosher, 1 lb 2.25oz Canister</p><p>$9.98 ($0.55 / Ounce)</p><a href="https://www.amazon.com/dp/B004M15U12?tag=eloabder-20&linkCode=osi&th=1&psc=1">View Product</a></div><div class="product"><a href="https://www.amazon.com/dp/B078J62RYJ?tag=eloabder-20&linkCode=osi&th=1&psc=1"><img src="https://m.media-amazon.com/images/I/51AXLNUF66L._SL500_.jpg" alt="Product Image"></a><p>PLANTERS Deluxe Mixed Nuts, Cashews, Almonds, Pecans, Pistachios, Hazelnuts, Roasted with Sea Salt, Party Snacks, Plant-Based Protein, Quick Snack for Adults, After School Snack, 27oz Container</p><p>$17.51 ($0.65 / Ounce)</p><a href="https://www.amazon.com/dp/B078J62RYJ?tag=eloabder-20&linkCode=osi&th=1&psc=1">View Product</a></div><div class="product"><a href="https://www.amazon.com/dp/B0BSB1D65T?tag=eloabder-20&linkCode=osi&th=1&psc=1"><img src="https://m.media-amazon.com/images/I/51u9sSRdlIL._SL500_.jpg" alt="Product Image"></a><p>PLANTERS Cashews Cinnamon & Brown Sugar, Party Snacks, 5 Oz Bag</p><p>$3.50 ($0.70 / Ounce)</p><a href="https://www.amazon.com/dp/B0BSB1D65T?tag=eloabder-20&linkCode=osi&th=1&psc=1">View Product</a></div><div class="product"><a href="https://www.amazon.com/dp/B0BN4LZ5P3?tag=eloabder-20&linkCode=osi&th=1&psc=1"><img src="https://m.media-amazon.com/images/I/51OLBHQEeSL._SL500_.jpg" alt="Product Image"></a><p>Planters Dry Roasted Bold & Savory Peanuts, Party Snacks, Plant-Based Protein, 16 Oz Jar</p><p>$2.98 ($0.19 / Ounce)</p><a href="https://www.amazon.com/dp/B0BN4LZ5P3?tag=eloabder-20&linkCode=osi&th=1&psc=1">View Product</a></div>

<div class="product"><a href="https://www.amazon.com/dp/B0CJQJYYVQ?tag=eloabder-20&linkCode=osi&th=1&psc=1"><img src="https://m.media-amazon.com/images/I/51mbf3FOrUL._SL500_.jpg" alt="Product Image"></a><p>Dried Fruit and Nuts Gift Baskets, 9 Healthy Varieties of Nuts & Dried Fruit Gifts, Gourmet Prime Candy Basket Delivery, Family Edible Food Ideas for All, Anniversary, Birthday, Care Package, Corporate Gifts</p><p>$24.99 ($24.99 / Count)</p><a href="https://www.amazon.com/dp/B0CJQJYYVQ?tag=eloabder-20&linkCode=osi&th=1&psc=1">View Product</a></div><div class="product"><a href="https://www.amazon.com/dp/B0BRYN42RF?tag=eloabder-20&linkCode=osi&th=1&psc=1"><img src="https://m.media-amazon.com/images/I/61sztsxabsL._SL500_.jpg" alt="Product Image"></a><p>Dried Fruit & Nuts Gift Basket Arrangement Platter, Gourmet Food Snack Box, For Fathers Day, Birthday Care Package, Healthy Kosher - Her Him - 12 Snackberry Assortment (Single)</p><p>$24.99 ($1.03 / Ounce)</p><a href="https://www.amazon.com/dp/B0BRYN42RF?tag=eloabder-20&linkCode=osi&th=1&psc=1">View Product</a></div><div class="product"><a href="https://www.amazon.com/dp/B0CZ4H5N2S?tag=eloabder-20&linkCode=osi&th=1&psc=1"><img src="https://m.media-amazon.com/images/I/51NLO50v2cL._SL500_.jpg" alt="Product Image"></a><p>Variety Dried Fuit Gift Basket, Fathers Day Gift Basket, Gift Box for Birthday. Anniversary, Get Well Gift, Gift for Him, Her and Family, Snackberry (1 Pack)</p><p>$9.99 ($0.62 / Ounce)</p><a href="https://www.amazon.com/dp/B0CZ4H5N2S?tag=eloabder-20&linkCode=osi&th=1&psc=1">View Product</a></div><div class="product"><a href="https://www.amazon.com/dp/B09HW1C373?tag=eloabder-20&linkCode=osi&th=1&psc=1"><img src="https://m.media-amazon.com/images/I/418cDyDC0eL._SL500_.jpg" alt="Product Image"></a><p>Farm Fresh Assorted Nuts Gift Basket - Artfully Arranged Gourmet Nuts and Dried Fruit Collection - Prime Arrangement Platter - Makes a Delicious, Healthy Gift Basket For Holidays, Parties, Corporate Gifts, and More</p><p>$12.99 ($12.99 / Count)</p><a href="https://www.amazon.com/dp/B09HW1C373?tag=eloabder-20&linkCode=osi&th=1&psc=1">View Product</a></div><div class="product"><a href="https://www.amazon.com/dp/B0CRD2MWB9?tag=eloabder-20&linkCode=osi&th=1&psc=1"><img src="https://m.media-amazon.com/images/I/51tT9Jj4hKL._SL500_.jpg" alt="Product Image"></a><p>Happy Birthday Dried Fruit & Nuts Gift Basket Arrangement Platter, Gourmet Food Snack Box, Birthday Care Package, Healthy Kosher, Her Him (9 Assortments)</p><p>$19.99 ($19.99 / Count)</p><a href="https://www.amazon.com/dp/B0CRD2MWB9?tag=eloabder-20&linkCode=osi&th=1&psc=1">View Product</a></div><div class="product"><a href="https://www.amazon.com/dp/B0CHCJK5GN?tag=eloabder-20&linkCode=osi&th=1&psc=1"><img src="https://m.media-amazon.com/images/I/61dpK7BoYbL._SL500_.jpg" alt="Product Image"></a><p>Broadway Basketeers Deluxe Thank You Dried Fruit And Nuts Gift Basket - A Premium Healthy Appreciation Gift - Corporate, Family & Friends</p><p>$32.06</p><a href="https://www.amazon.com/dp/B0CHCJK5GN?tag=eloabder-20&linkCode=osi&th=1&psc=1">View Product</a></div>
<div class="product"><a href="https://www.amazon.com/dp/B078SZHZ82?tag=eloabder-20&linkCode=osi&th=1&psc=1"><img src="https://m.media-amazon.com/images/I/51S82IO04jL._SL500_.jpg" alt="Product Image"></a><p>DEL MONTE FRESH CUT BLUE LAKE Cut Green Beans Canned Vegetables,14.5 Ounce (Pack of 12)</p><p>$12.99 ($0.07 / Ounce)</p><a href="https://www.amazon.com/dp/B078SZHZ82?tag=eloabder-20&linkCode=osi&th=1&psc=1">View Product</a></div>
<div class="product"><a href="https://www.amazon.com/dp/B0C94YG17L?tag=eloabder-20&linkCode=osi&th=1&psc=1"><img src="https://m.media-amazon.com/images/I/51VfC5jp4OL._SL500_.jpg" alt="Product Image"></a><p>Hickory Farms Farmhouse Sausage & Cheese Medium Gift Box | Gourmet Food Basket | Charcuterie | Father's Day Gift | Perfect For Family, Birthday, Sympathy, Congratulations, Retirement, Thinking of You, Father's Day Gift</p><p>$34.99 ($34.99 / Count)</p><a href="https://www.amazon.com/dp/B0C94YG17L?tag=eloabder-20&linkCode=osi&th=1&psc=1">View Product</a></div><div class="product"><a href="https://www.amazon.com/dp/B00K35V3F8?tag=eloabder-20&linkCode=osi&th=1&psc=1"><img src="https://m.media-amazon.com/images/I/41bd0TKnKfL._SL500_.jpg" alt="Product Image"></a><p>Farmers' Market Charcuterie Gift for Summer, Wisconsin Cheese, Hickory Smoked Meat, Shelf Stable, Gourmet Meat and Cheese Platter, Large Original</p><p>$39.99</p><a href="https://www.amazon.com/dp/B00K35V3F8?tag=eloabder-20&linkCode=osi&th=1&psc=1">View Product</a></div><div class="product"><a href="https://www.amazon.com/dp/B0994V3KXV?tag=eloabder-20&linkCode=osi&th=1&psc=1"><img src="https://m.media-amazon.com/images/I/61Zr7E45qvL._SL500_.jpg" alt="Product Image"></a><p>Wisconsin Cheese Company - Specialty 100% Wisconsin Cheese Block Assortment 4 oz. (Pack of 7 Blocks) Cheddar, Pepper Jack, Swiss, Gouda, Cheddar Salami, Smoked Cheddar & Tomato Basil Cheese - Cheese Sampler Gift Set</p><p>$39.99 ($1.43 / Ounce)</p><a href="https://www.amazon.com/dp/B0994V3KXV?tag=eloabder-20&linkCode=osi&th=1&psc=1">View Product</a></div><div class="product"><a href="https://www.amazon.com/dp/B009Y7I2F0?tag=eloabder-20&linkCode=osi&th=1&psc=1"><img src="https://m.media-amazon.com/images/I/41VgrnxieeL._SL500_.jpg" alt="Product Image"></a><p>Wisconsin Cheese Company - 100% Wisconsin Cheddar & Pepper Jack Cheese and Cracker Gift Basket. Large Gourmet Gift Box Assortment. Great for Charcuterie Boards & Gifts.</p><p>$29.99 ($2.11 / Ounce)</p><a href="https://www.amazon.com/dp/B009Y7I2F0?tag=eloabder-20&linkCode=osi&th=1&psc=1">View Product</a></div><div class="product"><a href="https://www.amazon.com/dp/B00FY43IJ2?tag=eloabder-20&linkCode=osi&th=1&psc=1"><img src="https://m.media-amazon.com/images/I/41QN9RXV4RL._SL500_.jpg" alt="Product Image"></a><p>California Delicious Gourmet Cheeseboard Gift, 8 piece set</p><p>$47.98 ($6.00 / Count)</p><a href="https://www.amazon.com/dp/B00FY43IJ2?tag=eloabder-20&linkCode=osi&th=1&psc=1">View Product</a></div><div class="product"><a href="https://www.amazon.com/dp/B0CRM55TF8?tag=eloabder-20&linkCode=osi&th=1&psc=1"><img src="https://m.media-amazon.com/images/I/51Vz3kt14-L._SL500_.jpg" alt="Product Image"></a><p>Farmers' Market Cheese Block Assortment 7oz 6-Pack, Shelf Stable, Pasteurized, Locally Sourced Wisconsin Cheese (Assortment, 6 Count)</p><p>$29.99 ($0.71 / Ounce)</p><a href="https://www.amazon.com/dp/B0CRM55TF8?tag=eloabder-20&linkCode=osi&th=1&psc=1">View Product</a></div>
<div class="product"><a href="https://www.amazon.com/dp/B006GXQHKW?tag=eloabder-20&linkCode=osi&th=1&psc=1"><img src="https://m.media-amazon.com/images/I/41gffgWPG4L._SL500_.jpg" alt="Product Image"></a><p>Old Wisconsin Premium Summer Sausage, 100% Natural Meat, Charcuterie, Ready to Eat, High Protein, Low Carb, Keto, Gluten Free, Original Flavor, 8 Ounce</p><p>$6.09 ($0.76 / Count)</p><a href="https://www.amazon.com/dp/B006GXQHKW?tag=eloabder-20&linkCode=osi&th=1&psc=1">View Product</a></div><div class="product"><a href="https://www.amazon.com/dp/B07PNM9SNJ?tag=eloabder-20&linkCode=osi&th=1&psc=1"><img src="https://m.media-amazon.com/images/I/51XUGii8qrL._SL500_.jpg" alt="Product Image"></a><p>Meat Shredz - Premium Dried Pulled Pork (Variety, 6 Pack) | Gluten Free | High Protein & Low Sugar | Bacon Bits | Dehydrated Backpacking & Camping Food | Shredded, Dried Jerky Chew Snack</p><p>$42.95 ($52.06 / lb)</p><a href="https://www.amazon.com/dp/B07PNM9SNJ?tag=eloabder-20&linkCode=osi&th=1&psc=1">View Product</a></div><div class="product"><a href="https://www.amazon.com/dp/B0CVQWPGC5?tag=eloabder-20&linkCode=osi&th=1&psc=1"><img src="https://m.media-amazon.com/images/I/41M9k0m4dOL._SL500_.jpg" alt="Product Image"></a><p>Olympic Delights Premium Meats and Cheese Gift Box by Dan the Sausageman featuring Summer Sausage, Stuffed Olives, Crackers and Mustard</p><p>$68.95</p><a href="https://www.amazon.com/dp/B0CVQWPGC5?tag=eloabder-20&linkCode=osi&th=1&psc=1">View Product</a></div><div class="product"><a href="https://www.amazon.com/dp/B000FIUQAQ?tag=eloabder-20&linkCode=osi&th=1&psc=1"><img src="https://m.media-amazon.com/images/I/51-jFNA-ZgL._SL500_.jpg" alt="Product Image"></a><p>Hormel Premium No Salt Added Canned Chunk Chicken Breast in Water, 5 Ounce (Pack of 12)</p><p>$25.44 ($0.42 / Ounce)</p><a href="https://www.amazon.com/dp/B000FIUQAQ?tag=eloabder-20&linkCode=osi&th=1&psc=1">View Product</a></div><div class="product"><a href="https://www.amazon.com/dp/B07Y936YWY?tag=eloabder-20&linkCode=osi&th=1&psc=1"><img src="https://m.media-amazon.com/images/I/51cpUvuRIzL._SL500_.jpg" alt="Product Image"></a><p>Jack Link's Beef Jerky, Sweet & Hot, ½ Pounder Bag - Flavorful Meat Snack, 9g of Protein and 80 Calories, Made with Premium Beef - 96 Percent Fat Free, No Added MSG or Nitrates/Nitrites</p><p>$9.99 ($1.25 / Ounce)</p><a href="https://www.amazon.com/dp/B07Y936YWY?tag=eloabder-20&linkCode=osi&th=1&psc=1">View Product</a></div><div class="product"><a href="https://www.amazon.com/dp/B000FK7G20?tag=eloabder-20&linkCode=osi&th=1&psc=1"><img src="https://m.media-amazon.com/images/I/414A4Q9AvAL._SL500_.jpg" alt="Product Image"></a><p>Swanson White and Dark Premium Chunk Canned Chicken Breast in Water, Fully Cooked Chicken, 9.75 OZ Can (Case of 12)</p><p>$35.76 ($0.31 / Ounce)</p><a href="https://www.amazon.com/dp/B000FK7G20?tag=eloabder-20&linkCode=osi&th=1&psc=1">View Product</a></div>
<div class="product"><a href="https://www.amazon.com/dp/B072126PMY?tag=eloabder-20&linkCode=osi&th=1&psc=1"><img src="https://m.media-amazon.com/images/I/51nw4J9x8YL._SL500_.jpg" alt="Product Image"></a><p>Simple Mills Almond Flour Baking Mix, Artisan Bread Mix - Gluten Free, Plant Based, Paleo Friendly, 10.4 Ounce (Pack of 3)</p><p>$23.97 ($0.77 / Ounce)</p><a href="https://www.amazon.com/dp/B072126PMY?tag=eloabder-20&linkCode=osi&th=1&psc=1">View Product</a></div><div class="product"><a href="https://www.amazon.com/dp/B081VPXGJS?tag=eloabder-20&linkCode=osi&th=1&psc=1"><img src="https://m.media-amazon.com/images/I/51j0-+rAaZL._SL500_.jpg" alt="Product Image"></a><p>Essential Baking Company Organic Artisan Sourdough Bread, 18.2 Ounce (Pack of 3)</p><p>$28.65 ($0.52 / Ounce)</p><a href="https://www.amazon.com/dp/B081VPXGJS?tag=eloabder-20&linkCode=osi&th=1&psc=1">View Product</a></div><div class="product"><a href="https://www.amazon.com/dp/B08HSPX7LM?tag=eloabder-20&linkCode=osi&th=1&psc=1"><img src="https://m.media-amazon.com/images/I/41RUhxZCnNL._SL500_.jpg" alt="Product Image"></a><p>Giusto's Vita-Grain All-Natural Artisan Malted Unbleached Bread Flour, 5lb Bag</p><p>$10.95 ($0.14 / Ounce)</p><a href="https://www.amazon.com/dp/B08HSPX7LM?tag=eloabder-20&linkCode=osi&th=1&psc=1">View Product</a></div>
<div class="product"><a href="https://www.amazon.com/dp/B001DDD4DS?tag=eloabder-20&linkCode=osi&th=1&psc=1"><img src="https://m.media-amazon.com/images/I/51osI10x5HL._SL500_.jpg" alt="Product Image"></a><p>Mantova Flavored Extra Virgin Olive Oil Variety Pack: Garlic, Basil, Chili, Lemon Organic Extra Virgin Olive Oil, 8.5-Ounce Per Bottle (Pack of 4) Great Gift Item</p><p>$36.99 ($1.09 / Fl Oz)</p><a href="https://www.amazon.com/dp/B001DDD4DS?tag=eloabder-20&linkCode=osi&th=1&psc=1">View Product</a></div><div class="product"><a href="https://www.amazon.com/dp/B001DDD4E2?tag=eloabder-20&linkCode=osi&th=1&psc=1"><img src="https://m.media-amazon.com/images/I/51cFWLj1kiL._SL500_.jpg" alt="Product Image"></a><p>Mantova Grand’Aroma Flavored Extra Virgin Olive Oils, Variety Gift Set, made in Italy, cold-pressed, 100% natural, heart-healthy, for grilling, barbequing, smoking, and cooking, 8.5 oz (Pack of 4)</p><p>$39.99 ($1.18 / Fl Oz)</p><a href="https://www.amazon.com/dp/B001DDD4E2?tag=eloabder-20&linkCode=osi&th=1&psc=1">View Product</a></div><div class="product"><a href="https://www.amazon.com/dp/B087S41Y1W?tag=eloabder-20&linkCode=osi&th=1&psc=1"><img src="https://m.media-amazon.com/images/I/518tVUgnUkL._SL500_.jpg" alt="Product Image"></a><p>Benissimo Herb Infused Cooking Oil Chef Pack, All Natural Italiano, Roasted Garlic, Mediterranean Garlic, Balsamic Garlic</p><p>$26.99 ($0.79 / Fl Oz)</p><a href="https://www.amazon.com/dp/B087S41Y1W?tag=eloabder-20&linkCode=osi&th=1&psc=1">View Product</a></div><div class="product"><a href="https://www.amazon.com/dp/B08CY8R7TF?tag=eloabder-20&linkCode=osi&th=1&psc=1"><img src="https://m.media-amazon.com/images/I/61pbDfsr-8L._SL500_.jpg" alt="Product Image"></a><p>Infused Extra Virgin Olive Oil Gift Box Set, First Cold Pressed, Variety Pack, 4 bottles x 8.5 fl.oz (250ml), Naturally Infused for Dipping & Tasting, (Gift Box Included), Chili, Garlic, Basil, Rosemary, BASSO1904</p><p>$35.99 ($1.06 / Fl Oz)</p><a href="https://www.amazon.com/dp/B08CY8R7TF?tag=eloabder-20&linkCode=osi&th=1&psc=1">View Product</a></div><div class="product"><a href="https://www.amazon.com/dp/B009HRQ47U?tag=eloabder-20&linkCode=osi&th=1&psc=1"><img src="https://m.media-amazon.com/images/I/41PaTko-dvL._SL500_.jpg" alt="Product Image"></a><p>TruffleHunter - English, Black & White Truffle Oil Set - 3.38 Oz x 3</p><p>$29.70 ($0.10 / Fl Oz)</p><a href="https://www.amazon.com/dp/B009HRQ47U?tag=eloabder-20&linkCode=osi&th=1&psc=1">View Product</a></div><div class="product"><a href="https://www.amazon.com/dp/B07ZZLZBF8?tag=eloabder-20&linkCode=osi&th=1&psc=1"><img src="https://m.media-amazon.com/images/I/51fpIYH949L._SL500_.jpg" alt="Product Image"></a><p>Viva Oliva Six 60ml (2oz) Variety Gift Set - Premium Flavored Extra Virgin Olive Oils (Tuscan Herb, Basil, Mushroom & Sage) and All Natural Balsamic Vinegars (18 Year Traditional, Grapefruit, Black Mission Fig)</p><p>$43.95 ($3.61 / Fl Oz)</p><a href="https://www.amazon.com/dp/B07ZZLZBF8?tag=eloabder-20&linkCode=osi&th=1&psc=1">View Product</a></div><div class="product"><a href="https://www.amazon.com/dp/B0B2LS1J8F?tag=eloabder-20&linkCode=osi&th=1&psc=1"><img src="https://m.media-amazon.com/images/I/41q4RRhEqPL._SL500_.jpg" alt="Product Image"></a><p>Infused Olive Oil Gift Sets - Organic Puglia Olive Oil Sampler Gift Set. Ideal for Italian Gifts and Edible Gift Baskets. Gourmet Olive Oil Gift Box of 5 x 3.45 Fl.Oz.</p><p>$53.80 ($3.16 / Fl Oz)</p><a href="https://www.amazon.com/dp/B0B2LS1J8F?tag=eloabder-20&linkCode=osi&th=1&psc=1">View Product</a></div><div class="product"><a href="https://www.amazon.com/dp/B08P967SSX?tag=eloabder-20&linkCode=osi&th=1&psc=1"><img src="https://m.media-amazon.com/images/I/51HyprLyr5L._SL500_.jpg" alt="Product Image"></a><p>Viva Oliva Four 60ml (2oz) Variety Gift Set - Premium Flavored Extra Virgin Olive Oils (Tuscan Herb & Basil) and All Natural Balsamic Vinegars (18 Year Traditional & Black Mission Fig)</p><p>$33.95 ($4.18 / Fl Oz)</p><a href="https://www.amazon.com/dp/B08P967SSX?tag=eloabder-20&linkCode=osi&th=1&psc=1">View Product</a></div><div class="product"><a href="https://www.amazon.com/dp/B0078DPMQY?tag=eloabder-20&linkCode=osi&th=1&psc=1"><img src="https://m.media-amazon.com/images/I/31qLwvo1tML._SL500_.jpg" alt="Product Image"></a><p>Benissimo Oil Roasted Garlic, 8.1 Ounces</p><p>$11.99 ($1.48 / Ounce)</p><a href="https://www.amazon.com/dp/B0078DPMQY?tag=eloabder-20&linkCode=osi&th=1&psc=1">View Product</a></div>
<div class="product"><a href="https://www.amazon.com/dp/B07MGKCV5Y?tag=eloabder-20&linkCode=osi&th=1&psc=1"><img src="https://m.media-amazon.com/images/I/31tE+o2DanL._SL500_.jpg" alt="Product Image"></a><p>Iberia All Natural Distilled White Vinegar, 1 Gallon - 5% Acidity</p><p>$12.99 ($0.10 / Fl Oz)</p><a href="https://www.amazon.com/dp/B07MGKCV5Y?tag=eloabder-20&linkCode=osi&th=1&psc=1">View Product</a></div><div class="product"><a href="https://www.amazon.com/dp/B07985NMQD?tag=eloabder-20&linkCode=osi&th=1&psc=1"><img src="https://m.media-amazon.com/images/I/41ElEDybjlL._SL500_.jpg" alt="Product Image"></a><p>Lucy's Family Owned - Natural Distilled White Vinegar, 1 Gallon (128 oz) - 5% Acidity (White Vinegar, 1 Gallon (128 fl oz.))</p><p>$17.99 ($0.14 / Fl Oz)</p><a href="https://www.amazon.com/dp/B07985NMQD?tag=eloabder-20&linkCode=osi&th=1&psc=1">View Product</a></div><div class="product"><a href="https://www.amazon.com/dp/B07F7MXPWD?tag=eloabder-20&linkCode=osi&th=1&psc=1"><img src="https://m.media-amazon.com/images/I/51GKn4NVqTL._SL500_.jpg" alt="Product Image"></a><p>Soeos Chinkiang Vinegar 16.9 fl oz (500ml), 3 Years Aged, Naturally Fermented, Mature Aged Black Vinegar, Chinese Black Vinegar, Zhenjiang Vinegar, Black Rice Vinegar, Black Vinegar Chinese.</p><p>$13.99 ($0.83 / Fl Oz)</p><a href="https://www.amazon.com/dp/B07F7MXPWD?tag=eloabder-20&linkCode=osi&th=1&psc=1">View Product</a></div><div class="product"><a href="https://www.amazon.com/dp/B001I7MVG0?tag=eloabder-20&linkCode=osi&th=1&psc=1"><img src="https://m.media-amazon.com/images/I/41HHUOECW2L._SL500_.jpg" alt="Product Image"></a><p>Bragg Organic Raw Apple Cider Vinegar, 32 Ounce - 1 Pack</p><p>$5.99 ($0.19 / Fl Oz)</p><a href="https://www.amazon.com/dp/B001I7MVG0?tag=eloabder-20&linkCode=osi&th=1&psc=1">View Product</a></div><div class="product"><a href="https://www.amazon.com/dp/B07W9HX3MV?tag=eloabder-20&linkCode=osi&th=1&psc=1"><img src="https://m.media-amazon.com/images/I/413FdgpxYrL._SL500_.jpg" alt="Product Image"></a><p>Calyptus 45% Pure Super Concentrated Vinegar | Dilutes to 9 Gallons | 9x Power Concentrate Vinegar | 1 Gallon</p><p>$26.99 ($0.21 / Fl Oz)</p><a href="https://www.amazon.com/dp/B07W9HX3MV?tag=eloabder-20&linkCode=osi&th=1&psc=1">View Product</a></div><div class="product"><a href="https://www.amazon.com/dp/B0052BFNLS?tag=eloabder-20&linkCode=osi&th=1&psc=1"><img src="https://m.media-amazon.com/images/I/31Tfk-0-ybL._SL500_.jpg" alt="Product Image"></a><p>Pompeian Gourmet Red Wine Vinegar, Perfect for Salad Dressings, Marinades & Sauces, Naturally Gluten Free, 30 Ounce</p><p>$4.91 ($0.16 / Fl Oz)</p><a href="https://www.amazon.com/dp/B0052BFNLS?tag=eloabder-20&linkCode=osi&th=1&psc=1">View Product</a></div><div class="product"><a href="https://www.amazon.com/dp/B00AAL6W2Y?tag=eloabder-20&linkCode=osi&th=1&psc=1"><img src="https://m.media-amazon.com/images/I/51dfgVE7orL._SL500_.jpg" alt="Product Image"></a><p>Mantova Organic Flavored Balsamic Vinegar of Modena 4-Variety Pack: Fig, Pear, Pomegranate, & Raspberry; Perfect for Gift Basket, Add to Pasta, Salad, Ice Cream and Cocktails, 8.5 oz per bottle</p><p>$27.99 ($0.82 / Fl Oz)</p><a href="https://www.amazon.com/dp/B00AAL6W2Y?tag=eloabder-20&linkCode=osi&th=1&psc=1">View Product</a></div><div class="product"><a href="https://www.amazon.com/dp/B0BGYTGT7X?tag=eloabder-20&linkCode=osi&th=1&psc=1"><img src="https://m.media-amazon.com/images/I/41huHEExA1L._SL500_.jpg" alt="Product Image"></a><p>Bragg Organic Apple Cider Vinegar With the Mother– Raw, Unfiltered All Natural Ingredients (64 Fl Oz (Pack of 1))</p><p>$13.68 ($0.21 / Fl Oz)</p><a href="https://www.amazon.com/dp/B0BGYTGT7X?tag=eloabder-20&linkCode=osi&th=1&psc=1">View Product</a></div><div class="product"><a href="https://www.amazon.com/dp/B08TZY2TZ8?tag=eloabder-20&linkCode=osi&th=1&psc=1"><img src="https://m.media-amazon.com/images/I/41YwKPQA9rL._SL500_.jpg" alt="Product Image"></a><p>Due Vittorie Oro Gold Balsamic Vinegar of Modena. Highest score from The Consortium of Modena With Cork Pourer - 8.45fl oz / 250ml</p><p>$17.00 ($2.01 / Fl Oz)</p><a href="https://www.amazon.com/dp/B08TZY2TZ8?tag=eloabder-20&linkCode=osi&th=1&psc=1">View Product</a></div>
<div class="product"><a href="https://www.amazon.com/dp/B07HMJWCNL?tag=eloabder-20&linkCode=osi&th=1&psc=1"><img src="https://m.media-amazon.com/images/I/51ayBrtgPUL._SL500_.jpg" alt="Product Image"></a><p>TRUFF Original Black Truffle Hot Sauce, Gourmet Hot Sauce with Ripe Chili Peppers, Black Truffle Oil, Agave Nectar, Unique Flavor Experience in a Bottle, 6 oz.</p><p>$14.99</p><a href="https://www.amazon.com/dp/B07HMJWCNL?tag=eloabder-20&linkCode=osi&th=1&psc=1">View Product</a></div><div class="product"><a href="https://www.amazon.com/dp/B083QT1TPX?tag=eloabder-20&linkCode=osi&th=1&psc=1"><img src="https://m.media-amazon.com/images/I/41mYuAlAFNL._SL500_.jpg" alt="Product Image"></a><p>TRUFF Hot Sauce Variety Pack, Gourmet Hot Sauce Set of Original, Hotter and Limited White Edition, Unique Flavor Experiences with Truffle, 3-Bottle Bundle, 3ct 6oz bottles</p><p>$67.99 ($3.78 / Ounce)</p><a href="https://www.amazon.com/dp/B083QT1TPX?tag=eloabder-20&linkCode=osi&th=1&psc=1">View Product</a></div><div class="product"><a href="https://www.amazon.com/dp/B0BV19S7TR?tag=eloabder-20&linkCode=osi&th=1&psc=1"><img src="https://m.media-amazon.com/images/I/51iGXyqK-pL._SL500_.jpg" alt="Product Image"></a><p>Le Sauce & Co., White Wine Lemon Garlic Gourmet Finishing Sauce (2-pack), Steakhouse Quality Gourmet Sauce, Lemon Sauce, Garlic Sauce, White Wine Sauce, Steak Sauce, Chicken sauce, Lemon Sauce, Cream Sauce,</p><p>$13.94 ($1.55 / Ounce)</p><a href="https://www.amazon.com/dp/B0BV19S7TR?tag=eloabder-20&linkCode=osi&th=1&psc=1">View Product</a></div><div class="product"><a href="https://www.amazon.com/dp/B078JBZBW5?tag=eloabder-20&linkCode=osi&th=1&psc=1"><img src="https://m.media-amazon.com/images/I/51J1qgzr8uL._SL500_.jpg" alt="Product Image"></a><p>Melinda’s Hot Sauce Variety Pack - Extra Spicy Gourmet Hot Sauce Gift Set with Variety of Heat Levels - Includes XXXXtra Reserve, Garlic Habanero, Extra Hot, Mango, Ghost Pepper- 5 oz, 5 Pack</p><p>$21.99 ($0.88 / Fl Oz)</p><a href="https://www.amazon.com/dp/B078JBZBW5?tag=eloabder-20&linkCode=osi&th=1&psc=1">View Product</a></div><div class="product"><a href="https://www.amazon.com/dp/B0BL864XMH?tag=eloabder-20&linkCode=osi&th=1&psc=1"><img src="https://m.media-amazon.com/images/I/51+63Ag8ApL._SL500_.jpg" alt="Product Image"></a><p>Dave's Gourmet Creamy Hot Sauce Variety 4-Pack - Moderate Heat for Flavoring Your Favorite Food</p><p>$30.99 ($0.97 / Ounce)</p><a href="https://www.amazon.com/dp/B0BL864XMH?tag=eloabder-20&linkCode=osi&th=1&psc=1">View Product</a></div>
<div class="product"><a href="https://www.amazon.com/dp/B07WT6GP2F?tag=eloabder-20&linkCode=osi&th=1&psc=1"><img src="https://m.media-amazon.com/images/I/41mEgBeglEL._SL500_.jpg" alt="Product Image"></a><p>Lindt Mini Pralines, Assorted Chocolate Pralines with Premium Filling, Great for gift giving, 6.2 oz Box</p><p>$16.49 ($2.66 / Ounce)</p><a href="https://www.amazon.com/dp/B07WT6GP2F?tag=eloabder-20&linkCode=osi&th=1&psc=1">View Product</a></div><div class="product"><a href="https://www.amazon.com/dp/B01BDI89SW?tag=eloabder-20&linkCode=osi&th=1&psc=1"><img src="https://m.media-amazon.com/images/I/61w5wYyxzKL._SL500_.jpg" alt="Product Image"></a><p>Ferrero Collection, 24 Count, Premium Gourmet Assorted Hazelnut Milk Chocolate, Dark Chocolate and Coconut, 9.1 oz</p><p>$11.97 ($1.32 / Ounce)</p><a href="https://www.amazon.com/dp/B01BDI89SW?tag=eloabder-20&linkCode=osi&th=1&psc=1">View Product</a></div><div class="product"><a href="https://www.amazon.com/dp/B0BHTWFQ5X?tag=eloabder-20&linkCode=osi&th=1&psc=1"><img src="https://m.media-amazon.com/images/I/41K-mIm1WNL._SL500_.jpg" alt="Product Image"></a><p>Lindt LINDOR Assorted Chocolate Truffles 90 Count Gift Box, Chocolate Candy with Smooth, Melting Truffle Center, 38.4 oz. Box</p><p>$33.95 ($0.88 / Ounce)</p><a href="https://www.amazon.com/dp/B0BHTWFQ5X?tag=eloabder-20&linkCode=osi&th=1&psc=1">View Product</a></div><div class="product"><a href="https://www.amazon.com/dp/B00UXI3PLU?tag=eloabder-20&linkCode=osi&th=1&psc=1"><img src="https://m.media-amazon.com/images/I/41Jw-Ek4+CL._SL500_.jpg" alt="Product Image"></a><p>Lindt LINDOR Milk Chocolate Candy Truffles, Milk Chocolate with Melting Truffle Center, 15.2 oz. Bag</p><p>$12.18 ($0.80 / Ounce)</p><a href="https://www.amazon.com/dp/B00UXI3PLU?tag=eloabder-20&linkCode=osi&th=1&psc=1">View Product</a></div>
<div class="product"><a href="https://www.amazon.com/dp/B000SDKDM4?tag=eloabder-20&linkCode=osi&th=1&psc=1"><img src="https://m.media-amazon.com/images/I/41L+oJp7MmL._SL500_.jpg" alt="Product Image"></a><p>Lavazza Super Crema Whole Bean Coffee Blend, light-Medium Espresso Roast, 2.2 Pound (Pack of 1) ,Premium Quality, Aromatic, Mild and creamy</p><p>$18.49 ($0.53 / Ounce)</p><a href="https://www.amazon.com/dp/B000SDKDM4?tag=eloabder-20&linkCode=osi&th=1&psc=1">View Product</a></div><div class="product"><a href="https://www.amazon.com/dp/B0721BGRS9?tag=eloabder-20&linkCode=osi&th=1&psc=1"><img src="https://m.media-amazon.com/images/I/41tHHVMfguL._SL500_.jpg" alt="Product Image"></a><p>Amazon Fresh, Dark Roast, Whole Bean Coffee, 32 Oz</p><p>$19.18 ($0.60 / Ounce)</p><a href="https://www.amazon.com/dp/B0721BGRS9?tag=eloabder-20&linkCode=osi&th=1&psc=1">View Product</a></div><div class="product"><a href="https://www.amazon.com/dp/B003GV7JFE?tag=eloabder-20&linkCode=osi&th=1&psc=1"><img src="https://m.media-amazon.com/images/I/41IKY6hLa9L._SL500_.jpg" alt="Product Image"></a><p>Eight O'Clock Coffee Whole Bean, The Original, 42 Ounce</p><p>$13.98</p><a href="https://www.amazon.com/dp/B003GV7JFE?tag=eloabder-20&linkCode=osi&th=1&psc=1">View Product</a></div><div class="product"><a href="https://www.amazon.com/dp/B07171HMF5?tag=eloabder-20&linkCode=osi&th=1&psc=1"><img src="https://m.media-amazon.com/images/I/41EBDHFVYVL._SL500_.jpg" alt="Product Image"></a><p>Mt. Comfort Coffee Organic Peru Medium Roast, 2.5 Pounds - Flavor Notes of Nutty, Chocolate, & Citrus - Sourced From Small, Peruvian Coffee Farms - Roasted Whole Beans</p><p>$23.19 ($0.58 / Ounce)</p><a href="https://www.amazon.com/dp/B07171HMF5?tag=eloabder-20&linkCode=osi&th=1&psc=1">View Product</a></div><div class="product"><a href="https://www.amazon.com/dp/B006Y7WAHE?tag=eloabder-20&linkCode=osi&th=1&psc=1"><img src="https://m.media-amazon.com/images/I/31VxnI1AuQL._SL500_.jpg" alt="Product Image"></a><p>Cameron's Coffee Roasted Whole Bean Coffee, Breakfast Blend, 32 Ounce, (Pack of 1)</p><p>$10.98 ($0.34 / Ounce)</p><a href="https://www.amazon.com/dp/B006Y7WAHE?tag=eloabder-20&linkCode=osi&th=1&psc=1">View Product</a></div><div class="product"><a href="https://www.amazon.com/dp/B0002E2GQU?tag=eloabder-20&linkCode=osi&th=1&psc=1"><img src="https://m.media-amazon.com/images/I/41f+StbrprL._SL500_.jpg" alt="Product Image"></a><p>Lavazza Crema E Aroma Whole Bean Coffee Blend, 2.2-Pound Bag , Balanced medium roast with an intense, earthy flavor and long lasting crema, Non-GMO</p><p>$17.99 ($0.51 / Ounce)</p><a href="https://www.amazon.com/dp/B0002E2GQU?tag=eloabder-20&linkCode=osi&th=1&psc=1">View Product</a></div><div class="product"><a href="https://www.amazon.com/dp/B005OJ4X32?tag=eloabder-20&linkCode=osi&th=1&psc=1"><img src="https://m.media-amazon.com/images/I/31GzxEGJ-1L._SL500_.jpg" alt="Product Image"></a><p>Lavazza Espresso Barista Gran Crema Whole Bean Coffee Blend, Medium Espresso Roast, Oz Bag (Packaging May Vary) - 2.2 LB, 35.2 Ounce</p><p>$17.99 ($0.51 / Ounce)</p><a href="https://www.amazon.com/dp/B005OJ4X32?tag=eloabder-20&linkCode=osi&th=1&psc=1">View Product</a></div><div class="product"><a href="https://www.amazon.com/dp/B003YVRX5W?tag=eloabder-20&linkCode=osi&th=1&psc=1"><img src="https://m.media-amazon.com/images/I/41Ioxmr1WhL._SL500_.jpg" alt="Product Image"></a><p>Tim Hortons Whole Bean Original, Medium Roast Coffee, Made with 100% Arabica Beans, 32 Ounce Bag</p><p>$15.68 ($0.49 / Ounce)</p><a href="https://www.amazon.com/dp/B003YVRX5W?tag=eloabder-20&linkCode=osi&th=1&psc=1">View Product</a></div><div class="product"><a href="https://www.amazon.com/dp/B016RY0LWO?tag=eloabder-20&linkCode=osi&th=1&psc=1"><img src="https://m.media-amazon.com/images/I/41I6lHKpWrL._SL500_.jpg" alt="Product Image"></a><p>Lavazza Espresso Italiano Whole Bean Coffee Blend, Medium Roast,Premium Quality Arabic, 2.2 Pound (Pack of 1) (Packaging may vary)</p><p>$14.98 ($0.43 / Ounce)</p><a href="https://www.amazon.com/dp/B016RY0LWO?tag=eloabder-20&linkCode=osi&th=1&psc=1">View Product</a></div>
<div class="product"><a href="https://www.amazon.com/dp/B09ZMVM3XJ?tag=eloabder-20&linkCode=osi&th=1&psc=1"><img src="https://m.media-amazon.com/images/I/51IRO3xhEKL._SL500_.jpg" alt="Product Image"></a><p>Gardenika Organic Loose Leaf Tea Sampler – 8 Pack, 1 LB – Herbal and Naturally Caffeine-Free Set - Ayurvedic Assortment Blend</p><p>$29.95 ($29.95 / Count)</p><a href="https://www.amazon.com/dp/B09ZMVM3XJ?tag=eloabder-20&linkCode=osi&th=1&psc=1">View Product</a></div><div class="product"><a href="https://www.amazon.com/dp/B0CVTGJHK9?tag=eloabder-20&linkCode=osi&th=1&psc=1"><img src="https://m.media-amazon.com/images/I/51J-jqFqytL._SL500_.jpg" alt="Product Image"></a><p>Lyon DIY Tea Blending Set-16 Tin Variety Pack-Premium Herbal Tea & Exotic Floral/Fruit Flavor Infusers - Create 75+ Cups w/Assorted Teas, Oolong, Chamomile, Rose, Peach & More</p><p>$44.95 ($6.25 / Ounce)</p><a href="https://www.amazon.com/dp/B0CVTGJHK9?tag=eloabder-20&linkCode=osi&th=1&psc=1">View Product</a></div><div class="product"><a href="https://www.amazon.com/dp/B01AJBV0US?tag=eloabder-20&linkCode=osi&th=1&psc=1"><img src="https://m.media-amazon.com/images/I/516u5DAm7GL._SL500_.jpg" alt="Product Image"></a><p>Tiesta Tea - Lavender Chamomile | Soft Chamomile Herbal Tea | Premium Loose Leaf Tea Blend | Non Caffeinated Herbal Tea | Make Hot or Iced Tea & Brews Up to 25 Cups - 0.9 Ounce Resealable Pouch</p><p>$4.99 ($5.54 / Ounce)</p><a href="https://www.amazon.com/dp/B01AJBV0US?tag=eloabder-20&linkCode=osi&th=1&psc=1">View Product</a></div><div class="product"><a href="https://www.amazon.com/dp/B08VF85JJF?tag=eloabder-20&linkCode=osi&th=1&psc=1"><img src="https://m.media-amazon.com/images/I/517Ac4bB6FL._SL500_.jpg" alt="Product Image"></a><p>Tiesta Tea Top 8 Favorites Sampler Set, Up to 80 Cups, High to No Caffeine, Hot & Iced Tea, Loose Leaf Tea Variety Pack with Green, Herbal, Black & Chai Tea, 8 Sample Pouches</p><p>$22.95 ($3.59 / Ounce)</p><a href="https://www.amazon.com/dp/B08VF85JJF?tag=eloabder-20&linkCode=osi&th=1&psc=1">View Product</a></div><div class="product"><a href="https://www.amazon.com/dp/B08MWDTNTZ?tag=eloabder-20&linkCode=osi&th=1&psc=1"><img src="https://m.media-amazon.com/images/I/51M1TNYBU7L._SL500_.jpg" alt="Product Image"></a><p>Tetley British Blend Premium Black Tea, 320 Tea Bags, Rainforest Alliance Certified, 320 Count (Pack of 1)</p><p>$15.92 ($0.05 / Count)</p><a href="https://www.amazon.com/dp/B08MWDTNTZ?tag=eloabder-20&linkCode=osi&th=1&psc=1">View Product</a></div><div class="product"><a href="https://www.amazon.com/dp/B086R8PDZV?tag=eloabder-20&linkCode=osi&th=1&psc=1"><img src="https://m.media-amazon.com/images/I/41nHau5YdVL._SL500_.jpg" alt="Product Image"></a><p>Buddha Teas - Organic Mushroom Wellness Blend - Herbal Tea - For Health & Wellbeing - With Antioxidants & Minerals - Clean Ingredients - Caffeine Free - OU Kosher & Non-GMO - 18 Tea Bags (Pack of 1).</p><p>$8.25 ($0.46 / Count)</p><a href="https://www.amazon.com/dp/B086R8PDZV?tag=eloabder-20&linkCode=osi&th=1&psc=1">View Product</a></div><div class="product"><a href="https://www.amazon.com/dp/B07CGW59KH?tag=eloabder-20&linkCode=osi&th=1&psc=1"><img src="https://m.media-amazon.com/images/I/611h06lvlUL._SL500_.jpg" alt="Product Image"></a><p>Loose Leaf Tea Sampler Create Your Own Tea Blend Starter Kit w/Sencha, Rooibos, China Black, & Ginger, Lavender, Rose, Lemongrass, Hibiscus Spices</p><p>$29.99</p><a href="https://www.amazon.com/dp/B07CGW59KH?tag=eloabder-20&linkCode=osi&th=1&psc=1">View Product</a></div><div class="product"><a href="https://www.amazon.com/dp/B0CT8JGNB8?tag=eloabder-20&linkCode=osi&th=1&psc=1"><img src="https://m.media-amazon.com/images/I/411PWQNU6BL._SL500_.jpg" alt="Product Image"></a><p>120 Premium Turmeric, Ginger, Cinnamon Blend Tea Bags, 100% Natural & No Additives & Caffeine Free.</p><p>$14.95 ($0.12 / Count)</p><a href="https://www.amazon.com/dp/B0CT8JGNB8?tag=eloabder-20&linkCode=osi&th=1&psc=1">View Product</a></div><div class="product"><a href="https://www.amazon.com/dp/B00OS96DVY?tag=eloabder-20&linkCode=osi&th=1&psc=1"><img src="https://m.media-amazon.com/images/I/51-sK6ajnML._SL500_.jpg" alt="Product Image"></a><p>Harney & Sons Tower of London Black Tea with Vanilla, Black Currant, Caramel, and Honey | 30 sachets, Historic Royal Palaces Collection</p><p>$10.33 ($3.90 / Ounce)</p><a href="https://www.amazon.com/dp/B00OS96DVY?tag=eloabder-20&linkCode=osi&th=1&psc=1">View Product</a></div><div class="product"><a href="https://www.amazon.com/dp/B0BHYBHVJ6?tag=eloabder-20&linkCode=osi&th=1&psc=1"><img src="https://m.media-amazon.com/images/I/51F9trJcmdL._SL500_.jpg" alt="Product Image"></a><p>Organic Sleep Blend Herbal Tea - 50 Packets - Natural Chamomile, Peppermint, Fennel And Tulsi Teabags - USDA Certified 100% Non-GMO - Decaffeinated Designer Gift Tin</p><p>$8.69 ($0.17 / Count)</p><a href="https://www.amazon.com/dp/B0BHYBHVJ6?tag=eloabder-20&linkCode=osi&th=1&psc=1">View Product</a></div>
<div class="product"><a href="https://www.amazon.com/dp/B0BVXD8CX3?tag=eloabder-20&linkCode=osi&th=1&psc=1"><img src="https://m.media-amazon.com/images/I/51hkEiL7c8L._SL500_.jpg" alt="Product Image"></a><p>Simply Organic Herbs, Spices and Seasonings Assorted Variety Sampler Gift Set - By Veher (24-Pack)</p><p>$142.95 ($5.96 / Ounce)</p><a href="https://www.amazon.com/dp/B0BVXD8CX3?tag=eloabder-20&linkCode=osi&th=1&psc=1">View Product</a></div><div class="product"><a href="https://www.amazon.com/dp/B094WXH3KP?tag=eloabder-20&linkCode=osi&th=1&psc=1"><img src="https://m.media-amazon.com/images/I/51mqUk3dM1L._SL500_.jpg" alt="Product Image"></a><p>eonou Encore Seasonings and Spices 10 pk - Premium Cooking Spices and Herbs (Oregano, Rosemary, Basil, Parsley, Italian Seasoning, Cumin, Steak Spice, Chopped Onion, Onion Powder, Thyme)</p><p>$19.99 ($2.00 / Count)</p><a href="https://www.amazon.com/dp/B094WXH3KP?tag=eloabder-20&linkCode=osi&th=1&psc=1">View Product</a></div><div class="product"><a href="https://www.amazon.com/dp/B072N9BLHS?tag=eloabder-20&linkCode=osi&th=1&psc=1"><img src="https://m.media-amazon.com/images/I/519zkN7EgWL._SL500_.jpg" alt="Product Image"></a><p>The Spice Way Herbes De Provence - | 4oz | fresh herbs and spice seasoning</p><p>$6.99 ($1.75 / Ounce)</p><a href="https://www.amazon.com/dp/B072N9BLHS?tag=eloabder-20&linkCode=osi&th=1&psc=1">View Product</a></div><div class="product"><a href="https://www.amazon.com/dp/B0761Z81ZK?tag=eloabder-20&linkCode=osi&th=1&psc=1"><img src="https://m.media-amazon.com/images/I/51tYgb8ntBL._SL500_.jpg" alt="Product Image"></a><p>McCormick Grill Mates Roasted Garlic & Herb Seasoning, 9.25 oz</p><p>$7.43 ($0.80 / Ounce)</p><a href="https://www.amazon.com/dp/B0761Z81ZK?tag=eloabder-20&linkCode=osi&th=1&psc=1">View Product</a></div><div class="product"><a href="https://www.amazon.com/dp/B00CQ7K9J2?tag=eloabder-20&linkCode=osi&th=1&psc=1"><img src="https://m.media-amazon.com/images/I/317BBm1p-TL._SL500_.jpg" alt="Product Image"></a><p>Bragg Sprinkle Herbs and Spices - Salt Free Seasoning, 1.5oz, Single</p><p>$6.99 ($4.66 / Ounce)</p><a href="https://www.amazon.com/dp/B00CQ7K9J2?tag=eloabder-20&linkCode=osi&th=1&psc=1">View Product</a></div><div class="product"><a href="https://www.amazon.com/dp/B003H2S2KI?tag=eloabder-20&linkCode=osi&th=1&psc=1"><img src="https://m.media-amazon.com/images/I/41mr0wk+3mL._SL500_.jpg" alt="Product Image"></a><p>Badia Herbs De Provence, 8 Ounces</p><p>$6.26 ($0.78 / Ounce)</p><a href="https://www.amazon.com/dp/B003H2S2KI?tag=eloabder-20&linkCode=osi&th=1&psc=1">View Product</a></div><div class="product"><a href="https://www.amazon.com/dp/B0BQ4VRJBL?tag=eloabder-20&linkCode=osi&th=1&psc=1"><img src="https://m.media-amazon.com/images/I/41ZxLNNd8mL._SL500_.jpg" alt="Product Image"></a><p>Weber Roasted Garlic & Herb Seasoning, 5.5 Ounce Shaker</p><p>$2.82 ($0.51 / Ounce)</p><a href="https://www.amazon.com/dp/B0BQ4VRJBL?tag=eloabder-20&linkCode=osi&th=1&psc=1">View Product</a></div><div class="product"><a href="https://www.amazon.com/dp/B08KRC7V7J?tag=eloabder-20&linkCode=osi&th=1&psc=1"><img src="https://m.media-amazon.com/images/I/4170CYnZ9WL._SL500_.jpg" alt="Product Image"></a><p>McCormick Salt Free Garlic and Herb Seasoning, 4.37 oz</p><p>$4.68 ($1.07 / Ounce)</p><a href="https://www.amazon.com/dp/B08KRC7V7J?tag=eloabder-20&linkCode=osi&th=1&psc=1">View Product</a></div><div class="product"><a href="https://www.amazon.com/dp/B00IX4WUTY?tag=eloabder-20&linkCode=osi&th=1&psc=1"><img src="https://m.media-amazon.com/images/I/51TAH1ijkqS._SL500_.jpg" alt="Product Image"></a><p>Bragg Sprinkle Herbs and Spices Seasoning, 1.5oz, 3 Pack</p><p>$20.27 ($13.51 / Ounce)</p><a href="https://www.amazon.com/dp/B00IX4WUTY?tag=eloabder-20&linkCode=osi&th=1&psc=1">View Product</a></div>
<div class="product"><a href="https://www.amazon.com/dp/B0BWSKYV63?tag=eloabder-20&linkCode=osi&th=1&psc=1"><img src="https://m.media-amazon.com/images/I/51Q5Je2yRhL._SL500_.jpg" alt="Product Image"></a><p>Welch's Fruit Snacks, Mixed Fruit, Perfect Easter Basket Stuffers, Gluten Free, Bulk Pack, Individual Single Serve Bags, 0.8 oz (Pack of 40)</p><p>$7.99 ($0.25 / Ounce)</p><a href="https://www.amazon.com/dp/B0BWSKYV63?tag=eloabder-20&linkCode=osi&th=1&psc=1">View Product</a></div><div class="product"><a href="https://www.amazon.com/dp/B08826B2XL?tag=eloabder-20&linkCode=osi&th=1&psc=1"><img src="https://m.media-amazon.com/images/I/61DT5pSYXFL._SL500_.jpg" alt="Product Image"></a><p>Frito Lay Ultimate Classic Snacks Package, Variety Assortment of Chips, Cookies, Crackers, & Nuts, (Pack of 40) (Packaging May Vary)</p><p>$26.91</p><a href="https://www.amazon.com/dp/B08826B2XL?tag=eloabder-20&linkCode=osi&th=1&psc=1">View Product</a></div><div class="product"><a href="https://www.amazon.com/dp/B013OY25GA?tag=eloabder-20&linkCode=osi&th=1&psc=1"><img src="https://m.media-amazon.com/images/I/51FlSjX95aL._SL500_.jpg" alt="Product Image"></a><p>Snack Pack Chocolate and Vanilla Flavored Pudding Cups Family Pack, 12 Count Pudding Cups (6 Pack)</p><p>$3.27 ($0.01 / Ounce)</p><a href="https://www.amazon.com/dp/B013OY25GA?tag=eloabder-20&linkCode=osi&th=1&psc=1">View Product</a></div><div class="product"><a href="https://www.amazon.com/dp/B0BWSLB73Z?tag=eloabder-20&linkCode=osi&th=1&psc=1"><img src="https://m.media-amazon.com/images/I/51RWXG4OG6L._SL500_.jpg" alt="Product Image"></a><p>Welch's Fruit Snacks, Fruit Punch & Island Fruits Variety Pack, Perfect for School Lunches, Gluten Free, Bulk Pack, 0.8 oz Individual Single Serve Bags (Pack of 40)</p><p>$8.49 ($0.21 / Count)</p><a href="https://www.amazon.com/dp/B0BWSLB73Z?tag=eloabder-20&linkCode=osi&th=1&psc=1">View Product</a></div><div class="product"><a href="https://www.amazon.com/dp/B09FFXR2VV?tag=eloabder-20&linkCode=osi&th=1&psc=1"><img src="https://m.media-amazon.com/images/I/51SZiftXwcL._SL500_.jpg" alt="Product Image"></a><p>The Only Bean Crunchy Dry Roasted Edamame Snacks (Sea Salt), Keto Snack Food, High Protein (11g) Healthy Snacks, Low Carb Gluten Free Office Vegan Food 100 Calorie Snack Pack, 0.9oz 10 Pack</p><p>$12.72 ($1.41 / Ounce)</p><a href="https://www.amazon.com/dp/B09FFXR2VV?tag=eloabder-20&linkCode=osi&th=1&psc=1">View Product</a></div><div class="product"><a href="https://www.amazon.com/dp/B072151Q32?tag=eloabder-20&linkCode=osi&th=1&psc=1"><img src="https://m.media-amazon.com/images/I/41Rlgfdz90L._SL500_.jpg" alt="Product Image"></a><p>Dole Fruit Bowls No Sugar Added Variety Pack Snacks, Peaches, Mandarin Oranges & Cherry Mixed Fruit, 4oz 12 Cups, Gluten & Dairy Free, Bulk Lunch Snacks for Kids & Adults</p><p>$6.74 ($0.56 / Count)</p><a href="https://www.amazon.com/dp/B072151Q32?tag=eloabder-20&linkCode=osi&th=1&psc=1">View Product</a></div><div class="product"><a href="https://www.amazon.com/dp/B084RDDFGR?tag=eloabder-20&linkCode=osi&th=1&psc=1"><img src="https://m.media-amazon.com/images/I/41eLMpoHGkL._SL500_.jpg" alt="Product Image"></a><p>Kellogg's Rice Krispies Treats, Crispy Marshmallow Squares, Original, School Lunch Snack, 41.9oz Case (54 Count)</p><p>$13.49 ($0.32 / Ounce)</p><a href="https://www.amazon.com/dp/B084RDDFGR?tag=eloabder-20&linkCode=osi&th=1&psc=1">View Product</a></div><div class="product"><a href="https://www.amazon.com/dp/B00G2XNSWQ?tag=eloabder-20&linkCode=osi&th=1&psc=1"><img src="https://m.media-amazon.com/images/I/411XH1pQP8L._SL500_.jpg" alt="Product Image"></a><p>Nutella & GO! Bulk 12 Pack, Hazelnut and Cocoa Spread with Breadsticks, Snack Cups for Kids, 1.8 oz Each</p><p>$11.99 ($0.56 / Ounce)</p><a href="https://www.amazon.com/dp/B00G2XNSWQ?tag=eloabder-20&linkCode=osi&th=1&psc=1">View Product</a></div><div class="product"><a href="https://www.amazon.com/dp/B00KR7PKTC?tag=eloabder-20&linkCode=osi&th=1&psc=1"><img src="https://m.media-amazon.com/images/I/414UW7g-s5L._SL500_.jpg" alt="Product Image"></a><p>Cheez-It Cheese Crackers, Baked Snack Crackers, Lunch Snacks, Variety Pack, 12.1oz Box (12 Packs)</p><p>$5.82 ($0.48 / Ounce)</p><a href="https://www.amazon.com/dp/B00KR7PKTC?tag=eloabder-20&linkCode=osi&th=1&psc=1">View Product</a></div><div class="product"><a href="https://www.amazon.com/dp/B078D7MGY5?tag=eloabder-20&linkCode=osi&th=1&psc=1"><img src="https://m.media-amazon.com/images/I/41ttxloA1AL._SL500_.jpg" alt="Product Image"></a><p>Pringles Potato Crisps Chips, Lunch Snacks, On-the-Go Snacks, Snack Stacks, Variety Pack, 19.3oz Box (27 Cups)</p><p>$12.99 ($0.67 / Ounce)</p><a href="https://www.amazon.com/dp/B078D7MGY5?tag=eloabder-20&linkCode=osi&th=1&psc=1">View Product</a></div>
<div class="product"><a href="https://www.amazon.com/dp/B0C5YLP6PC?tag=eloabder-20&linkCode=osi&th=1&psc=1"><img src="https://m.media-amazon.com/images/I/41Ru-8CxkhL._SL500_.jpg" alt="Product Image"></a><p>3 Pack, Gluten Free Potato Gnocchi, Cooks in 2-3 minutes, (3 x 1 lb), Italian Gnocchi, Product of Italy, NON GMO, Eggs Free, Vegan, by L'Oro Del Sud</p><p>$17.99 ($1.12 / Ounce)</p><a href="https://www.amazon.com/dp/B0C5YLP6PC?tag=eloabder-20&linkCode=osi&th=1&psc=1">View Product</a></div><div class="product"><a href="https://www.amazon.com/dp/B09Q98H64R?tag=eloabder-20&linkCode=osi&th=1&psc=1"><img src="https://m.media-amazon.com/images/I/5101NV4WQOL._SL500_.jpg" alt="Product Image"></a><p>Kraft Gluten Free Original Mac & Cheese Macaroni and Cheese Dinner, 4 ct Pack, 1.9 oz Cups</p><p>$6.49 ($0.85 / Ounce)</p><a href="https://www.amazon.com/dp/B09Q98H64R?tag=eloabder-20&linkCode=osi&th=1&psc=1">View Product</a></div><div class="product"><a href="https://www.amazon.com/dp/B0BRBWXDTK?tag=eloabder-20&linkCode=osi&th=1&psc=1"><img src="https://m.media-amazon.com/images/I/41Di2iNnMJL._SL500_.jpg" alt="Product Image"></a><p>Katz Gluten Free Oatmeal Crème Pies| Dairy Free, Nut Free, Soy Free, Gluten Free | Kosher (1 Pack 6.3 Ounce)</p><p>$12.99 ($2.16 / Ounce)</p><a href="https://www.amazon.com/dp/B0BRBWXDTK?tag=eloabder-20&linkCode=osi&th=1&psc=1">View Product</a></div><div class="product"><a href="https://www.amazon.com/dp/B01JJ9H1Q8?tag=eloabder-20&linkCode=osi&th=1&psc=1"><img src="https://m.media-amazon.com/images/I/41EC1yykptL._SL500_.jpg" alt="Product Image"></a><p>King Arthur, Measure for Measure Flour, Certified Gluten-Free, Non-GMO Project Verified, Certified Kosher, 3 Pounds, Packaging May Vary</p><p>$8.62 ($0.18 / Ounce)</p><a href="https://www.amazon.com/dp/B01JJ9H1Q8?tag=eloabder-20&linkCode=osi&th=1&psc=1">View Product</a></div><div class="product"><a href="https://www.amazon.com/dp/B07CL1SRNB?tag=eloabder-20&linkCode=osi&th=1&psc=1"><img src="https://m.media-amazon.com/images/I/51jpv3MCzgL._SL500_.jpg" alt="Product Image"></a><p>Snyder's of Hanover, Gluten Free Pretzels, 8 Oz</p><p>$4.89 ($0.61 / Ounce)</p><a href="https://www.amazon.com/dp/B07CL1SRNB?tag=eloabder-20&linkCode=osi&th=1&psc=1">View Product</a></div><div class="product"><a href="https://www.amazon.com/dp/B004TSXNIA?tag=eloabder-20&linkCode=osi&th=1&psc=1"><img src="https://m.media-amazon.com/images/I/5137tUox+SL._SL500_.jpg" alt="Product Image"></a><p>Annie's Gluten Free Cocoa and Vanilla Bunny Cookies, 6.75 oz</p><p>$4.22 ($0.62 / Ounce)</p><a href="https://www.amazon.com/dp/B004TSXNIA?tag=eloabder-20&linkCode=osi&th=1&psc=1">View Product</a></div><div class="product"><a href="https://www.amazon.com/dp/B00GI9B84O?tag=eloabder-20&linkCode=osi&th=1&psc=1"><img src="https://m.media-amazon.com/images/I/41e7kO-b3WS._SL500_.jpg" alt="Product Image"></a><p>Mom's Place Gluten Free Beef Stroganoff Mix</p><p>$5.99 ($5.99 / Count)</p><a href="https://www.amazon.com/dp/B00GI9B84O?tag=eloabder-20&linkCode=osi&th=1&psc=1">View Product</a></div><div class="product"><a href="https://www.amazon.com/dp/B0BXQWVL1Q?tag=eloabder-20&linkCode=osi&th=1&psc=1"><img src="https://m.media-amazon.com/images/I/413idrGl7fL._SL500_.jpg" alt="Product Image"></a><p>Simple Mills Almond Flour Snack Bars (Chocolate Brownie) with Organic Coconut Oil, Chia Seeds, Sunflower Seeds, and Flax Seeds, 6oz, 1 Count</p><p>$4.50 ($0.75 / Ounce)</p><a href="https://www.amazon.com/dp/B0BXQWVL1Q?tag=eloabder-20&linkCode=osi&th=1&psc=1">View Product</a></div><div class="product"><a href="https://www.amazon.com/dp/B09Z9QV2CT?tag=eloabder-20&linkCode=osi&th=1&psc=1"><img src="https://m.media-amazon.com/images/I/41pnXqKjS7L._SL500_.jpg" alt="Product Image"></a><p>Mom's Place Gluten Free Biscuits & Gravy Mix</p><p>$8.99 ($0.67 / Ounce)</p><a href="https://www.amazon.com/dp/B09Z9QV2CT?tag=eloabder-20&linkCode=osi&th=1&psc=1">View Product</a></div>
<div class="product"><a href="https://www.amazon.com/dp/B0BNZF5CCM?tag=eloabder-20&linkCode=osi&th=1&psc=1"><img src="https://m.media-amazon.com/images/I/61ZB1KesX-L._SL500_.jpg" alt="Product Image"></a><p>Midi International Snack Box | Premium Exotic Foreign Snacks | Unique Snack Food Gifts Included | Purple Theme Box | Candies from Around the World | 12 Full-Size + 1 Bonus Snacks</p><p>$14.95 ($14.95 / Count)</p><a href="https://www.amazon.com/dp/B0BNZF5CCM?tag=eloabder-20&linkCode=osi&th=1&psc=1">View Product</a></div><div class="product"><a href="https://www.amazon.com/dp/B08W72N8SM?tag=eloabder-20&linkCode=osi&th=1&psc=1"><img src="https://m.media-amazon.com/images/I/61UC7bprqkL._SL500_.jpg" alt="Product Image"></a><p>Midi International Snack Box | Premium Exotic Foreign Snacks | Unique Snack Food Gifts Included | Fantastic Space Theme | Candies from Around the World | 12 Full-Size + 1 Bonus Snacks</p><p>$14.99 ($1.25 / Count)</p><a href="https://www.amazon.com/dp/B08W72N8SM?tag=eloabder-20&linkCode=osi&th=1&psc=1">View Product</a></div><div class="product"><a href="https://www.amazon.com/dp/B0C6PRVVJY?tag=eloabder-20&linkCode=osi&th=1&psc=1"><img src="https://m.media-amazon.com/images/I/61o8Z3EzSnL._SL500_.jpg" alt="Product Image"></a><p>International Exotic Snack Box Variety Pack, 22 Count Premium Foreign Rare Snack Food Gifts with Suprise Item for Fun, Mystery Box of Snacks, European Snacks for Adults and Kids</p><p>$29.95</p><a href="https://www.amazon.com/dp/B0C6PRVVJY?tag=eloabder-20&linkCode=osi&th=1&psc=1">View Product</a></div><div class="product"><a href="https://www.amazon.com/dp/B09T7B3QFJ?tag=eloabder-20&linkCode=osi&th=1&psc=1"><img src="https://m.media-amazon.com/images/I/61Xx7pPJCkL._SL500_.jpg" alt="Product Image"></a><p>Universal Yums International Snack Box | Variety Pack Of Chips, Candy, Chocolates, And Snacks From Around The World | Foreign Snacks For Office, Family, Gifts, And Parties | (50 Exotic Snacks)</p><p>$49.50</p><a href="https://www.amazon.com/dp/B09T7B3QFJ?tag=eloabder-20&linkCode=osi&th=1&psc=1">View Product</a></div><div class="product"><a href="https://www.amazon.com/dp/B08W71KXLS?tag=eloabder-20&linkCode=osi&th=1&psc=1"><img src="https://m.media-amazon.com/images/I/61dcTJQFmBL._SL500_.jpg" alt="Product Image"></a><p>Midi International Snack Box | Premium Exotic Foreign Snacks | Unique Snack Food Gifts Included | Picnic Box Theme | Candies from Around the World | 12 Full-Size + 1 Bonus Snacks</p><p>$14.99 ($14.99 / Count)</p><a href="https://www.amazon.com/dp/B08W71KXLS?tag=eloabder-20&linkCode=osi&th=1&psc=1">View Product</a></div><div class="product"><a href="https://www.amazon.com/dp/B09TG6WCBC?tag=eloabder-20&linkCode=osi&th=1&psc=1"><img src="https://m.media-amazon.com/images/I/61lmk368l0L._SL500_.jpg" alt="Product Image"></a><p>Midi International Snack Box (Fairy Tale Themed) | Snacks Variety Pack of International Treats | Foreign Snack Box Offering Unique Experience | Mix Care Pack of Turkish Candies | 12 Full-Size Snacks</p><p>$14.99 ($1.00 / Ounce)</p><a href="https://www.amazon.com/dp/B09TG6WCBC?tag=eloabder-20&linkCode=osi&th=1&psc=1">View Product</a></div><div class="product"><a href="https://www.amazon.com/dp/B0BNZCVDYQ?tag=eloabder-20&linkCode=osi&th=1&psc=1"><img src="https://m.media-amazon.com/images/I/61aTXvWjbSL._SL500_.jpg" alt="Product Image"></a><p>Midi International Snack Box | Premium Exotic Foreign Snacks | Unique Snack Food Gifts Included | Orange Nebula Space Theme | Candies from Around the World | 12 Full-Size + 1 Bonus Snacks</p><p>$14.99 ($14.99 / Count)</p><a href="https://www.amazon.com/dp/B0BNZCVDYQ?tag=eloabder-20&linkCode=osi&th=1&psc=1">View Product</a></div><div class="product"><a href="https://www.amazon.com/dp/B0CK8DWXS2?tag=eloabder-20&linkCode=osi&th=1&psc=1"><img src="https://m.media-amazon.com/images/I/511Z-FX62TL._SL500_.jpg" alt="Product Image"></a><p>Mega International Snack Box | Premium Exotic Foreign Snacks | Unique Snack Food Gifts Included | Try Extraordinary Turkish Snacks | Candies from Around the World | 32+1 Full-Size Snacks</p><p>$39.95 ($1.00 / Ounce)</p><a href="https://www.amazon.com/dp/B0CK8DWXS2?tag=eloabder-20&linkCode=osi&th=1&psc=1">View Product</a></div><div class="product"><a href="https://www.amazon.com/dp/B0CGRMR7VN?tag=eloabder-20&linkCode=osi&th=1&psc=1"><img src="https://m.media-amazon.com/images/I/51PgWRUNnkL._SL500_.jpg" alt="Product Image"></a><p>Turkish Foreign Snack Box, Gourmet Turkish Food Gift Box, Variety of Unique Sweets and Savory Snacks from Turkey - International Snacks Box - Full Sized Snacks - 24ct</p><p>$23.99 ($1.00 / Count)</p><a href="https://www.amazon.com/dp/B0CGRMR7VN?tag=eloabder-20&linkCode=osi&th=1&psc=1">View Product</a></div>
<div class="product"><a href="https://www.amazon.com/dp/B001EQ5NHE?tag=eloabder-20&linkCode=osi&th=1&psc=1"><img src="https://m.media-amazon.com/images/I/51Kg06c5YuL._SL500_.jpg" alt="Product Image"></a><p>Spam Classic, 12 Ounce Can (Pack of 12)</p><p>$28.32 ($0.20 / Ounce)</p><a href="https://www.amazon.com/dp/B001EQ5NHE?tag=eloabder-20&linkCode=osi&th=1&psc=1">View Product</a></div><div class="product"><a href="https://www.amazon.com/dp/B08DQ6422D?tag=eloabder-20&linkCode=osi&th=1&psc=1"><img src="https://m.media-amazon.com/images/I/51-xOj2EbVL._SL500_.jpg" alt="Product Image"></a><p>Del Monte Cut Blue Lake Green Beans With No Added Salt 14.5 Oz,(Pack of 4)</p><p>$5.28 ($0.09 / Ounce)</p><a href="https://www.amazon.com/dp/B08DQ6422D?tag=eloabder-20&linkCode=osi&th=1&psc=1">View Product</a></div><div class="product"><a href="https://www.amazon.com/dp/B089PMW6C3?tag=eloabder-20&linkCode=osi&th=1&psc=1"><img src="https://m.media-amazon.com/images/I/41fKtFm2RAL._SL500_.jpg" alt="Product Image"></a><p>SpaghettiOs Canned Pasta with Meatballs, 15.6 oz Can (Pack of 12)</p><p>$11.44 ($0.06 / Ounce)</p><a href="https://www.amazon.com/dp/B089PMW6C3?tag=eloabder-20&linkCode=osi&th=1&psc=1">View Product</a></div><div class="product"><a href="https://www.amazon.com/dp/B006VS7C60?tag=eloabder-20&linkCode=osi&th=1&psc=1"><img src="https://m.media-amazon.com/images/I/51adZb-RUeL._SL500_.jpg" alt="Product Image"></a><p>Campbell’s Pork and Beans, 11 Oz Can (Case of 24)</p><p>$20.64 ($0.08 / Ounce)</p><a href="https://www.amazon.com/dp/B006VS7C60?tag=eloabder-20&linkCode=osi&th=1&psc=1">View Product</a></div><div class="product"><a href="https://www.amazon.com/dp/B00CPDWTBI?tag=eloabder-20&linkCode=osi&th=1&psc=1"><img src="https://m.media-amazon.com/images/I/61M2-LCC5uL._SL500_.jpg" alt="Product Image"></a><p>DEL MONTE FRESH CUT Whole New Canned Potatoes, Canned Vegetables, 12 Pack, 14.5 oz Can</p><p>$17.76 ($0.10 / Ounce)</p><a href="https://www.amazon.com/dp/B00CPDWTBI?tag=eloabder-20&linkCode=osi&th=1&psc=1">View Product</a></div><div class="product"><a href="https://www.amazon.com/dp/B00TFPKEZM?tag=eloabder-20&linkCode=osi&th=1&psc=1"><img src="https://m.media-amazon.com/images/I/51VTHItyaXL._SL500_.jpg" alt="Product Image"></a><p>Del Monte Canned Fresh Cut French Style Green Beans, 8 Ounce (Pack of 12)</p><p>$16.68 ($0.17 / Ounce)</p><a href="https://www.amazon.com/dp/B00TFPKEZM?tag=eloabder-20&linkCode=osi&th=1&psc=1">View Product</a></div><div class="product"><a href="https://www.amazon.com/dp/B08WR5J62L?tag=eloabder-20&linkCode=osi&th=1&psc=1"><img src="https://m.media-amazon.com/images/I/51QjonsN18L._SL500_.jpg" alt="Product Image"></a><p>Chicken of the Sea Chunk Light Tuna in Water, Wild Caught Tuna, 5-Ounce Cans (Pack of 10)</p><p>$8.90 ($2.85 / lb)</p><a href="https://www.amazon.com/dp/B08WR5J62L?tag=eloabder-20&linkCode=osi&th=1&psc=1">View Product</a></div><div class="product"><a href="https://www.amazon.com/dp/B01MQ6BDM0?tag=eloabder-20&linkCode=osi&th=1&psc=1"><img src="https://m.media-amazon.com/images/I/51chxbCoRfL._SL500_.jpg" alt="Product Image"></a><p>Libby's Vienna Sausage in Chicken Broth, Canned Sausage, 4.6 OZ (Pack of 24)</p><p>$23.52 ($0.98 / Count)</p><a href="https://www.amazon.com/dp/B01MQ6BDM0?tag=eloabder-20&linkCode=osi&th=1&psc=1">View Product</a></div><div class="product"><a href="https://www.amazon.com/dp/B01NBFQ8TF?tag=eloabder-20&linkCode=osi&th=1&psc=1"><img src="https://m.media-amazon.com/images/I/41ijyPglLPL._SL500_.jpg" alt="Product Image"></a><p>Bush's Best Baked Beans, Country Style with Bacon and Brown Sugar, 8.3 OZ (Pack of 12)</p><p>$20.28 ($1.69 / Count)</p><a href="https://www.amazon.com/dp/B01NBFQ8TF?tag=eloabder-20&linkCode=osi&th=1&psc=1">View Product</a></div><div class="product"><a href="https://www.amazon.com/dp/B019YHSNGC?tag=eloabder-20&linkCode=osi&th=1&psc=1"><img src="https://m.media-amazon.com/images/I/51oHYkvLL0L._SL500_.jpg" alt="Product Image"></a><p>Bumble Bee Chunk Light Tuna In Water, 5 oz Cans (Pack of 24) - Wild Caught Skipjack Tuna - 23g Protein Per Serving - MSC Certified Sustainable Seafood, Non-GMO, Gluten Free, Kosher</p><p>$23.36 ($0.19 / Ounce)</p><a href="https://www.amazon.com/dp/B019YHSNGC?tag=eloabder-20&linkCode=osi&th=1&psc=1">View Product</a></div>
<div class="product"><a href="https://www.amazon.com/dp/B07KQNNW9K?tag=eloabder-20&linkCode=osi&th=1&psc=1"><img src="https://m.media-amazon.com/images/I/51EVSxp535L._SL500_.jpg" alt="Product Image"></a><p>HORMEL COMPLEATS Protein Variety Pack Microwave Trays (Pack of 5)</p><p>$14.99 ($0.33 / Ounce)</p><a href="https://www.amazon.com/dp/B07KQNNW9K?tag=eloabder-20&linkCode=osi&th=1&psc=1">View Product</a></div><div class="product"><a href="https://www.amazon.com/dp/B000V1JVAI?tag=eloabder-20&linkCode=osi&th=1&psc=1"><img src="https://m.media-amazon.com/images/I/51moeAwg0qL._SL500_.jpg" alt="Product Image"></a><p>HORMEL COMPLEATS Meatloaf & Gravy With Mashed Potatoes Microwave Tray, 9 oz. (6 Pack)</p><p>$13.68 ($0.25 / Ounce)</p><a href="https://www.amazon.com/dp/B000V1JVAI?tag=eloabder-20&linkCode=osi&th=1&psc=1">View Product</a></div><div class="product"><a href="https://www.amazon.com/dp/B001E55YXS?tag=eloabder-20&linkCode=osi&th=1&psc=1"><img src="https://m.media-amazon.com/images/I/51f7Q-awP2L._SL500_.jpg" alt="Product Image"></a><p>HORMEL COMPLEATS Beef Pot Roast Microwave Tray, 9 Ounce (Pack of 6)</p><p>$13.68 ($0.25 / Ounce)</p><a href="https://www.amazon.com/dp/B001E55YXS?tag=eloabder-20&linkCode=osi&th=1&psc=1">View Product</a></div><div class="product"><a href="https://www.amazon.com/dp/B001E52XGO?tag=eloabder-20&linkCode=osi&th=1&psc=1"><img src="https://m.media-amazon.com/images/I/513-IE78MvL._SL500_.jpg" alt="Product Image"></a><p>HORMEL COMPLEATS Turkey & Dressing Microwave Tray, 10 oz. (6 Pack)</p><p>$13.68 ($0.23 / Ounce)</p><a href="https://www.amazon.com/dp/B001E52XGO?tag=eloabder-20&linkCode=osi&th=1&psc=1">View Product</a></div><div class="product"><a href="https://www.amazon.com/dp/B01JLWGOCA?tag=eloabder-20&linkCode=osi&th=1&psc=1"><img src="https://m.media-amazon.com/images/I/41JtN2c2Y3L._SL500_.jpg" alt="Product Image"></a><p>Idahoan Four Cheese Mashed Potatoes, Made with Gluten-Free 100-Percent Real Idaho Potatoes, 1.5 oz Cup (Pack of 10)</p><p>$11.23 ($0.75 / Ounce)</p><a href="https://www.amazon.com/dp/B01JLWGOCA?tag=eloabder-20&linkCode=osi&th=1&psc=1">View Product</a></div><div class="product"><a href="https://www.amazon.com/dp/B08P3SVWFR?tag=eloabder-20&linkCode=osi&th=1&psc=1"><img src="https://m.media-amazon.com/images/I/51Q7KX85dtL._SL500_.jpg" alt="Product Image"></a><p>StarKist Premium White Chicken - 2.6 oz Pouch (Pack of 12)</p><p>$15.06 ($0.48 / Ounce)</p><a href="https://www.amazon.com/dp/B08P3SVWFR?tag=eloabder-20&linkCode=osi&th=1&psc=1">View Product</a></div><div class="product"><a href="https://www.amazon.com/dp/B001E52WAG?tag=eloabder-20&linkCode=osi&th=1&psc=1"><img src="https://m.media-amazon.com/images/I/51dV9dBtkEL._SL500_.jpg" alt="Product Image"></a><p>Dinty Moore Beef Stew, 9-Ounce Packages (Pack of 6)</p><p>$17.34 ($0.32 / Ounce)</p><a href="https://www.amazon.com/dp/B001E52WAG?tag=eloabder-20&linkCode=osi&th=1&psc=1">View Product</a></div><div class="product"><a href="https://www.amazon.com/dp/B0BTQWY5LL?tag=eloabder-20&linkCode=osi&th=1&psc=1"><img src="https://m.media-amazon.com/images/I/61dN-t0ureL._SL500_.jpg" alt="Product Image"></a><p>MISS OLIVE'S Variety Pack Microwavable Low Sodium Ready Meals (Bundle of 6)-1 of each flavor</p><p>$26.49 ($0.63 / Ounce)</p><a href="https://www.amazon.com/dp/B0BTQWY5LL?tag=eloabder-20&linkCode=osi&th=1&psc=1">View Product</a></div><div class="product"><a href="https://www.amazon.com/dp/B0111Y7PO2?tag=eloabder-20&linkCode=osi&th=1&psc=1"><img src="https://m.media-amazon.com/images/I/51ReJtj0zJL._SL500_.jpg" alt="Product Image"></a><p>HORMEL COMPLEATS Rice & Chicken Microwave Tray, 7.5 Ounces (Pack of 7)</p><p>$15.96 ($0.30 / Ounce)</p><a href="https://www.amazon.com/dp/B0111Y7PO2?tag=eloabder-20&linkCode=osi&th=1&psc=1">View Product</a></div><div class="product"><a href="https://www.amazon.com/dp/B09GL33XZG?tag=eloabder-20&linkCode=osi&th=1&psc=1"><img src="https://m.media-amazon.com/images/I/41tbj+XvZLL._SL500_.jpg" alt="Product Image"></a><p>HMR Ultimate Entrée Pack | Pre-packaged Lunch or Dinner to Support Weight Loss | Pack of 17 Ready to Eat Meals | 10-20 grams of Protein per Entrée | Low Calorie Food | 7-8oz Servings per Meal</p><p>$89.99</p><a href="https://www.amazon.com/dp/B09GL33XZG?tag=eloabder-20&linkCode=osi&th=1&psc=1">View Product</a></div>
<div class="product"><a href="https://www.amazon.com/dp/B00I9VBMLI?tag=eloabder-20&linkCode=osi&th=1&psc=1"><img src="https://m.media-amazon.com/images/I/51kyWWI+vRL._SL500_.jpg" alt="Product Image"></a><p>Chef Boyardee Beef Ravioli, 15 oz, 4 Pack</p><p>$4.48 ($0.07 / Count)</p><a href="https://www.amazon.com/dp/B00I9VBMLI?tag=eloabder-20&linkCode=osi&th=1&psc=1">View Product</a></div>
<div class="product"><a href="https://www.amazon.com/dp/B0CJCXLDSP?tag=eloabder-20&linkCode=osi&th=1&psc=1"><img src="https://m.media-amazon.com/images/I/41uUHvJRp2L._SL500_.jpg" alt="Product Image"></a><p>ARM & HAMMER Baking Soda Made in USA, Ideal for Baking, Pure & Natural, 2.7lb Bag</p><p>$7.99 ($0.18 / Ounce)</p><a href="https://www.amazon.com/dp/B0CJCXLDSP?tag=eloabder-20&linkCode=osi&th=1&psc=1">View Product</a></div><div class="product"><a href="https://www.amazon.com/dp/B07JFLXZQV?tag=eloabder-20&linkCode=osi&th=1&psc=1"><img src="https://m.media-amazon.com/images/I/41mGwlHTcmL._SL500_.jpg" alt="Product Image"></a><p>Vanilla Bean Paste for Baking and Cooking - Gourmet Madagascar Bourbon Blend made with Real Vanilla Seeds - 4 Ounces</p><p>$14.99 ($3.75 / Ounce)</p><a href="https://www.amazon.com/dp/B07JFLXZQV?tag=eloabder-20&linkCode=osi&th=1&psc=1">View Product</a></div><div class="product"><a href="https://www.amazon.com/dp/B0046EJ570?tag=eloabder-20&linkCode=osi&th=1&psc=1"><img src="https://m.media-amazon.com/images/I/31TFd1IdsRL._SL500_.jpg" alt="Product Image"></a><p>Watkins All Natural Original Gourmet Baking Vanilla, with Pure Vanilla Extract, 11 Fl Oz (Pack of 1) - Packaging May Vary</p><p>$12.35 ($1.12 / Fl Oz)</p><a href="https://www.amazon.com/dp/B0046EJ570?tag=eloabder-20&linkCode=osi&th=1&psc=1">View Product</a></div><div class="product"><a href="https://www.amazon.com/dp/B00PMUNEK6?tag=eloabder-20&linkCode=osi&th=1&psc=1"><img src="https://m.media-amazon.com/images/I/41LZqR+JNZL._SL500_.jpg" alt="Product Image"></a><p>10 Organic Madagascar Vanilla Beans Whole Grade A Vanilla Pods for Vanilla Extract and Baking</p><p>$11.04 ($1.10 / Count)</p><a href="https://www.amazon.com/dp/B00PMUNEK6?tag=eloabder-20&linkCode=osi&th=1&psc=1">View Product</a></div><div class="product"><a href="https://www.amazon.com/dp/B0CBW3D9T7?tag=eloabder-20&linkCode=osi&th=1&psc=1"><img src="https://m.media-amazon.com/images/I/414XubDDPPL._SL500_.jpg" alt="Product Image"></a><p>Scratch Diastatic Malt Powder for Baking - (10oz) Dried Barley Malt for Baking Bread - Bread Improver - Premium Baking Ingredients for Breads, Pizzas, Pretzels, Desserts, Shakes and More</p><p>$8.95 ($0.90 / Ounce)</p><a href="https://www.amazon.com/dp/B0CBW3D9T7?tag=eloabder-20&linkCode=osi&th=1&psc=1">View Product</a></div><div class="product"><a href="https://www.amazon.com/dp/B00VEJOUXE?tag=eloabder-20&linkCode=osi&th=1&psc=1"><img src="https://m.media-amazon.com/images/I/41HmZhMPH1L._SL500_.jpg" alt="Product Image"></a><p>Bob's Red Mill Baking Soda - 1 Pound (Pack of 4), Non GMO, Gluten Free, Vegan, Kosher, Paleo Friendly</p><p>$13.10 ($0.20 / Ounce)</p><a href="https://www.amazon.com/dp/B00VEJOUXE?tag=eloabder-20&linkCode=osi&th=1&psc=1">View Product</a></div><div class="product"><a href="https://www.amazon.com/dp/B0CG7C5X2F?tag=eloabder-20&linkCode=osi&th=1&psc=1"><img src="https://m.media-amazon.com/images/I/41cN3OdncVL._SL500_.jpg" alt="Product Image"></a><p>Micro Ingredients Baking Soda Powder, 6lbs | Pure Sodium Bicarbonate | Bulk Food Grade Supply | Great for Cleaning, Cooking, Laundry, or Personal Care | Non-GMO, Filler Free</p><p>$13.95 ($0.15 / Ounce)</p><a href="https://www.amazon.com/dp/B0CG7C5X2F?tag=eloabder-20&linkCode=osi&th=1&psc=1">View Product</a></div><div class="product"><a href="https://www.amazon.com/dp/B075456XMK?tag=eloabder-20&linkCode=osi&th=1&psc=1"><img src="https://m.media-amazon.com/images/I/31YCnL21+nL._SL500_.jpg" alt="Product Image"></a><p>Pure Original Ingredients Baking Soda (2 lb) Sodium Bicarbonate (NaHCO3), Always Pure, No Fillers Or Additives.</p><p>$11.99 ($0.37 / Ounce)</p><a href="https://www.amazon.com/dp/B075456XMK?tag=eloabder-20&linkCode=osi&th=1&psc=1">View Product</a></div><div class="product"><a href="https://www.amazon.com/dp/B08FYKMRGT?tag=eloabder-20&linkCode=osi&th=1&psc=1"><img src="https://m.media-amazon.com/images/I/41TdlxCI0EL._SL500_.jpg" alt="Product Image"></a><p>King Arthur, Baking Sugar Alternative, Made with Plant-Based Ingredients, Keto-Friendly, 1-to-1 Substitute for Granulated Sugar, 12 Ounces</p><p>$9.95 ($0.83 / Ounce)</p><a href="https://www.amazon.com/dp/B08FYKMRGT?tag=eloabder-20&linkCode=osi&th=1&psc=1">View Product</a></div><div class="product"><a href="https://www.amazon.com/dp/B07KKL5Q68?tag=eloabder-20&linkCode=osi&th=1&psc=1"><img src="https://m.media-amazon.com/images/I/41G0eZnHIxL._SL500_.jpg" alt="Product Image"></a><p>Pure Original Ingredients Baking Soda (1 Gallon) Aluminum Free, Cooking, Baking, Cleaning</p><p>$30.99 ($0.19 / Ounce)</p><a href="https://www.amazon.com/dp/B07KKL5Q68?tag=eloabder-20&linkCode=osi&th=1&psc=1">View Product</a></div>
<div class="product"><a href="https://www.amazon.com/dp/B0029K0U90?tag=eloabder-20&linkCode=osi&th=1&psc=1"><img src="https://m.media-amazon.com/images/I/412vWjuj9tL._SL500_.jpg" alt="Product Image"></a><p>Mrs. Wages Pasta Sauce Canning Mix 5 Ounce (Pack of 6)</p><p>$19.32 ($0.64 / Ounce)</p><a href="https://www.amazon.com/dp/B0029K0U90?tag=eloabder-20&linkCode=osi&th=1&psc=1">View Product</a></div><div class="product"><a href="https://www.amazon.com/dp/B0005ZWUDU?tag=eloabder-20&linkCode=osi&th=1&psc=1"><img src="https://m.media-amazon.com/images/I/411oE+5BGYL._SL500_.jpg" alt="Product Image"></a><p>Classico Roasted Garlic Tomato Spaghetti Pasta Sauce (24 oz Jar)</p><p>$2.98 ($0.12 / Ounce)</p><a href="https://www.amazon.com/dp/B0005ZWUDU?tag=eloabder-20&linkCode=osi&th=1&psc=1">View Product</a></div><div class="product"><a href="https://www.amazon.com/dp/B00H3TKG6O?tag=eloabder-20&linkCode=osi&th=1&psc=1"><img src="https://m.media-amazon.com/images/I/41dtGUjEl7L._SL500_.jpg" alt="Product Image"></a><p>Classico Family Favorites Traditional Pasta Sauce (24 oz Jar)</p><p>$2.16 ($0.09 / Ounce)</p><a href="https://www.amazon.com/dp/B00H3TKG6O?tag=eloabder-20&linkCode=osi&th=1&psc=1">View Product</a></div><div class="product"><a href="https://www.amazon.com/dp/B088N719GQ?tag=eloabder-20&linkCode=osi&th=1&psc=1"><img src="https://m.media-amazon.com/images/I/412O4vvfLcL._SL500_.jpg" alt="Product Image"></a><p>Prego Traditional Pasta Sauce, 45 Oz Jar</p><p>$4.23 ($0.09 / Ounce)</p><a href="https://www.amazon.com/dp/B088N719GQ?tag=eloabder-20&linkCode=osi&th=1&psc=1">View Product</a></div><div class="product"><a href="https://www.amazon.com/dp/B00IAE65L6?tag=eloabder-20&linkCode=osi&th=1&psc=1"><img src="https://m.media-amazon.com/images/I/41keFWtHEbL._SL500_.jpg" alt="Product Image"></a><p>Prego Traditional Pasta Sauce, 67 Oz Jar</p><p>$5.36 ($0.08 / Ounce)</p><a href="https://www.amazon.com/dp/B00IAE65L6?tag=eloabder-20&linkCode=osi&th=1&psc=1">View Product</a></div><div class="product"><a href="https://www.amazon.com/dp/B0CRXQZMWN?tag=eloabder-20&linkCode=osi&th=1&psc=1"><img src="https://m.media-amazon.com/images/I/41GWdkqzH0L._SL500_.jpg" alt="Product Image"></a><p>Prego Creamy Roasted Garlic Pesto Pasta Sauce, 14.5 oz Jar</p><p>$2.79 ($0.19 / Ounce)</p><a href="https://www.amazon.com/dp/B0CRXQZMWN?tag=eloabder-20&linkCode=osi&th=1&psc=1">View Product</a></div><div class="product"><a href="https://www.amazon.com/dp/B0033TSDKY?tag=eloabder-20&linkCode=osi&th=1&psc=1"><img src="https://m.media-amazon.com/images/I/416ipEt-ErS._SL500_.jpg" alt="Product Image"></a><p>Classico Four Cheese Alfredo Pasta Sauce (15 oz Jar)</p><p>$3.13 ($0.21 / Ounce)</p><a href="https://www.amazon.com/dp/B0033TSDKY?tag=eloabder-20&linkCode=osi&th=1&psc=1">View Product</a></div><div class="product"><a href="https://www.amazon.com/dp/B000Q3R6V2?tag=eloabder-20&linkCode=osi&th=1&psc=1"><img src="https://m.media-amazon.com/images/I/51DwtNnipoL._SL500_.jpg" alt="Product Image"></a><p>Hunt's Traditional Pasta Sauce, 24 oz</p><p>$1.34 ($0.06 / Ounce)</p><a href="https://www.amazon.com/dp/B000Q3R6V2?tag=eloabder-20&linkCode=osi&th=1&psc=1">View Product</a></div><div class="product"><a href="https://www.amazon.com/dp/B00XXGW39Y?tag=eloabder-20&linkCode=osi&th=1&psc=1"><img src="https://m.media-amazon.com/images/I/41FycYZ91BL._SL500_.jpg" alt="Product Image"></a><p>Classico Vodka Sauce Tomato Spaghetti Pasta Sauce (24 oz Jar)</p><p>$2.52 ($0.10 / Fl Oz)</p><a href="https://www.amazon.com/dp/B00XXGW39Y?tag=eloabder-20&linkCode=osi&th=1&psc=1">View Product</a></div><div class="product"><a href="https://www.amazon.com/dp/B07JVJR966?tag=eloabder-20&linkCode=osi&th=1&psc=1"><img src="https://m.media-amazon.com/images/I/412rjNSU1HL._SL500_.jpg" alt="Product Image"></a><p>Prego Traditional Pasta Sauce, 24 Oz Jar (Case of 12)</p><p>$29.76 ($0.10 / Fl Oz)</p><a href="https://www.amazon.com/dp/B07JVJR966?tag=eloabder-20&linkCode=osi&th=1&psc=1">View Product</a></div>
<div class="product"><a href="https://www.amazon.com/dp/B07GBS8GVH?tag=eloabder-20&linkCode=osi&th=1&psc=1"><img src="https://m.media-amazon.com/images/I/51Xpb2UbnAS._SL500_.jpg" alt="Product Image"></a><p>BEN'S ORIGINAL Ready Rice Whole Grain Brown Rice, Easy Dinner Side, 8.8 OZ Pouch (Pack of 6)</p><p>$13.08 ($0.25 / Ounce)</p><a href="https://www.amazon.com/dp/B07GBS8GVH?tag=eloabder-20&linkCode=osi&th=1&psc=1">View Product</a></div><div class="product"><a href="https://www.amazon.com/dp/B000YPKPV0?tag=eloabder-20&linkCode=osi&th=1&psc=1"><img src="https://m.media-amazon.com/images/I/51RKdJy7-TL._SL500_.jpg" alt="Product Image"></a><p>Rice-A-Roni Long grain & wild rice with herbs, 4.3 Ounce Pack of 12</p><p>$12.00 ($0.23 / Ounce)</p><a href="https://www.amazon.com/dp/B000YPKPV0?tag=eloabder-20&linkCode=osi&th=1&psc=1">View Product</a></div><div class="product"><a href="https://www.amazon.com/dp/B004NRLAVY?tag=eloabder-20&linkCode=osi&th=1&psc=1"><img src="https://m.media-amazon.com/images/I/51l35npdSyL._SL500_.jpg" alt="Product Image"></a><p>Nishiki Premium Rice, Medium Grain,15 Pound (Pack of 1)</p><p>$20.19 ($0.08 / Ounce)</p><a href="https://www.amazon.com/dp/B004NRLAVY?tag=eloabder-20&linkCode=osi&th=1&psc=1">View Product</a></div><div class="product"><a href="https://www.amazon.com/dp/B00MMTQAF6?tag=eloabder-20&linkCode=osi&th=1&psc=1"><img src="https://m.media-amazon.com/images/I/41uID5vVhuL._SL500_.jpg" alt="Product Image"></a><p>Mahatma Extra Long Grain White Rice, 10 Pound, Gluten-Free and Non-GMO, Rice Bulk Bag (Pack of 1)</p><p>$9.98 ($0.06 / Ounce)</p><a href="https://www.amazon.com/dp/B00MMTQAF6?tag=eloabder-20&linkCode=osi&th=1&psc=1">View Product</a></div><div class="product"><a href="https://www.amazon.com/dp/B00I330QEQ?tag=eloabder-20&linkCode=osi&th=1&psc=1"><img src="https://m.media-amazon.com/images/I/41eu-3nevsL._SL500_.jpg" alt="Product Image"></a><p>Authentic Royal - Naturally Aged Long Grain Indian White Basmati Rice - 15 lbs</p><p>$15.03 ($0.06 / Ounce)</p><a href="https://www.amazon.com/dp/B00I330QEQ?tag=eloabder-20&linkCode=osi&th=1&psc=1">View Product</a></div><div class="product"><a href="https://www.amazon.com/dp/B00CLGUKKG?tag=eloabder-20&linkCode=osi&th=1&psc=1"><img src="https://m.media-amazon.com/images/I/41mEtyqtEVL._SL500_.jpg" alt="Product Image"></a><p>Mahatma Whole-Grain Brown Rice, 32-Ounce Bag of Rice, Stovetop or Microwave Rice</p><p>$2.68 ($0.08 / Ounce)</p><a href="https://www.amazon.com/dp/B00CLGUKKG?tag=eloabder-20&linkCode=osi&th=1&psc=1">View Product</a></div><div class="product"><a href="https://www.amazon.com/dp/B0087HFXJ6?tag=eloabder-20&linkCode=osi&th=1&psc=1"><img src="https://m.media-amazon.com/images/I/51eYTUAUKZL._SL500_.jpg" alt="Product Image"></a><p>RiceSelect Royal Blend, Blend Of Texmati White, Brown, Red, And Wild Rice, Premium Gluten Free Rice, Non-GMO, 21 Ounce Jar</p><p>$6.98 ($0.33 / Ounce)</p><a href="https://www.amazon.com/dp/B0087HFXJ6?tag=eloabder-20&linkCode=osi&th=1&psc=1">View Product</a></div><div class="product"><a href="https://www.amazon.com/dp/B07HKTD2BD?tag=eloabder-20&linkCode=osi&th=1&psc=1"><img src="https://m.media-amazon.com/images/I/519+60cp2dL._SL500_.jpg" alt="Product Image"></a><p>Nishiki Premium 7 Grains Mix, 2 Pound</p><p>$14.49 ($0.45 / Ounce)</p><a href="https://www.amazon.com/dp/B07HKTD2BD?tag=eloabder-20&linkCode=osi&th=1&psc=1">View Product</a></div><div class="product"><a href="https://www.amazon.com/dp/B00G9U46DW?tag=eloabder-20&linkCode=osi&th=1&psc=1"><img src="https://m.media-amazon.com/images/I/51Xpb2UbnAS._SL500_.jpg" alt="Product Image"></a><p>BEN'S ORIGINAL Ready Rice Whole Grain Brown Rice, Easy Dinner Side, 8.8 OZ Pouch (Pack of 12)</p><p>$26.16 ($0.25 / Ounce)</p><a href="https://www.amazon.com/dp/B00G9U46DW?tag=eloabder-20&linkCode=osi&th=1&psc=1">View Product</a></div>
<div class="product"><a href="https://www.amazon.com/dp/B0D4KLB4HP?tag=eloabder-20&linkCode=osi&th=1&psc=1"><img src="https://m.media-amazon.com/images/I/51r7s+M2jqL._SL500_.jpg" alt="Product Image"></a><p>Chronos Condiment 150 bundle pack - 50 Single Serve Pouches of Each: Ketchup, Mustard, and Mayo - 150 Pack, Great for Picnics, Boxed Lunch, BBQ, Travel, and Parties</p><p>$21.97</p><a href="https://www.amazon.com/dp/B0D4KLB4HP?tag=eloabder-20&linkCode=osi&th=1&psc=1">View Product</a></div><div class="product"><a href="https://www.amazon.com/dp/B003XLOOCS?tag=eloabder-20&linkCode=osi&th=1&psc=1"><img src="https://m.media-amazon.com/images/I/51x0jDzOLjL._SL500_.jpg" alt="Product Image"></a><p>Heinz Tomato Ketchup, Relish, and Mustard Picnic Pack, 3 Count</p><p>$5.98 ($0.11 / Ounce)</p><a href="https://www.amazon.com/dp/B003XLOOCS?tag=eloabder-20&linkCode=osi&th=1&psc=1">View Product</a></div><div class="product"><a href="https://www.amazon.com/dp/B0992VW16R?tag=eloabder-20&linkCode=osi&th=1&psc=1"><img src="https://m.media-amazon.com/images/I/51eFgOarc1L._SL500_.jpg" alt="Product Image"></a><p>Grab-n-Go Condiment Packs - 50 Single Serve Pouches of Each: Ketchup, Mustard, Relish, and Mayo - Great for Picnics, Boxed Lunch, BBQ, Travel, Picnic and Parties (200 Condiment Packets Total)</p><p>$29.99 ($0.15 / Count)</p><a href="https://www.amazon.com/dp/B0992VW16R?tag=eloabder-20&linkCode=osi&th=1&psc=1">View Product</a></div><div class="product"><a href="https://www.amazon.com/dp/B0D3J9HHS2?tag=eloabder-20&linkCode=osi&th=1&psc=1"><img src="https://m.media-amazon.com/images/I/51VkOjMAkXL._SL500_.jpg" alt="Product Image"></a><p>Heinz Condiment Packets Variety 100 Pack- 25 Heinz Ketchup Packets, 25 Mayonnaise Packets, 25 Mustard Packets, and 25 Relish Packets. Ketchup Heinz, Mayo Packets.</p><p>$19.99 ($0.20 / Count)</p><a href="https://www.amazon.com/dp/B0D3J9HHS2?tag=eloabder-20&linkCode=osi&th=1&psc=1">View Product</a></div><div class="product"><a href="https://www.amazon.com/dp/B091DCC2CH?tag=eloabder-20&linkCode=osi&th=1&psc=1"><img src="https://m.media-amazon.com/images/I/415Iq4kWRXL._SL500_.jpg" alt="Product Image"></a><p>Hellmann's Real Mayonnaise Squeeze Bottle 3 Count a Rich Creamy Condiment Gluten Free, Made With 100% Cage-Free Eggs 20 oz</p><p>$11.90 ($0.20 / Fl Oz)</p><a href="https://www.amazon.com/dp/B091DCC2CH?tag=eloabder-20&linkCode=osi&th=1&psc=1">View Product</a></div><div class="product"><a href="https://www.amazon.com/dp/B0CMR2DML7?tag=eloabder-20&linkCode=osi&th=1&psc=1"><img src="https://m.media-amazon.com/images/I/61dFhpega1L._SL500_.jpg" alt="Product Image"></a><p>Crait Individual Condiment Packets Variety Pack of 50 Hot Sauce Packets with Mayo Packets, Ketchup Packets and Yellow Mustard Packets Single Serve</p><p>$15.00 ($0.30 / Count)</p><a href="https://www.amazon.com/dp/B0CMR2DML7?tag=eloabder-20&linkCode=osi&th=1&psc=1">View Product</a></div><div class="product"><a href="https://www.amazon.com/dp/B0D3JCR2XS?tag=eloabder-20&linkCode=osi&th=1&psc=1"><img src="https://m.media-amazon.com/images/I/51RtTP7u7aL._SL500_.jpg" alt="Product Image"></a><p>Hot Sauce Variety Pack of 48 Condiment Packets. 4 Each of 12 Flavors. Texas Pete Hot Sauce Packets, Mini Condiments, Mini Hot Sauce, Condiment Packets Variety Pack, Single Serve</p><p>$17.99 ($0.37 / Count)</p><a href="https://www.amazon.com/dp/B0D3JCR2XS?tag=eloabder-20&linkCode=osi&th=1&psc=1">View Product</a></div><div class="product"><a href="https://www.amazon.com/dp/B00XK3IYUW?tag=eloabder-20&linkCode=osi&th=1&psc=1"><img src="https://m.media-amazon.com/images/I/51T9Vgtx+bL._SL500_.jpg" alt="Product Image"></a><p>Heinz Condiment Packets Ketchup and Mustard (100 Total; 50 Each Flavor)</p><p>$13.10 ($0.60 / Ounce)</p><a href="https://www.amazon.com/dp/B00XK3IYUW?tag=eloabder-20&linkCode=osi&th=1&psc=1">View Product</a></div>
<div class="product"><a href="https://www.amazon.com/dp/B09DYZSHJR?tag=eloabder-20&linkCode=osi&th=1&psc=1"><img src="https://m.media-amazon.com/images/I/31fEqU5FfOL._SL500_.jpg" alt="Product Image"></a><p>DaVinci Gourmet Honey Syrup, 25.4 Fluid Ounce (Pack of 1)</p><p>$9.99 ($0.39 / Fl Oz)</p><a href="https://www.amazon.com/dp/B09DYZSHJR?tag=eloabder-20&linkCode=osi&th=1&psc=1">View Product</a></div><div class="product"><a href="https://www.amazon.com/dp/B09GW7TXH3?tag=eloabder-20&linkCode=osi&th=1&psc=1"><img src="https://m.media-amazon.com/images/I/31hUGuR-NsL._SL500_.jpg" alt="Product Image"></a><p>Glorybee, Premium Honey Syrup, Real Honey, No Artifical colors or flavors, 25.4 fl oz</p><p>$10.73 ($0.42 / Fl Oz)</p><a href="https://www.amazon.com/dp/B09GW7TXH3?tag=eloabder-20&linkCode=osi&th=1&psc=1">View Product</a></div><div class="product"><a href="https://www.amazon.com/dp/B07C1138N5?tag=eloabder-20&linkCode=osi&th=1&psc=1"><img src="https://m.media-amazon.com/images/I/31bISVR+FkL._SL500_.jpg" alt="Product Image"></a><p>Monin - Honey Syrup, Smooth Sweet Honey Flavor, Great for Teas, Lemonades, Cocktails, & Coffee, Gluten-Free, Non-GMO (1 Liter)</p><p>$19.13 ($0.57 / Fl Oz)</p><a href="https://www.amazon.com/dp/B07C1138N5?tag=eloabder-20&linkCode=osi&th=1&psc=1">View Product</a></div><div class="product"><a href="https://www.amazon.com/dp/B0D43FMJ8V?tag=eloabder-20&linkCode=osi&th=1&psc=1"><img src="https://m.media-amazon.com/images/I/41P8d3eueDL._SL500_.jpg" alt="Product Image"></a><p>Torani Salted Honey Butter Syrup for Coffee 25.4 Ounces Coffee Syrups and Flavors with Jimoco Pump Syrup Dispenser</p><p>$17.95 ($0.71 / Fl Oz)</p><a href="https://www.amazon.com/dp/B0D43FMJ8V?tag=eloabder-20&linkCode=osi&th=1&psc=1">View Product</a></div><div class="product"><a href="https://www.amazon.com/dp/B00IRRJBRQ?tag=eloabder-20&linkCode=osi&th=1&psc=1"><img src="https://m.media-amazon.com/images/I/31a3OJgvluL._SL500_.jpg" alt="Product Image"></a><p>Torani Honey Sweetener, 25.4 Ounce (Pack of 4)</p><p>$25.47 ($0.25 / Fl Oz)</p><a href="https://www.amazon.com/dp/B00IRRJBRQ?tag=eloabder-20&linkCode=osi&th=1&psc=1">View Product</a></div><div class="product"><a href="https://www.amazon.com/dp/B0BSMPDPZ9?tag=eloabder-20&linkCode=osi&th=1&psc=1"><img src="https://m.media-amazon.com/images/I/41A+L9ilEXL._SL500_.jpg" alt="Product Image"></a><p>Monin - Hot Honey Syrup, Robust Sweet & Spicy Flavors, Great for Lemonades, Teas, Cocktails, Culinary Recipes, & More, No Artificial Sweeteners, Gluten-Free, Non-GMO, Clean Label (1 Liter)</p><p>$17.99 ($0.53 / Fl Oz)</p><a href="https://www.amazon.com/dp/B0BSMPDPZ9?tag=eloabder-20&linkCode=osi&th=1&psc=1">View Product</a></div><div class="product"><a href="https://www.amazon.com/dp/B078YFLF9K?tag=eloabder-20&linkCode=osi&th=1&psc=1"><img src="https://m.media-amazon.com/images/I/41Gx-mwendL._SL500_.jpg" alt="Product Image"></a><p>Tippleman's Ginger Honey Syrup - Craft Cocktail Mixer - All Natural Complex Syrup for Cocktails and Non-Alcoholic Beverages - Margarita, Whiskey Sour, or Sweet Iced Tea - Makes 17 Cocktails</p><p>$24.99 ($1.92 / Fl Oz)</p><a href="https://www.amazon.com/dp/B078YFLF9K?tag=eloabder-20&linkCode=osi&th=1&psc=1">View Product</a></div><div class="product"><a href="https://www.amazon.com/dp/B07CWFJV6C?tag=eloabder-20&linkCode=osi&th=1&psc=1"><img src="https://m.media-amazon.com/images/I/41cmu+ltDxL._SL500_.jpg" alt="Product Image"></a><p>Robitussin Maximum Strength Honey Cough + Chest Congestion DM, Cough Medicine for Cough and Chest Congestion Relief Made with Real Honey- 4 Fl Oz Bottle</p><p>$11.74 ($2.94 / Fl Oz)</p><a href="https://www.amazon.com/dp/B07CWFJV6C?tag=eloabder-20&linkCode=osi&th=1&psc=1">View Product</a></div><div class="product"><a href="https://www.amazon.com/dp/B005S1LP28?tag=eloabder-20&linkCode=osi&th=1&psc=1"><img src="https://m.media-amazon.com/images/I/41DkU4bxBrL._SL500_.jpg" alt="Product Image"></a><p>Monin - Organic Honey Sweetener, Low-Calorie Liquid Sweetener, Sugar Substitute, Coffee Syrup, Made with Organic Honey, Simple Syrup for Cocktails, Iced Tea, & More, Clean Label (1 Liter)</p><p>$26.99 ($0.80 / Fl Oz)</p><a href="https://www.amazon.com/dp/B005S1LP28?tag=eloabder-20&linkCode=osi&th=1&psc=1">View Product</a></div>
<div class="product"><a href="https://www.amazon.com/dp/B0D3FYHWP7?tag=eloabder-20&linkCode=osi&th=1&psc=1"><img src="https://m.media-amazon.com/images/I/41W51dqWhAL._SL500_.jpg" alt="Product Image"></a><p>Blueprint Bryan Johnson Nutty Butter - Macadamia Nuts and Walnuts - Just 3 Ingredients - No Palm Oil - Keto and Low Carb Snack - No Added Sugar, Vegan, Non GMO, Keto and Paleo Friendly (8.8 ounces)</p><p>$11.00 ($1.25 / Ounce)</p><a href="https://www.amazon.com/dp/B0D3FYHWP7?tag=eloabder-20&linkCode=osi&th=1&psc=1">View Product</a></div><div class="product"><a href="https://www.amazon.com/dp/B0B34J7HHD?tag=eloabder-20&linkCode=osi&th=1&psc=1"><img src="https://m.media-amazon.com/images/I/31UpKhqk2QL._SL500_.jpg" alt="Product Image"></a><p>Octonuts Dry Roasted Pure Cashew 16oz Nut Butter 16oz - Pure Creamy Nut Butter - Gluten Free, Vegan, Kosher, Paleo, Non-GMO Nut Butters Single Ingredient</p><p>$11.99 ($0.75 / Ounce)</p><a href="https://www.amazon.com/dp/B0B34J7HHD?tag=eloabder-20&linkCode=osi&th=1&psc=1">View Product</a></div><div class="product"><a href="https://www.amazon.com/dp/B09NP7D465?tag=eloabder-20&linkCode=osi&th=1&psc=1"><img src="https://m.media-amazon.com/images/I/51+XSeELM2L._SL500_.jpg" alt="Product Image"></a><p>Crazy Go Nuts Walnut Butter - Plain w/ Sea Salt - Healthy Snacks, Keto, Vegan, Low Carb, Gluten Free, Superfood - Natural, Non-GMO, ALA, Omega 3 Fatty Acids, Good Fats and Antioxidants - 9.25 oz (1-Pack)</p><p>$10.99 ($1.19 / Ounce)</p><a href="https://www.amazon.com/dp/B09NP7D465?tag=eloabder-20&linkCode=osi&th=1&psc=1">View Product</a></div><div class="product"><a href="https://www.amazon.com/dp/B00KHAG1BK?tag=eloabder-20&linkCode=osi&th=1&psc=1"><img src="https://m.media-amazon.com/images/I/41nZVovN5oL._SL500_.jpg" alt="Product Image"></a><p>JUSTIN'S Classic Gluten-Free Almond Butter Squeeze Packs, 1.15 Ounce (Pack of 10)</p><p>$13.40 ($1.17 / Ounce)</p><a href="https://www.amazon.com/dp/B00KHAG1BK?tag=eloabder-20&linkCode=osi&th=1&psc=1">View Product</a></div><div class="product"><a href="https://www.amazon.com/dp/B01M06S98E?tag=eloabder-20&linkCode=osi&th=1&psc=1"><img src="https://m.media-amazon.com/images/I/41fCsKiYMdL._SL500_.jpg" alt="Product Image"></a><p>Organic Power Fuel Crunchy Nut Butter by NuttZo | 7 Nuts & Seeds Blend, Paleo, Non-GMO, Gluten-Free, Vegan, Kosher | 1g Sugar, 6g Protein | 26oz Jar</p><p>$21.99 ($0.85 / Ounce)</p><a href="https://www.amazon.com/dp/B01M06S98E?tag=eloabder-20&linkCode=osi&th=1&psc=1">View Product</a></div><div class="product"><a href="https://www.amazon.com/dp/B07CGZ2RJQ?tag=eloabder-20&linkCode=osi&th=1&psc=1"><img src="https://m.media-amazon.com/images/I/41eZiTYDVgL._SL500_.jpg" alt="Product Image"></a><p>Vör Pure Macadamia Nut Butter Spread (11oz) | Only One Ingredient</p><p>$18.99 ($1.73 / Ounce)</p><a href="https://www.amazon.com/dp/B07CGZ2RJQ?tag=eloabder-20&linkCode=osi&th=1&psc=1">View Product</a></div><div class="product"><a href="https://www.amazon.com/dp/B00X7W96OO?tag=eloabder-20&linkCode=osi&th=1&psc=1"><img src="https://m.media-amazon.com/images/I/41jU7bL5rFL._SL500_.jpg" alt="Product Image"></a><p>MaraNatha Creamy Roasted Caramel Almond Butter, No Stir, 12 Ounce Jar</p><p>$6.94 ($0.58 / Ounce)</p><a href="https://www.amazon.com/dp/B00X7W96OO?tag=eloabder-20&linkCode=osi&th=1&psc=1">View Product</a></div>
<div class="product"><a href="https://www.amazon.com/dp/B01CUS63OG?tag=eloabder-20&linkCode=osi&th=1&psc=1"><img src="https://m.media-amazon.com/images/I/51o0FJwMj8L._SL500_.jpg" alt="Product Image"></a><p>Anna and Sarah Tropical Dried Fruit Mix 2 Lbs</p><p>$17.99 ($9.00 / lb)</p><a href="https://www.amazon.com/dp/B01CUS63OG?tag=eloabder-20&linkCode=osi&th=1&psc=1">View Product</a></div><div class="product"><a href="https://www.amazon.com/dp/B09LZ7YCF7?tag=eloabder-20&linkCode=osi&th=1&psc=1"><img src="https://m.media-amazon.com/images/I/41XMLNKxlML._SL500_.jpg" alt="Product Image"></a><p>Dried Pineapple Chunks, 1 Pound. Dehydrated Pineapple Chunk, Dehydrated Pineapple Bulk, Dried Pineapple Bits. All Natural, Non-GMO, Lightly Sweetened Dried Pineapples, 16 oz.</p><p>$9.99 ($0.62 / oz)</p><a href="https://www.amazon.com/dp/B09LZ7YCF7?tag=eloabder-20&linkCode=osi&th=1&psc=1">View Product</a></div><div class="product"><a href="https://www.amazon.com/dp/B000M69QRU?tag=eloabder-20&linkCode=osi&th=1&psc=1"><img src="https://m.media-amazon.com/images/I/51EyH2xvyyS._SL500_.jpg" alt="Product Image"></a><p>Ocean Spray Craisins Dried Cranberries, Original, 48 Ounce</p><p>$7.62 ($0.16 / Fl Oz)</p><a href="https://www.amazon.com/dp/B000M69QRU?tag=eloabder-20&linkCode=osi&th=1&psc=1">View Product</a></div><div class="product"><a href="https://www.amazon.com/dp/B09YTMZ1GP?tag=eloabder-20&linkCode=osi&th=1&psc=1"><img src="https://m.media-amazon.com/images/I/51+y56cVq0L._SL500_.jpg" alt="Product Image"></a><p>Oregon Farm Fresh Snacks Dried Fruit Mix – 24oz Healthy Snacks - Fresh and Natural Fruit Trail Mix – Mixed Fruit Snacks for Adults and Kids – Ideal for Breakfast, Cakes, Snacks</p><p>$17.99 ($0.75 / Ounce)</p><a href="https://www.amazon.com/dp/B09YTMZ1GP?tag=eloabder-20&linkCode=osi&th=1&psc=1">View Product</a></div><div class="product"><a href="https://www.amazon.com/dp/B08Z5QXBK1?tag=eloabder-20&linkCode=osi&th=1&psc=1"><img src="https://m.media-amazon.com/images/I/51a0Oclr3nS._SL500_.jpg" alt="Product Image"></a><p>Dried Cherries Tart Cherry, 1lb. Montmorency Tart Cherries, Dried Sour Cherries Fresh, Montmorency Dried Tart Cherries, Dried Cherries, All-Natural Whole Sour Cherry 16 oz.</p><p>$14.28 ($0.89 / oz)</p><a href="https://www.amazon.com/dp/B08Z5QXBK1?tag=eloabder-20&linkCode=osi&th=1&psc=1">View Product</a></div><div class="product"><a href="https://www.amazon.com/dp/B00F34772M?tag=eloabder-20&linkCode=osi&th=1&psc=1"><img src="https://m.media-amazon.com/images/I/51AsgKQIMiL._SL500_.jpg" alt="Product Image"></a><p>A Gift Inside Sweet Bloom Dried Fruit Deluxe Tray Basket Arrangement for Holiday Birthday Healthy Snack Business Kosher</p><p>$33.20</p><a href="https://www.amazon.com/dp/B00F34772M?tag=eloabder-20&linkCode=osi&th=1&psc=1">View Product</a></div><div class="product"><a href="https://www.amazon.com/dp/B01N057EEP?tag=eloabder-20&linkCode=osi&th=1&psc=1"><img src="https://m.media-amazon.com/images/I/51MrelYxkML._SL500_.jpg" alt="Product Image"></a><p>Mavuno Harvest Organic Dried Fruit Variety Pack | Dried Mango, Pineapple, and Jackfruit | Healthy, Vegan, No Sugar Added, Non GMO Snacks for Kids & Adults | 2 Ounce, Pack of 3</p><p>$13.99 ($2.33 / Ounce)</p><a href="https://www.amazon.com/dp/B01N057EEP?tag=eloabder-20&linkCode=osi&th=1&psc=1">View Product</a></div><div class="product"><a href="https://www.amazon.com/dp/B08JWR4M3F?tag=eloabder-20&linkCode=osi&th=1&psc=1"><img src="https://m.media-amazon.com/images/I/41rjnxAN2FL._SL500_.jpg" alt="Product Image"></a><p>Sunrise Fresh Dried Sweet Cherries, Unsweetened, No Sugar Added, Fresh Fruit Flavor, 1 lb Bag</p><p>$14.49 ($0.91 / oz)</p><a href="https://www.amazon.com/dp/B08JWR4M3F?tag=eloabder-20&linkCode=osi&th=1&psc=1">View Product</a></div><div class="product"><a href="https://www.amazon.com/dp/B08YP8NQP4?tag=eloabder-20&linkCode=osi&th=1&psc=1"><img src="https://m.media-amazon.com/images/I/51GM51afRIS._SL500_.jpg" alt="Product Image"></a><p>Whole Dried Blueberries, No Sugar Added, Bulk, Dehydrated, Dried Unsweetened Blueberries, All Natural, Non-GMO, 1 Pound. - 16 oz.</p><p>$17.44 ($1.09 / oz)</p><a href="https://www.amazon.com/dp/B08YP8NQP4?tag=eloabder-20&linkCode=osi&th=1&psc=1">View Product</a></div>
<div class="product"><a href="https://www.amazon.com/dp/B084T1VWP5?tag=eloabder-20&linkCode=osi&th=1&psc=1"><img src="https://m.media-amazon.com/images/I/51o0utHF41L._SL500_.jpg" alt="Product Image"></a><p>Planters Pop & Pour Dry Roasted Sunflower Seeds, (4 - 5.85 oz. Jars)</p><p>$7.96 ($0.34 / Ounce)</p><a href="https://www.amazon.com/dp/B084T1VWP5?tag=eloabder-20&linkCode=osi&th=1&psc=1">View Product</a></div><div class="product"><a href="https://www.amazon.com/dp/B07TZX3KQZ?tag=eloabder-20&linkCode=osi&th=1&psc=1"><img src="https://m.media-amazon.com/images/I/41OvCvu5E9L._SL500_.jpg" alt="Product Image"></a><p>Yupik Organic Super 6 Seeds Mix, 2.2 lb, Non-GMO, Vegan</p><p>$11.99 ($0.34 / Ounce)</p><a href="https://www.amazon.com/dp/B07TZX3KQZ?tag=eloabder-20&linkCode=osi&th=1&psc=1">View Product</a></div><div class="product"><a href="https://www.amazon.com/dp/B07W7ZZJQB?tag=eloabder-20&linkCode=osi&th=1&psc=1"><img src="https://m.media-amazon.com/images/I/51jbKA5l0CL._SL500_.jpg" alt="Product Image"></a><p>Southern Style Nuts Gourmet Hunter Mix, 23 Ounces, Sesame Sticks, Peanuts, Sunflower Kernels, Almonds, Cashews, and Pepitas</p><p>$7.92 ($0.34 / Ounce)</p><a href="https://www.amazon.com/dp/B07W7ZZJQB?tag=eloabder-20&linkCode=osi&th=1&psc=1">View Product</a></div><div class="product"><a href="https://www.amazon.com/dp/B089LJB5F5?tag=eloabder-20&linkCode=osi&th=1&psc=1"><img src="https://m.media-amazon.com/images/I/51kS4PKIyZL._SL500_.jpg" alt="Product Image"></a><p>Fisher Oven Roasted Never Fried Deluxe Mixed Nuts, 24 Ounces (Pack of 1), Almonds, Cashews, Pecans, Pistachios, Snacks for Adults, Made With Sea Salt, No Added Oil, Artificial Ingredients or Preservatives, Trail Mix, Gluten Free</p><p>$17.09 ($0.71 / Ounce)</p><a href="https://www.amazon.com/dp/B089LJB5F5?tag=eloabder-20&linkCode=osi&th=1&psc=1">View Product</a></div><div class="product"><a href="https://www.amazon.com/dp/B077HZW2FX?tag=eloabder-20&linkCode=osi&th=1&psc=1"><img src="https://m.media-amazon.com/images/I/51AQx+2kfEL._SL500_.jpg" alt="Product Image"></a><p>BetterBody Foods Superfood Organic Super Seeds - Blend of Organic Chia Seeds, Milled Flax Seed, Hemp Hearts, Add to Smoothies Shakes & More, 1lb, 16 oz</p><p>$10.66 ($0.67 / Ounce)</p><a href="https://www.amazon.com/dp/B077HZW2FX?tag=eloabder-20&linkCode=osi&th=1&psc=1">View Product</a></div><div class="product"><a href="https://www.amazon.com/dp/B00PPKSZO8?tag=eloabder-20&linkCode=osi&th=1&psc=1"><img src="https://m.media-amazon.com/images/I/41Q7alFU8RL._SL500_.jpg" alt="Product Image"></a><p>PLANTERS Unsalted Mixed Nuts, Cashews, Almonds, Hazelnuts, Pecans, Pistachios no Shell, Party Snacks, Plant-Based Protein, Quick Snack for Adults, After School Snack, Kosher, 2.16lb Container</p><p>$17.26 ($0.50 / Fl Oz)</p><a href="https://www.amazon.com/dp/B00PPKSZO8?tag=eloabder-20&linkCode=osi&th=1&psc=1">View Product</a></div><div class="product"><a href="https://www.amazon.com/dp/B0CHLKJ7JM?tag=eloabder-20&linkCode=osi&th=1&psc=1"><img src="https://m.media-amazon.com/images/I/51sXps1S2KL._SL500_.jpg" alt="Product Image"></a><p>KIND Seeds Fruit & Nuts Snack Bar, Orange Cranberry | 5g Protein, High Fiber, Gluten Free Bars, 1.4 OZ, 12 Count</p><p>$14.96 ($1.25 / Count)</p><a href="https://www.amazon.com/dp/B0CHLKJ7JM?tag=eloabder-20&linkCode=osi&th=1&psc=1">View Product</a></div><div class="product"><a href="https://www.amazon.com/dp/B0CHLD9ZKL?tag=eloabder-20&linkCode=osi&th=1&psc=1"><img src="https://m.media-amazon.com/images/I/51l78v8NL9L._SL500_.jpg" alt="Product Image"></a><p>KIND Seeds Fruit & Nuts Snack Bar, Strawberry Sunflower Seed | 5g Protein, High Fiber, Gluten Free Bars, 1.4 OZ, 12 Count</p><p>$13.58 ($1.13 / Count)</p><a href="https://www.amazon.com/dp/B0CHLD9ZKL?tag=eloabder-20&linkCode=osi&th=1&psc=1">View Product</a></div><div class="product"><a href="https://www.amazon.com/dp/B079WN7C3F?tag=eloabder-20&linkCode=osi&th=1&psc=1"><img src="https://m.media-amazon.com/images/I/41YqpED33FL._SL500_.jpg" alt="Product Image"></a><p>GERBS Raw Super 7 Seed Snack Trail Mix 1 LBS. | Top 14 Food Allergy Free | Resealable Bulk Bag | Made in USA | Raw Pumpkin | Sunflower | Brown & Golden Flax | Black & White Chia | Hemp | Gluten Free</p><p>$14.99 ($0.94 / Ounce)</p><a href="https://www.amazon.com/dp/B079WN7C3F?tag=eloabder-20&linkCode=osi&th=1&psc=1">View Product</a></div><div class="product"><a href="https://www.amazon.com/dp/B00CYK8DOE?tag=eloabder-20&linkCode=osi&th=1&psc=1"><img src="https://m.media-amazon.com/images/I/41hvbaCdz6L._SL500_.jpg" alt="Product Image"></a><p>Oh! Nuts Roasted Salted Pumpkin Seeds | Resealable 2LB Bulk Bag of Unshelled Pepitas | All-Natural Protein Power for Gluten-Free & Vegan Snacking | Fresh & Healthy Keto Snacks</p><p>$18.81 ($0.59 / Ounce)</p><a href="https://www.amazon.com/dp/B00CYK8DOE?tag=eloabder-20&linkCode=osi&th=1&psc=1">View Product</a></div>

<div class="product"><a href="https://www.amazon.com/dp/B08TTFGPS5?tag=eloabder-20&linkCode=osi&th=1&psc=1"><img src="https://m.media-amazon.com/images/I/51LP-kQBLAL._SL500_.jpg" alt="Product Image"></a><p>Pine River Cheese Spreads - Variety Pack 3 8oz. Sharp Cheddar-Garlic & Herb-Swiss (24oz)</p><p>$21.93 ($0.91 / Ounce)</p><a href="https://www.amazon.com/dp/B08TTFGPS5?tag=eloabder-20&linkCode=osi&th=1&psc=1">View Product</a></div><div class="product"><a href="https://www.amazon.com/dp/B09GW71DPQ?tag=eloabder-20&linkCode=osi&th=1&psc=1"><img src="https://m.media-amazon.com/images/I/41BpjCgQpKL._SL500_.jpg" alt="Product Image"></a><p>Port Wine Cheese Spread 8 Ounce (Pack of 4)</p><p>$26.10 ($0.82 / Ounce)</p><a href="https://www.amazon.com/dp/B09GW71DPQ?tag=eloabder-20&linkCode=osi&th=1&psc=1">View Product</a></div><div class="product"><a href="https://www.amazon.com/dp/B006G4NCT0?tag=eloabder-20&linkCode=osi&th=1&psc=1"><img src="https://m.media-amazon.com/images/I/41-Krj0PbcL._SL500_.jpg" alt="Product Image"></a><p>Sharp Cheddar Cheese Spread 8 Ounce (Pack of 4)</p><p>$25.90 ($1.08 / Ounce)</p><a href="https://www.amazon.com/dp/B006G4NCT0?tag=eloabder-20&linkCode=osi&th=1&psc=1">View Product</a></div><div class="product"><a href="https://www.amazon.com/dp/B09SM3L7LN?tag=eloabder-20&linkCode=osi&th=1&psc=1"><img src="https://m.media-amazon.com/images/I/417W7hKPcvL._SL500_.jpg" alt="Product Image"></a><p>Cheese Snack Spread Variety 4 Pack</p><p>$34.00 ($1.06 / Ounce)</p><a href="https://www.amazon.com/dp/B09SM3L7LN?tag=eloabder-20&linkCode=osi&th=1&psc=1">View Product</a></div>
<div class="product"><a href="https://www.amazon.com/dp/B08CNRQ2C6?tag=eloabder-20&linkCode=osi&th=1&psc=1"><img src="https://m.media-amazon.com/images/I/41ps--esahL._SL500_.jpg" alt="Product Image"></a><p>HOIST Premium Military Hydration Electrolyte Drink, Powerful IV-Level Hydration, Clinically Proven Performance Drink, Peach Mango, 16 Fl Oz (Pack of 12)</p><p>$29.99 ($0.16 / Fl Oz)</p><a href="https://www.amazon.com/dp/B08CNRQ2C6?tag=eloabder-20&linkCode=osi&th=1&psc=1">View Product</a></div><div class="product"><a href="https://www.amazon.com/dp/B082BG3XYZ?tag=eloabder-20&linkCode=osi&th=1&psc=1"><img src="https://m.media-amazon.com/images/I/51+XFCzX3zL._SL500_.jpg" alt="Product Image"></a><p>UPTIME – Blueberry Pomegranate - Zero Sugar (12 Pack), Premium Energy Drink, 12oz Bottles, Natural Caffeine, Sparkling, Natural Flavors, 5 Calories…</p><p>$28.99 ($0.20 / Fl Oz)</p><a href="https://www.amazon.com/dp/B082BG3XYZ?tag=eloabder-20&linkCode=osi&th=1&psc=1">View Product</a></div><div class="product"><a href="https://www.amazon.com/dp/B0BSP3R4JX?tag=eloabder-20&linkCode=osi&th=1&psc=1"><img src="https://m.media-amazon.com/images/I/41TvMVYbcjL._SL500_.jpg" alt="Product Image"></a><p>Barcode Premium Hydration Drink - No Added Sugars, Variety Pack (12 Pack) - Plant-Based Beverage - Adaptogen Drink with Electrolytes for Immunity & Performance</p><p>$29.88 ($0.15 / Fl Oz)</p><a href="https://www.amazon.com/dp/B0BSP3R4JX?tag=eloabder-20&linkCode=osi&th=1&psc=1">View Product</a></div><div class="product"><a href="https://www.amazon.com/dp/B0CYL4CCKM?tag=eloabder-20&linkCode=osi&th=1&psc=1"><img src="https://m.media-amazon.com/images/I/514q0PPV9+L._SL500_.jpg" alt="Product Image"></a><p>ProBaller Ultra Premium Energy Drink - Wild Berry ZERO</p><p>$35.99 ($0.20 / Fl Oz)</p><a href="https://www.amazon.com/dp/B0CYL4CCKM?tag=eloabder-20&linkCode=osi&th=1&psc=1">View Product</a></div><div class="product"><a href="https://www.amazon.com/dp/B0D2BKB2J3?tag=eloabder-20&linkCode=osi&th=1&psc=1"><img src="https://m.media-amazon.com/images/I/41MbnJUx3LL._SL500_.jpg" alt="Product Image"></a><p>ProBaller Ultra Premium Energy Drink - Sugar Free</p><p>$35.99 ($0.20 / Fl Oz)</p><a href="https://www.amazon.com/dp/B0D2BKB2J3?tag=eloabder-20&linkCode=osi&th=1&psc=1">View Product</a></div><div class="product"><a href="https://www.amazon.com/dp/B0CYJXMRKS?tag=eloabder-20&linkCode=osi&th=1&psc=1"><img src="https://m.media-amazon.com/images/I/41gt6X6dVdL._SL500_.jpg" alt="Product Image"></a><p>Joggy Clean Energy Drink - 4-Pack Tart Cherry & Hibiscus - 150mg Organic Guayusa Caffeine - Zero Added Sugar, Vegan, Plant-Based, Natural Healthy Boost, Premium Beverage</p><p>$13.99 ($0.44 / Fl Oz)</p><a href="https://www.amazon.com/dp/B0CYJXMRKS?tag=eloabder-20&linkCode=osi&th=1&psc=1">View Product</a></div><div class="product"><a href="https://www.amazon.com/dp/B081QCCN21?tag=eloabder-20&linkCode=osi&th=1&psc=1"><img src="https://m.media-amazon.com/images/I/61k-oHxeO2L._SL500_.jpg" alt="Product Image"></a><p>Hawaiian Sun Premium Tropical Juice Drink Party Bundle of 10 Assorted Flavors (24 Cans Total)</p><p>$44.95 ($0.16 / Fl Oz )</p><a href="https://www.amazon.com/dp/B081QCCN21?tag=eloabder-20&linkCode=osi&th=1&psc=1">View Product</a></div><div class="product"><a href="https://www.amazon.com/dp/B0CCHW3Q8Q?tag=eloabder-20&linkCode=osi&th=1&psc=1"><img src="https://m.media-amazon.com/images/I/414+SPv3c5L._SL500_.jpg" alt="Product Image"></a><p>Camp Craft Cocktail Mix - Flo'rita | Premium Drink Mixer Infusion Kit with Dehydrated Fruit, Herbs and Vegan Sugar | 16 oz Glass Jar Mixer for Cocktails, Margaritas, and Mocktails - Serves 8</p><p>$25.00 ($1.56 / Fl Oz)</p><a href="https://www.amazon.com/dp/B0CCHW3Q8Q?tag=eloabder-20&linkCode=osi&th=1&psc=1">View Product</a></div><div class="product"><a href="https://www.amazon.com/dp/B0CVQN2NBB?tag=eloabder-20&linkCode=osi&th=1&psc=1"><img src="https://m.media-amazon.com/images/I/51bpS7Tlj2L._SL500_.jpg" alt="Product Image"></a><p>Starbucks Cold Brew Coffee, Vanilla Sweet Cream, 11 fl oz Cans (12 Pack), Premium Coffee Drink, Iced Coffee</p><p>$39.39 ($0.30 / Fl Oz)</p><a href="https://www.amazon.com/dp/B0CVQN2NBB?tag=eloabder-20&linkCode=osi&th=1&psc=1">View Product</a></div>
<div class="product"><a href="https://www.amazon.com/dp/B08PW3LK4T?tag=eloabder-20&linkCode=osi&th=1&psc=1"><img src="https://m.media-amazon.com/images/I/41TLoWBkNWL._SL500_.jpg" alt="Product Image"></a><p>Classic Ginger Beer, Regatta Craft Mixers, All-Natural Ingredients, Non-GMO, 7.5oz, Case of 24 Sleek Cans</p><p>$29.98 ($0.17 / Fl Oz)</p><a href="https://www.amazon.com/dp/B08PW3LK4T?tag=eloabder-20&linkCode=osi&th=1&psc=1">View Product</a></div><div class="product"><a href="https://www.amazon.com/dp/B08KTP2999?tag=eloabder-20&linkCode=osi&th=1&psc=1"><img src="https://m.media-amazon.com/images/I/41tC0pFgGtL._SL500_.jpg" alt="Product Image"></a><p>ABC Crafted Series Beer Making Kit | Beer Making Ingredients for Home Brewing | Yields 6 Gallons of Beer | Brown Ale</p><p>$25.00</p><a href="https://www.amazon.com/dp/B08KTP2999?tag=eloabder-20&linkCode=osi&th=1&psc=1">View Product</a></div><div class="product"><a href="https://www.amazon.com/dp/B01KSD9JKU?tag=eloabder-20&linkCode=osi&th=1&psc=1"><img src="https://m.media-amazon.com/images/I/517aGsVY9qL._SL500_.jpg" alt="Product Image"></a><p>Beer-infused Hot Sauce Variety 3-pack (Includes Asian Sriracha, Garlic Serrano, & Roasty Chipotle) - Craft Beer Gift, Hot Sauce Gift Set, Beer Sauce, BBQ Sauce, Beer Lover, Grill + Man Cave</p><p>$27.99 ($1.87 / Fl Oz)</p><a href="https://www.amazon.com/dp/B01KSD9JKU?tag=eloabder-20&linkCode=osi&th=1&psc=1">View Product</a></div><div class="product"><a href="https://www.amazon.com/dp/B0C9KKG6C6?tag=eloabder-20&linkCode=osi&th=1&psc=1"><img src="https://m.media-amazon.com/images/I/41Rxjjlu5+L._SL500_.jpg" alt="Product Image"></a><p>Plochman, Craft Beer Mustard (Brickstone), 11 oz, Blended Mustard</p><p>$6.99 ($0.64 / Ounce)</p><a href="https://www.amazon.com/dp/B0C9KKG6C6?tag=eloabder-20&linkCode=osi&th=1&psc=1">View Product</a></div><div class="product"><a href="https://www.amazon.com/dp/B01692UXRW?tag=eloabder-20&linkCode=osi&th=1&psc=1"><img src="https://m.media-amazon.com/images/I/51qUU-Fjx5L._SL500_.jpg" alt="Product Image"></a><p>BREW CANDY | Hoppy IPA + Roasty Stout + Honey Ale | Great Craft Beer Gift for Beer Drinkers and Candy Lovers | Perfect for the Man Cave, Brewery, Office, or Home | MADE IN USA</p><p>$9.99 ($2.50 / Ounce)</p><a href="https://www.amazon.com/dp/B01692UXRW?tag=eloabder-20&linkCode=osi&th=1&psc=1">View Product</a></div><div class="product"><a href="https://www.amazon.com/dp/B07L1M2P57?tag=eloabder-20&linkCode=osi&th=1&psc=1"><img src="https://m.media-amazon.com/images/I/415wGhwZDvL._SL500_.jpg" alt="Product Image"></a><p>Unique Snacks Sourdough Craft Beer Pretzel Rings, Delicious Homestyle Baked Snack Bag, Vegan, OU Kosher, and Non-GMO Food, No Artificial Flavor, 11 Oz. Bag, Pack of 6</p><p>$24.99 ($0.38 / Ounce)</p><a href="https://www.amazon.com/dp/B07L1M2P57?tag=eloabder-20&linkCode=osi&th=1&psc=1">View Product</a></div>
<div class="product"><a href="https://www.amazon.com/dp/B0CD79R3QZ?tag=eloabder-20&linkCode=osi&th=1&psc=1"><img src="https://m.media-amazon.com/images/I/21X3VVYgpXL._SL500_.jpg" alt="Product Image"></a><p>French Bloom Le Blanc Alcohol-Free Sparkling Wine, 750ml - Certified Organic, Vegan, Halal, Low Calorie, Sulfite Free - Made with Fine Organic Wine, No Preservatives or Added Sugar</p><p>$41.00 ($1.61 / Fl Oz)</p><a href="https://www.amazon.com/dp/B0CD79R3QZ?tag=eloabder-20&linkCode=osi&th=1&psc=1">View Product</a></div><div class="product"><a href="https://www.amazon.com/dp/B0D6HWD369?tag=eloabder-20&linkCode=osi&th=1&psc=1"><img src="https://m.media-amazon.com/images/I/31U1YybAm5L._SL500_.jpg" alt="Product Image"></a><p>Saint Viviana Non-Alcoholic Sauvignon Blanc, Crisp Dry White Wine with Fresh Fruit Flavor & Floral Notes, Made in Washington State, 24.6 Fl Oz Bottle</p><p>$22.99 ($0.93 / Fl Oz)</p><a href="https://www.amazon.com/dp/B0D6HWD369?tag=eloabder-20&linkCode=osi&th=1&psc=1">View Product</a></div><div class="product"><a href="https://www.amazon.com/dp/B0D244C3VJ?tag=eloabder-20&linkCode=osi&th=1&psc=1"><img src="https://m.media-amazon.com/images/I/416UnLmeDPL._SL500_.jpg" alt="Product Image"></a><p>Monari Marsala Fine Wine PDO Glaze| 9 Ounce, Pack of 6</p><p>$37.99 ($6.33 / Count)</p><a href="https://www.amazon.com/dp/B0D244C3VJ?tag=eloabder-20&linkCode=osi&th=1&psc=1">View Product</a></div><div class="product"><a href="https://www.amazon.com/dp/B0054KSA5I?tag=eloabder-20&linkCode=osi&th=1&psc=1"><img src="https://m.media-amazon.com/images/I/41Dk7Gmm5xL._SL500_.jpg" alt="Product Image"></a><p>Regina Fine Red Wine Vinegar, 12 Fl Oz</p><p>$12.94 ($1.08 / Fl Oz)</p><a href="https://www.amazon.com/dp/B0054KSA5I?tag=eloabder-20&linkCode=osi&th=1&psc=1">View Product</a></div><div class="product"><a href="https://www.amazon.com/dp/B0CC6JY2CM?tag=eloabder-20&linkCode=osi&th=1&psc=1"><img src="https://m.media-amazon.com/images/I/31FVY0Kg2cL._SL500_.jpg" alt="Product Image"></a><p>ST. REGIS Cabernet Sauvignon 25.4 Fl Oz (1 Pack) - Low Calorie and Sugar - Fruity & Spicy Rich Flavor from North of Spain Vineyards</p><p>$17.95 ($0.71 / Fl Oz)</p><a href="https://www.amazon.com/dp/B0CC6JY2CM?tag=eloabder-20&linkCode=osi&th=1&psc=1">View Product</a></div><div class="product"><a href="https://www.amazon.com/dp/B0CLYLY93H?tag=eloabder-20&linkCode=osi&th=1&psc=1"><img src="https://m.media-amazon.com/images/I/31cSVgLe1sL._SL500_.jpg" alt="Product Image"></a><p>Chateau del ISH Sparkling Rosé | Award-Winning Non-Alcoholic Sparkling Wine | De-Alcoholized Blend of Merlot & Pinot Noir Grapes | Only 9 grams of Sugar | 45 Calories per Serving | 750 ml Bottle</p><p>$23.99 ($0.94 / Fl Oz)</p><a href="https://www.amazon.com/dp/B0CLYLY93H?tag=eloabder-20&linkCode=osi&th=1&psc=1">View Product</a></div><div class="product"><a href="https://www.amazon.com/dp/B00075WK10?tag=eloabder-20&linkCode=osi&th=1&psc=1"><img src="https://m.media-amazon.com/images/I/41wn5BC9e3L._SL500_.jpg" alt="Product Image"></a><p>Mantova Italian White Wine Vinegar 17 oz (Pack of 2). Made with traditional methods and aged in fine wood casks, it retains the flavor of the wine, accented by the crisp character of the vinegar.</p><p>$12.97 ($7.21 / Fl Oz)</p><a href="https://www.amazon.com/dp/B00075WK10?tag=eloabder-20&linkCode=osi&th=1&psc=1">View Product</a></div><div class="product"><a href="https://www.amazon.com/dp/B0B6Y4LGT8?tag=eloabder-20&linkCode=osi&th=1&psc=1"><img src="https://m.media-amazon.com/images/I/31DYvJX17cL._SL500_.jpg" alt="Product Image"></a><p>Wander + Found Non-Alcoholic Wine, Pinot Noir, Award Winning Red Wine from Germany, Non-GMO Dealcoholized Wine, 750 ml (1 Bottle)</p><p>$25.99 ($1.02 / Fl Oz)</p><a href="https://www.amazon.com/dp/B0B6Y4LGT8?tag=eloabder-20&linkCode=osi&th=1&psc=1">View Product</a></div><div class="product"><a href="https://www.amazon.com/dp/B08FBLJFL3?tag=eloabder-20&linkCode=osi&th=1&psc=1"><img src="https://m.media-amazon.com/images/I/31xcotQJiQL._SL500_.jpg" alt="Product Image"></a><p>Lussory Organic Merlot Dealcoholized 0.0% Non-Alcoholic Red From Spain, Low Calories, Organic, Vegan (750ml, 1 Bottle)</p><p>$27.99 ($1.10 / Fl Oz)</p><a href="https://www.amazon.com/dp/B08FBLJFL3?tag=eloabder-20&linkCode=osi&th=1&psc=1">View Product</a></div>
<div class="product"><a href="https://www.amazon.com/dp/B08RD41V4Y?tag=eloabder-20&linkCode=osi&th=1&psc=1"><img src="https://m.media-amazon.com/images/I/41Ctrzm6OdL._SL500_.jpg" alt="Product Image"></a><p>Pure Organic Layered Fruit Bars Variety Pack 28 count (Pack of 1).</p><p>$13.99 ($0.40 / Ounce)</p><a href="https://www.amazon.com/dp/B08RD41V4Y?tag=eloabder-20&linkCode=osi&th=1&psc=1">View Product</a></div><div class="product"><a href="https://www.amazon.com/dp/B06X6JR48M?tag=eloabder-20&linkCode=osi&th=1&psc=1"><img src="https://m.media-amazon.com/images/I/51QhYDgoJFL._SL500_.jpg" alt="Product Image"></a><p>Nature's Garden Organic Trail Mix Snack Packs, Multi Pack 1.2 oz - Pack of 24 (Total 28.8 oz)</p><p>$14.89 ($0.52 / Ounce)</p><a href="https://www.amazon.com/dp/B06X6JR48M?tag=eloabder-20&linkCode=osi&th=1&psc=1">View Product</a></div><div class="product"><a href="https://www.amazon.com/dp/B0BQTL31PR?tag=eloabder-20&linkCode=osi&th=1&psc=1"><img src="https://m.media-amazon.com/images/I/512GxWL1ejL._SL500_.jpg" alt="Product Image"></a><p>Annie's Organic Birthday Cake Bunny Grahams and Cheddar Bunnies Snack Pack 36 Count, 36 oz</p><p>$16.99 ($0.47 / Ounce)</p><a href="https://www.amazon.com/dp/B0BQTL31PR?tag=eloabder-20&linkCode=osi&th=1&psc=1">View Product</a></div><div class="product"><a href="https://www.amazon.com/dp/B0C17SW6V1?tag=eloabder-20&linkCode=osi&th=1&psc=1"><img src="https://m.media-amazon.com/images/I/51JwHhUMp-L._SL500_.jpg" alt="Product Image"></a><p>Annie's Organic Bunny Fruit Snacks, Variety Pack, Gluten Free, 22 ct, 15.4 oz</p><p>$9.98 ($0.45 / Count)</p><a href="https://www.amazon.com/dp/B0C17SW6V1?tag=eloabder-20&linkCode=osi&th=1&psc=1">View Product</a></div><div class="product"><a href="https://www.amazon.com/dp/B079LY41VY?tag=eloabder-20&linkCode=osi&th=1&psc=1"><img src="https://m.media-amazon.com/images/I/51hNBmR-vOL._SL500_.jpg" alt="Product Image"></a><p>MadeGood Healthy Snacks Variety Pack (40 Count) Organic Assortment of Granola Bars, Granola Mini and Crispy Squares; Individually Wrapped Snacks</p><p>$29.99</p><a href="https://www.amazon.com/dp/B079LY41VY?tag=eloabder-20&linkCode=osi&th=1&psc=1">View Product</a></div><div class="product"><a href="https://www.amazon.com/dp/B0B88WYZVC?tag=eloabder-20&linkCode=osi&th=1&psc=1"><img src="https://m.media-amazon.com/images/I/41jnzaqqPlL._SL500_.jpg" alt="Product Image"></a><p>YumEarth Organic Fruit Snacks Box, 0.7 Ounce (Pack of 10)</p><p>$6.49 ($0.93 / Ounce)</p><a href="https://www.amazon.com/dp/B0B88WYZVC?tag=eloabder-20&linkCode=osi&th=1&psc=1">View Product</a></div><div class="product"><a href="https://www.amazon.com/dp/B087HBLXSM?tag=eloabder-20&linkCode=osi&th=1&psc=1"><img src="https://m.media-amazon.com/images/I/4103I3BvCSL._SL500_.jpg" alt="Product Image"></a><p>Tropical Fields Organic Crispy Coconut Rolls, 11 Oz</p><p>$9.94 ($0.90 / Ounce)</p><a href="https://www.amazon.com/dp/B087HBLXSM?tag=eloabder-20&linkCode=osi&th=1&psc=1">View Product</a></div><div class="product"><a href="https://www.amazon.com/dp/B08L4XZBS1?tag=eloabder-20&linkCode=osi&th=1&psc=1"><img src="https://m.media-amazon.com/images/I/51IN3a2zpZL._SL500_.jpg" alt="Product Image"></a><p>Annie's Organic Fruit Peel-A-Parts Fruit Snacks, Strawberry and Fruit Punch, 12 packs, 6.7 oz.</p><p>$9.99 ($0.83 / Count)</p><a href="https://www.amazon.com/dp/B08L4XZBS1?tag=eloabder-20&linkCode=osi&th=1&psc=1">View Product</a></div><div class="product"><a href="https://www.amazon.com/dp/B088PRVMXL?tag=eloabder-20&linkCode=osi&th=1&psc=1"><img src="https://m.media-amazon.com/images/I/51Lye-KMCNL._SL500_.jpg" alt="Product Image"></a><p>Gimme Seaweed - Sea Salt & Avocado Oil - 20 Count - Organic Roasted Seaweed Sheets - Keto, Vegan, Gluten Free - Great Source of Iodine & Omega 3’s - Healthy On-The-Go Snack for Kids & Adults</p><p>$14.43 ($4.51 / Ounce)</p><a href="https://www.amazon.com/dp/B088PRVMXL?tag=eloabder-20&linkCode=osi&th=1&psc=1">View Product</a></div><div class="product"><a href="https://www.amazon.com/dp/B0792LF5DZ?tag=eloabder-20&linkCode=osi&th=1&psc=1"><img src="https://m.media-amazon.com/images/I/51Ogpal4rKL._SL500_.jpg" alt="Product Image"></a><p>Simply, Variety Pack Snacks, 0.875 Ounce (Pack of 36)</p><p>$22.43 ($0.71 / Ounce)</p><a href="https://www.amazon.com/dp/B0792LF5DZ?tag=eloabder-20&linkCode=osi&th=1&psc=1">View Product</a></div>
<div class="product"><a href="https://www.amazon.com/dp/B07D83162X?tag=eloabder-20&linkCode=osi&th=1&psc=1"><img src="https://m.media-amazon.com/images/I/515OpZM7eUL._SL500_.jpg" alt="Product Image"></a><p>CLIF BAR - Energy Bars - Variety Pack - Made with Organic Oats - 9-11g Protein - Non-GMO - Plant Based - 2.4 oz. (16 Count)</p><p>$25.98 ($0.68 / Ounce)</p><a href="https://www.amazon.com/dp/B07D83162X?tag=eloabder-20&linkCode=osi&th=1&psc=1">View Product</a></div><div class="product"><a href="https://www.amazon.com/dp/B0CXQ6QP2B?tag=eloabder-20&linkCode=osi&th=1&psc=1"><img src="https://m.media-amazon.com/images/I/41zGg7iGu+L._SL500_.jpg" alt="Product Image"></a><p>CLIF BAR - Crunchy Peanut Butter - Made with Organic Oats - 11g Protein - Non-GMO - Plant Based - Energy Bars - 2.4 oz. (15 Pack)</p><p>$17.24 ($0.48 / Ounce)</p><a href="https://www.amazon.com/dp/B0CXQ6QP2B?tag=eloabder-20&linkCode=osi&th=1&psc=1">View Product</a></div><div class="product"><a href="https://www.amazon.com/dp/B00GJ82VK4?tag=eloabder-20&linkCode=osi&th=1&psc=1"><img src="https://m.media-amazon.com/images/I/51j2KOV9-+L._SL500_.jpg" alt="Product Image"></a><p>Pure Protein Bars, High Protein, Nutritious Snacks to Support Energy, Low Sugar, Gluten Free, Chocolate Peanut Butter, 1.76oz, 12 Count (Packaging May Vary)</p><p>$15.55 ($0.73 / Ounce)</p><a href="https://www.amazon.com/dp/B00GJ82VK4?tag=eloabder-20&linkCode=osi&th=1&psc=1">View Product</a></div><div class="product"><a href="https://www.amazon.com/dp/B084R2FJVV?tag=eloabder-20&linkCode=osi&th=1&psc=1"><img src="https://m.media-amazon.com/images/I/51mGjMQ-PjL._SL500_.jpg" alt="Product Image"></a><p>KIND Energy Bars, Chocolate Chunk, Healthy Snacks, Gluten Free, 30 Count</p><p>$35.45 ($0.56 / Ounce)</p><a href="https://www.amazon.com/dp/B084R2FJVV?tag=eloabder-20&linkCode=osi&th=1&psc=1">View Product</a></div><div class="product"><a href="https://www.amazon.com/dp/B0BHMRSNWX?tag=eloabder-20&linkCode=osi&th=1&psc=1"><img src="https://m.media-amazon.com/images/I/51mha5Z8vAL._SL500_.jpg" alt="Product Image"></a><p>Verb Energy - Variety Pack Caffeinated Snack Bars - 110-Calorie Low Sugar Energy Bar - Nutrition Bars - Vegan Snacks - Gluten Free Breakfast Bars with Organic Green Tea, 26g (Pack of 16)</p><p>$28.95 ($1.97 / Ounce)</p><a href="https://www.amazon.com/dp/B0BHMRSNWX?tag=eloabder-20&linkCode=osi&th=1&psc=1">View Product</a></div><div class="product"><a href="https://www.amazon.com/dp/B08939X5HL?tag=eloabder-20&linkCode=osi&th=1&psc=1"><img src="https://m.media-amazon.com/images/I/51RKwNvJZiL._SL500_.jpg" alt="Product Image"></a><p>Nature Valley Chewy Fruit and Nut Granola Bars, Trail Mix, 1.2 oz, 15 ct</p><p>$6.24 ($0.35 / Ounce)</p><a href="https://www.amazon.com/dp/B08939X5HL?tag=eloabder-20&linkCode=osi&th=1&psc=1">View Product</a></div><div class="product"><a href="https://www.amazon.com/dp/B004XEDS5I?tag=eloabder-20&linkCode=osi&th=1&psc=1"><img src="https://m.media-amazon.com/images/I/51dc89OLXjL._SL500_.jpg" alt="Product Image"></a><p>CLIF BAR - Chocolate Chip - Made with Organic Oats - Non-GMO - Plant Based - Energy Bars - 2.4 oz. (12 Pack)</p><p>$15.17 ($0.53 / Ounce)</p><a href="https://www.amazon.com/dp/B004XEDS5I?tag=eloabder-20&linkCode=osi&th=1&psc=1">View Product</a></div><div class="product"><a href="https://www.amazon.com/dp/B07HHK51J9?tag=eloabder-20&linkCode=osi&th=1&psc=1"><img src="https://m.media-amazon.com/images/I/41h0pofx49L._SL500_.jpg" alt="Product Image"></a><p>Quantum Energy Square: Energy Bar with Caffeine & 10g Protein. Delicious Healthy Snack On The Go. (Vegan, Gluten-free, Soy-free, Dairy-free). Flavor: Variety 8Pk</p><p>$19.95 ($1.48 / Ounce)</p><a href="https://www.amazon.com/dp/B07HHK51J9?tag=eloabder-20&linkCode=osi&th=1&psc=1">View Product</a></div><div class="product"><a href="https://www.amazon.com/dp/B0BY3NL6N3?tag=eloabder-20&linkCode=osi&th=1&psc=1"><img src="https://m.media-amazon.com/images/I/61a84haNQXL._SL500_.jpg" alt="Product Image"></a><p>Atkins Soft Baked Energy Bars, Blueberry, 15g Protein,2g Sugar, Excellent Source of Fiber, Low Carb, 4 Packs (5 Bars Each)</p><p>$40.00 ($2.00 / Count)</p><a href="https://www.amazon.com/dp/B0BY3NL6N3?tag=eloabder-20&linkCode=osi&th=1&psc=1">View Product</a></div><div class="product"><a href="https://www.amazon.com/dp/B0767X1YGZ?tag=eloabder-20&linkCode=osi&th=1&psc=1"><img src="https://m.media-amazon.com/images/I/41wLM+HSd7L._SL500_.jpg" alt="Product Image"></a><p>SKRATCH LABS Energy Bar | Cherry + Pistachio (12 pack) | Plant Based Healthy Snack | Low Sugar - 5g Protein | non-gmo, gluten free, soy free, vegan, kosher</p><p>$29.95 ($1.41 / Ounce)</p><a href="https://www.amazon.com/dp/B0767X1YGZ?tag=eloabder-20&linkCode=osi&th=1&psc=1">View Product</a></div>
<div class="product"><a href="https://www.amazon.com/dp/B00819SSGK?tag=eloabder-20&linkCode=osi&th=1&psc=1"><img src="https://m.media-amazon.com/images/I/51OoPlQlUFL._SL500_.jpg" alt="Product Image"></a><p>Orville Redenbacher's Original Gourmet Popping Corn Kernels, 8 lb.</p><p>$13.28 ($0.10 / Ounce)</p><a href="https://www.amazon.com/dp/B00819SSGK?tag=eloabder-20&linkCode=osi&th=1&psc=1">View Product</a></div><div class="product"><a href="https://www.amazon.com/dp/B0C8QMKF7K?tag=eloabder-20&linkCode=osi&th=1&psc=1"><img src="https://m.media-amazon.com/images/I/41Q1zRw163L._SL500_.jpg" alt="Product Image"></a><p>Extra Buttery Caramel Gourmet Popcorn | 6 Cups Total | Made From Scratch, Made in USA, & GMO-Free | Great as a Snack, Gift, Thank You, & Movie Night - (10.8oz Total)</p><p>$8.99 ($0.83 / Ounce)</p><a href="https://www.amazon.com/dp/B0C8QMKF7K?tag=eloabder-20&linkCode=osi&th=1&psc=1">View Product</a></div><div class="product"><a href="https://www.amazon.com/dp/B0CKLW62T5?tag=eloabder-20&linkCode=osi&th=1&psc=1"><img src="https://m.media-amazon.com/images/I/51UzqTDjfaL._SL500_.jpg" alt="Product Image"></a><p>Garrett Popcorn Garrett Mix, 6.0oz, 4 Bags, Cheese and Caramel Gourmet Popcorn, Gluten Free, Sweet and Salty Snack, Popped Popcorn Bags</p><p>$24.95 ($1.04 / Ounce)</p><a href="https://www.amazon.com/dp/B0CKLW62T5?tag=eloabder-20&linkCode=osi&th=1&psc=1">View Product</a></div><div class="product"><a href="https://www.amazon.com/dp/B07JN5467R?tag=eloabder-20&linkCode=osi&th=1&psc=1"><img src="https://m.media-amazon.com/images/I/51vsJLZ79WL._SL500_.jpg" alt="Product Image"></a><p>Urban Accents MOVIE NIGHT Popcorn Kernels and Popcorn Seasoning Variety Pack (set of 8) - 3 Non-GMO Popcorn Kernel Packs and 5 Gourmet Popcorn Snack Seasoning</p><p>$22.00 ($1.01 / Ounce)</p><a href="https://www.amazon.com/dp/B07JN5467R?tag=eloabder-20&linkCode=osi&th=1&psc=1">View Product</a></div><div class="product"><a href="https://www.amazon.com/dp/B0C9592XTW?tag=eloabder-20&linkCode=osi&th=1&psc=1"><img src="https://m.media-amazon.com/images/I/41DvOymNLML._SL500_.jpg" alt="Product Image"></a><p>Funky Chunky Gourmet Popcorn, Chocolatey Popcorn, Pretzel, and Nutty Mixes, Peanut Butter Cup Popcorn, 19-Ounce Large Bag (Pack of 1)</p><p>$15.00 ($0.79 / Ounce)</p><a href="https://www.amazon.com/dp/B0C9592XTW?tag=eloabder-20&linkCode=osi&th=1&psc=1">View Product</a></div><div class="product"><a href="https://www.amazon.com/dp/B0D3FH1GW4?tag=eloabder-20&linkCode=osi&th=1&psc=1"><img src="https://m.media-amazon.com/images/I/51hBtOn2I4L._SL500_.jpg" alt="Product Image"></a><p>Garrett Popcorn Garrett Mix, 1.9oz, 12 Bags, Cheese and Caramel Gourmet Popcorn, Gluten Free, Sweet and Salty Snack Bags, Popped Popcorn Bags, Multipack</p><p>$29.95 ($1.31 / Ounce)</p><a href="https://www.amazon.com/dp/B0D3FH1GW4?tag=eloabder-20&linkCode=osi&th=1&psc=1">View Product</a></div><div class="product"><a href="https://www.amazon.com/dp/B00Q0PWE7Q?tag=eloabder-20&linkCode=osi&th=1&psc=1"><img src="https://m.media-amazon.com/images/I/51jM1d0eF8L._SL500_.jpg" alt="Product Image"></a><p>Popcornopolis Gourmet Caramel Corn Popcorn, Popped Popcorn Snack Bags 9.5 Oz</p><p>$8.99 ($0.95 / Ounce)</p><a href="https://www.amazon.com/dp/B00Q0PWE7Q?tag=eloabder-20&linkCode=osi&th=1&psc=1">View Product</a></div><div class="product"><a href="https://www.amazon.com/dp/B00D2H6LOW?tag=eloabder-20&linkCode=osi&th=1&psc=1"><img src="https://m.media-amazon.com/images/I/41iePRgsY5L._SL500_.jpg" alt="Product Image"></a><p>Thatcher's Gourmet Specialties Fruit Medley, 8 Oz (Pack of 1)</p><p>$6.25 ($0.78 / Ounce)</p><a href="https://www.amazon.com/dp/B00D2H6LOW?tag=eloabder-20&linkCode=osi&th=1&psc=1">View Product</a></div>
<div class="product"><a href="https://www.amazon.com/dp/B07ZXN7LPC?tag=eloabder-20&linkCode=osi&th=1&psc=1"><img src="https://m.media-amazon.com/images/I/51YkD3V1JyL._SL500_.jpg" alt="Product Image"></a><p>Mantova Organic Italian Specialty Pasta, Caserecce (2 packs of 1 lb. each) - Artisan Pasta, Non-GMO, Vegan, Kosher Certified, and Imported From Italy, Premium Quality</p><p>$12.99 ($0.41 / Ounce)</p><a href="https://www.amazon.com/dp/B07ZXN7LPC?tag=eloabder-20&linkCode=osi&th=1&psc=1">View Product</a></div><div class="product"><a href="https://www.amazon.com/dp/B01F2Z8ZOU?tag=eloabder-20&linkCode=osi&th=1&psc=1"><img src="https://m.media-amazon.com/images/I/51MK8iWLCgL._SL500_.jpg" alt="Product Image"></a><p>Mantova Organic Italian Specialty Pasta, Lumaconi, 1 lb (Pack of 2)</p><p>$13.99 ($0.87 / Ounce)</p><a href="https://www.amazon.com/dp/B01F2Z8ZOU?tag=eloabder-20&linkCode=osi&th=1&psc=1">View Product</a></div><div class="product"><a href="https://www.amazon.com/dp/B004N5HA6A?tag=eloabder-20&linkCode=osi&th=1&psc=1"><img src="https://m.media-amazon.com/images/I/517oR0RhHgL._SL500_.jpg" alt="Product Image"></a><p>Morelli Gourmet Pasta Italian Gift Basket From Italy - Tricolor Pasta Linguine Set - Red Chili, Garlic & Basil, and Lemon Pasta - Tricolored Organic Pasta from Italy, Made in Italy (3x 8.8 Ounce)</p><p>$31.99 ($1.21 / Ounce)</p><a href="https://www.amazon.com/dp/B004N5HA6A?tag=eloabder-20&linkCode=osi&th=1&psc=1">View Product</a></div><div class="product"><a href="https://www.amazon.com/dp/B00I8R5HSW?tag=eloabder-20&linkCode=osi&th=1&psc=1"><img src="https://m.media-amazon.com/images/I/41miThBoNtL._SL500_.jpg" alt="Product Image"></a><p>Mafaldine Italian Pasta di Gragnano | I.G.P. Protected | USDA Certified Organic | 17.6 Ounce | 500 Gram</p><p>$12.95 ($0.73 / Ounce)</p><a href="https://www.amazon.com/dp/B00I8R5HSW?tag=eloabder-20&linkCode=osi&th=1&psc=1">View Product</a></div><div class="product"><a href="https://www.amazon.com/dp/B0B1469JM5?tag=eloabder-20&linkCode=osi&th=1&psc=1"><img src="https://m.media-amazon.com/images/I/51spzGwiJ9L._SL500_.jpg" alt="Product Image"></a><p>Morelli Busiate, Pici, and Bucatini Organic Pasta Variety Pack - Imported Italian Pasta Sampler - Specialty Assortment Includes Three-17.6 oz Packages of Gourmet Pasta from Italy</p><p>$39.99 ($0.76 / Ounce)</p><a href="https://www.amazon.com/dp/B0B1469JM5?tag=eloabder-20&linkCode=osi&th=1&psc=1">View Product</a></div><div class="product"><a href="https://www.amazon.com/dp/B083X2P94L?tag=eloabder-20&linkCode=osi&th=1&psc=1"><img src="https://m.media-amazon.com/images/I/51APpkv+ImL._SL500_.jpg" alt="Product Image"></a><p>Pasta Deliziosa! Handcrafted Pasta Variety Pack, All Flavors, 12 Ounce (Pack of 6)</p><p>$38.99 ($3.25 / Ounce)</p><a href="https://www.amazon.com/dp/B083X2P94L?tag=eloabder-20&linkCode=osi&th=1&psc=1">View Product</a></div><div class="product"><a href="https://www.amazon.com/dp/B0793LPXRN?tag=eloabder-20&linkCode=osi&th=1&psc=1"><img src="https://m.media-amazon.com/images/I/41zIY0jxDdL._SL500_.jpg" alt="Product Image"></a><p>La Molisana Pasta Anellini Siciliani, 16 oz</p><p>$6.95 ($0.43 / Ounce)</p><a href="https://www.amazon.com/dp/B0793LPXRN?tag=eloabder-20&linkCode=osi&th=1&psc=1">View Product</a></div><div class="product"><a href="https://www.amazon.com/dp/B006ODJEBS?tag=eloabder-20&linkCode=osi&th=1&psc=1"><img src="https://m.media-amazon.com/images/I/51x4T3SOw1L._SL500_.jpg" alt="Product Image"></a><p>La Molisana Pasta Fusilli Bucati Cort, 1 Pound (Pack of 1)</p><p>$7.99 ($0.05 / Ounce)</p><a href="https://www.amazon.com/dp/B006ODJEBS?tag=eloabder-20&linkCode=osi&th=1&psc=1">View Product</a></div><div class="product"><a href="https://www.amazon.com/dp/B0095F92HS?tag=eloabder-20&linkCode=osi&th=1&psc=1"><img src="https://m.media-amazon.com/images/I/51IXE-gW1gL._SL500_.jpg" alt="Product Image"></a><p>De Cecco Pasta, Egg Pappardelle, 8.8 Ounce</p><p>$2.50 ($0.28 / Ounce)</p><a href="https://www.amazon.com/dp/B0095F92HS?tag=eloabder-20&linkCode=osi&th=1&psc=1">View Product</a></div><div class="product"><a href="https://www.amazon.com/dp/B000LRH8AM?tag=eloabder-20&linkCode=osi&th=1&psc=1"><img src="https://m.media-amazon.com/images/I/517Gsx3xbQL._SL500_.jpg" alt="Product Image"></a><p>RiceSelect Tri-Color Orzo Rice-Shaped Pasta, Premium Spinach- and Tomato-Flavored Non-GMO Orzo Pasta, 32-Ounce Jar</p><p>$7.29 ($0.28 / Ounce)</p><a href="https://www.amazon.com/dp/B000LRH8AM?tag=eloabder-20&linkCode=osi&th=1&psc=1">View Product</a></div>
<div class="product"><a href="https://www.amazon.com/dp/B00LUK2TGC?tag=eloabder-20&linkCode=osi&th=1&psc=1"><img src="https://m.media-amazon.com/images/I/51-6ifc3VmL._SL500_.jpg" alt="Product Image"></a><p>The Gourmet Choice Gift Basket by Wine Country Gift Baskets</p><p>$83.35</p><a href="https://www.amazon.com/dp/B00LUK2TGC?tag=eloabder-20&linkCode=osi&th=1&psc=1">View Product</a></div><div class="product"><a href="https://www.amazon.com/dp/B009LHPJ1S?tag=eloabder-20&linkCode=osi&th=1&psc=1"><img src="https://m.media-amazon.com/images/I/51cf0AEkjgL._SL500_.jpg" alt="Product Image"></a><p>Wine Country Gift Baskets Gourmet Feast Perfect For Family, Friends, Co-Workers, Loved Ones and Clients</p><p>$59.95</p><a href="https://www.amazon.com/dp/B009LHPJ1S?tag=eloabder-20&linkCode=osi&th=1&psc=1">View Product</a></div><div class="product"><a href="https://www.amazon.com/dp/B004D9XYWU?tag=eloabder-20&linkCode=osi&th=1&psc=1"><img src="https://m.media-amazon.com/images/I/515H6eRSagL._SL500_.jpg" alt="Product Image"></a><p>A Gift Inside Chocolate, Caramel and Crunch Grand Gift Basket</p><p>$42.95</p><a href="https://www.amazon.com/dp/B004D9XYWU?tag=eloabder-20&linkCode=osi&th=1&psc=1">View Product</a></div><div class="product"><a href="https://www.amazon.com/dp/B00BY78O7Y?tag=eloabder-20&linkCode=osi&th=1&psc=1"><img src="https://m.media-amazon.com/images/I/51sFeewMqVL._SL500_.jpg" alt="Product Image"></a><p>The Bon Appetit Gourmet Gift Basket by Wine Country Gift Baskets Gift for Families College Students Appreciation Thank You Congratulations Get Well Soon Care Package</p><p>$49.95</p><a href="https://www.amazon.com/dp/B00BY78O7Y?tag=eloabder-20&linkCode=osi&th=1&psc=1">View Product</a></div><div class="product"><a href="https://www.amazon.com/dp/B07CHSN691?tag=eloabder-20&linkCode=osi&th=1&psc=1"><img src="https://m.media-amazon.com/images/I/51-Qvkf4yFL._SL500_.jpg" alt="Product Image"></a><p>Dried Fruit Gift Basket– Healthy Gourmet Snack Box - Holiday Food Tray - Variety Snacks - Birthday, Sympathy, Mom, Dad, Corporate Tray - Bonnie & Pop</p><p>$37.99</p><a href="https://www.amazon.com/dp/B07CHSN691?tag=eloabder-20&linkCode=osi&th=1&psc=1">View Product</a></div><div class="product"><a href="https://www.amazon.com/dp/B00FBGKCHE?tag=eloabder-20&linkCode=osi&th=1&psc=1"><img src="https://m.media-amazon.com/images/I/51anmoX7EkL._SL500_.jpg" alt="Product Image"></a><p>Broadway Basketeers Chocolate Gift Basket Snack Gifts for Women, Men, Families, College, Appreciation, Thank You, Birthday, Corporate, Get Well Soon, Sympathy Care Package</p><p>$48.70 ($48.70 / Count)</p><a href="https://www.amazon.com/dp/B00FBGKCHE?tag=eloabder-20&linkCode=osi&th=1&psc=1">View Product</a></div><div class="product"><a href="https://www.amazon.com/dp/B00BY78O60?tag=eloabder-20&linkCode=osi&th=1&psc=1"><img src="https://m.media-amazon.com/images/I/51vKfvc7JTL._SL500_.jpg" alt="Product Image"></a><p>Wine Country Gift Baskets The Connoisseur Gourmet Gift Basket Food Gift Basket for Families College Students Appreciation Thank You Congratulations Get Well Soon Care Package</p><p>$56.36</p><a href="https://www.amazon.com/dp/B00BY78O60?tag=eloabder-20&linkCode=osi&th=1&psc=1">View Product</a></div><div class="product"><a href="https://www.amazon.com/dp/B07FT598PM?tag=eloabder-20&linkCode=osi&th=1&psc=1"><img src="https://m.media-amazon.com/images/I/51OJVHYoRsL._SL500_.jpg" alt="Product Image"></a><p>Wine Country Gift Baskets Gourmet Deluxe Gift Basket</p><p>$99.95</p><a href="https://www.amazon.com/dp/B07FT598PM?tag=eloabder-20&linkCode=osi&th=1&psc=1">View Product</a></div>
<div class="product"><a href="https://www.amazon.com/dp/B0B5ZTZL6G?tag=eloabder-20&linkCode=osi&th=1&psc=1"><img src="https://m.media-amazon.com/images/I/51rZYLnRlVL._SL500_.jpg" alt="Product Image"></a><p>Reinmoson Tea Strainers for Loose Tea, Extra Fine Mesh Tea Infuser, 304 Stainless Steel & Updated Slim Threaded Lid, Loose Leaf Tea Steeper for Black Tea, Rooibos, etc</p><p>$9.99</p><a href="https://www.amazon.com/dp/B0B5ZTZL6G?tag=eloabder-20&linkCode=osi&th=1&psc=1">View Product</a></div><div class="product"><a href="https://www.amazon.com/dp/B00SBTK5KW?tag=eloabder-20&linkCode=osi&th=1&psc=1"><img src="https://m.media-amazon.com/images/I/414cqIbd9eL._SL500_.jpg" alt="Product Image"></a><p>Tea Forte Single Steeps Loose Leaf Lotus Tea Sampler, Assorted Variety Tea Box, Serve Pouches,15 Count (Pack of 1)</p><p>$18.00 ($9.33 / Ounce)</p><a href="https://www.amazon.com/dp/B00SBTK5KW?tag=eloabder-20&linkCode=osi&th=1&psc=1">View Product</a></div><div class="product"><a href="https://www.amazon.com/dp/B08VMR4MXN?tag=eloabder-20&linkCode=osi&th=1&psc=1"><img src="https://m.media-amazon.com/images/I/51qQv4-VV3L._SL500_.jpg" alt="Product Image"></a><p>Twinings Tea Sampler Set 12 Flavors Assortment 48 Assorted Tea Bags with 20 Honey Sticks for Tea, Straws and Naturally Caffeine Free Herbal Tea Set…</p><p>$22.96 ($22.96 / Count)</p><a href="https://www.amazon.com/dp/B08VMR4MXN?tag=eloabder-20&linkCode=osi&th=1&psc=1">View Product</a></div><div class="product"><a href="https://www.amazon.com/dp/B074T2FWJY?tag=eloabder-20&linkCode=osi&th=1&psc=1"><img src="https://m.media-amazon.com/images/I/41n1uoomGAL._SL500_.jpg" alt="Product Image"></a><p>10Pcs Heart Tea Infuser for Loose Leaf Tea Steeper - Tea Diffusers for Loose Tea Leaf Steeper Tea Strainers for Loose Tea Infuser Spoon - Tea Steeper for Loose Tea Strainer Heart Shaped Tea Infuser</p><p>$9.98 ($1.00 / Count)</p><a href="https://www.amazon.com/dp/B074T2FWJY?tag=eloabder-20&linkCode=osi&th=1&psc=1">View Product</a></div><div class="product"><a href="https://www.amazon.com/dp/B074L4MZRY?tag=eloabder-20&linkCode=osi&th=1&psc=1"><img src="https://m.media-amazon.com/images/I/418v4F8ZhkL._SL500_.jpg" alt="Product Image"></a><p>VAHDAM Perfect Measure Loose Leaf Tea Spoon | Premium Quality Stainless Steel Tea Scoop | Perfect Measuring Teaspoons To Brew 1 Cup Of Loose Leaf Tea & Matcha</p><p>$7.99</p><a href="https://www.amazon.com/dp/B074L4MZRY?tag=eloabder-20&linkCode=osi&th=1&psc=1">View Product</a></div><div class="product"><a href="https://www.amazon.com/dp/B09FF6P7BL?tag=eloabder-20&linkCode=osi&th=1&psc=1"><img src="https://m.media-amazon.com/images/I/41oGPC0w7ML._SL500_.jpg" alt="Product Image"></a><p>Cute Tea Infuser by OTOTO - Loose Leaf Tea Steeper, Tea Accessories, Tea Diffusers, Tea Infuser for Loose Leaf Tea, Tea Strainers, Cute Gifts, Tea Gift Set, Kitchen Gifts, Cooking Gadgets</p><p>$14.95</p><a href="https://www.amazon.com/dp/B09FF6P7BL?tag=eloabder-20&linkCode=osi&th=1&psc=1">View Product</a></div><div class="product"><a href="https://www.amazon.com/dp/B072XP4FQK?tag=eloabder-20&linkCode=osi&th=1&psc=1"><img src="https://m.media-amazon.com/images/I/31Lfv+7oU6L._SL500_.jpg" alt="Product Image"></a><p>Tea Infuser (Set of 2 Pyramid & Square) with Tea Scoop | Ultra Fine Tea Strainer for Loose Leaf Tea | Stainless Steel Tea Steeper for a Superior Brewing Experience</p><p>$9.99</p><a href="https://www.amazon.com/dp/B072XP4FQK?tag=eloabder-20&linkCode=osi&th=1&psc=1">View Product</a></div><div class="product"><a href="https://www.amazon.com/dp/B0D2SCT4C4?tag=eloabder-20&linkCode=osi&th=1&psc=1"><img src="https://m.media-amazon.com/images/I/51vJnfc4-JL._SL500_.jpg" alt="Product Image"></a><p>Organic Tea Gift Set with Portable Kettle - 36 Piece Tea Gifts for Tea Lovers - Includes Insulated Mug, Assorted Organic Teas, Honey Sticks & Tea Accessories - Ultimate Brewing Experience</p><p>$56.90</p><a href="https://www.amazon.com/dp/B0D2SCT4C4?tag=eloabder-20&linkCode=osi&th=1&psc=1">View Product</a></div>
<div class="product"><a href="https://www.amazon.com/dp/B01NAV05XS?tag=eloabder-20&linkCode=osi&th=1&psc=1"><img src="https://m.media-amazon.com/images/I/51xpd-egLaL._SL500_.jpg" alt="Product Image"></a><p>Torani Variety Pack Caramel, French Vanilla, Vanilla & Hazelnut, 25.4 Ounces (Pack of 4)</p><p>$35.99 ($0.35 / Fl Oz)</p><a href="https://www.amazon.com/dp/B01NAV05XS?tag=eloabder-20&linkCode=osi&th=1&psc=1">View Product</a></div><div class="product"><a href="https://www.amazon.com/dp/B084NVN1J6?tag=eloabder-20&linkCode=osi&th=1&psc=1"><img src="https://m.media-amazon.com/images/I/51Vz7p8hhyL._SL500_.jpg" alt="Product Image"></a><p>Bones Coffee Company Cookies 'N Dreams Coffee Beans, Cookies & Cream Flavor, Low Acid Flavored Coffee, Made with Arabica Coffee Beans, Medium Roast Gourmet Coffee (12 oz)</p><p>$17.99 ($1.50 / Ounce)</p><a href="https://www.amazon.com/dp/B084NVN1J6?tag=eloabder-20&linkCode=osi&th=1&psc=1">View Product</a></div><div class="product"><a href="https://www.amazon.com/dp/B0C2DHCBD6?tag=eloabder-20&linkCode=osi&th=1&psc=1"><img src="https://m.media-amazon.com/images/I/51wa33jmF7L._SL500_.jpg" alt="Product Image"></a><p>Torani Puremade Sauce Variety Pack, 4 Flavors, 16.5 Ounces Bottle (Set of 4)</p><p>$25.99 ($0.39 / Ounce)</p><a href="https://www.amazon.com/dp/B0C2DHCBD6?tag=eloabder-20&linkCode=osi&th=1&psc=1">View Product</a></div><div class="product"><a href="https://www.amazon.com/dp/B000S75D66?tag=eloabder-20&linkCode=osi&th=1&psc=1"><img src="https://m.media-amazon.com/images/I/41AZMaoxbWL._SL500_.jpg" alt="Product Image"></a><p>illy Ground Coffee Moka - 100% Arabica Flavored Coffee Ground - Rich Aromatic Coffee Grounds Profile – Classico Medium Roast - Notes of Caramel, Orange Blossom & Jasmine - No Preservatives – 8.8 Ounce</p><p>$13.85 ($1.57 / Ounce)</p><a href="https://www.amazon.com/dp/B000S75D66?tag=eloabder-20&linkCode=osi&th=1&psc=1">View Product</a></div><div class="product"><a href="https://www.amazon.com/dp/B0BBY6V5T3?tag=eloabder-20&linkCode=osi&th=1&psc=1"><img src="https://m.media-amazon.com/images/I/515wvEFTD7L._SL500_.jpg" alt="Product Image"></a><p>Bones Coffee Company NEW World Tour Sample Pack | Ground Coffee Beans Sampler Gift Box Set | 4 oz Pack of 5 Assorted Single-Origin Gourmet Coffee Gifts | Medium Roast Coffee Beverages (Ground)</p><p>$34.99 ($1.75 / Ounce)</p><a href="https://www.amazon.com/dp/B0BBY6V5T3?tag=eloabder-20&linkCode=osi&th=1&psc=1">View Product</a></div>

<div class="product"><a href="https://www.amazon.com/dp/B01E4C982U?tag=eloabder-20&linkCode=osi&th=1&psc=1"><img src="https://m.media-amazon.com/images/I/51nAunBrSiL._SL500_.jpg" alt="Product Image"></a><p>Green Tea leaves Sencha, JAS Certified Organic, Japanese Tea, Uji-Kyoto, 80g Bag 【YAMASAN】</p><p>$14.70 ($5.25 / Ounce)</p><a href="https://www.amazon.com/dp/B01E4C982U?tag=eloabder-20&linkCode=osi&th=1&psc=1">View Product</a></div><div class="product"><a href="https://www.amazon.com/dp/B000SARJF6?tag=eloabder-20&linkCode=osi&th=1&psc=1"><img src="https://m.media-amazon.com/images/I/51hE2hmSzuL._SL500_.jpg" alt="Product Image"></a><p>Davidson's Tea Bulk, English Breakfast, 16 Ounce</p><p>$15.99 ($1.00 / Ounce)</p><a href="https://www.amazon.com/dp/B000SARJF6?tag=eloabder-20&linkCode=osi&th=1&psc=1">View Product</a></div><div class="product"><a href="https://www.amazon.com/dp/B008FOLQRE?tag=eloabder-20&linkCode=osi&th=1&psc=1"><img src="https://m.media-amazon.com/images/I/51F0rcvhhvL._SL500_.jpg" alt="Product Image"></a><p>Traditional Medicinals Organic Raspberry Leaf Herbal Tea, Eases Menstrual Cramps & Supports Healthy Pregnancy, (Pack of 1) - 16 Tea Bags</p><p>$4.92 ($5.79 / Ounce)</p><a href="https://www.amazon.com/dp/B008FOLQRE?tag=eloabder-20&linkCode=osi&th=1&psc=1">View Product</a></div><div class="product"><a href="https://www.amazon.com/dp/B00136MKEO?tag=eloabder-20&linkCode=osi&th=1&psc=1"><img src="https://m.media-amazon.com/images/I/41Ll68Q3iLL._SL500_.jpg" alt="Product Image"></a><p>Ahmad Tea Earl Grey Aromatic Loose Tea, Ceylon Caddy, 17.6 Oz</p><p>$14.87 ($0.84 / Ounce)</p><a href="https://www.amazon.com/dp/B00136MKEO?tag=eloabder-20&linkCode=osi&th=1&psc=1">View Product</a></div><div class="product"><a href="https://www.amazon.com/dp/B087G3NQGN?tag=eloabder-20&linkCode=osi&th=1&psc=1"><img src="https://m.media-amazon.com/images/I/51wev+SayvL._SL500_.jpg" alt="Product Image"></a><p>TIAN HU SHAN Premium Green Tea Loose Leaf 16 Ounce (454g)</p><p>$14.98 ($0.94 / Ounce)</p><a href="https://www.amazon.com/dp/B087G3NQGN?tag=eloabder-20&linkCode=osi&th=1&psc=1">View Product</a></div><div class="product"><a href="https://www.amazon.com/dp/B007Y94GN2?tag=eloabder-20&linkCode=osi&th=1&psc=1"><img src="https://m.media-amazon.com/images/I/51hqdPaNJYL._SL500_.jpg" alt="Product Image"></a><p>The Tao of Tea, Hibiscus Ginger Tea, Loose Leaf, 3.0 Ounce Tin to make 50 cups</p><p>$10.90 ($3.63 / Ounce)</p><a href="https://www.amazon.com/dp/B007Y94GN2?tag=eloabder-20&linkCode=osi&th=1&psc=1">View Product</a></div><div class="product"><a href="https://www.amazon.com/dp/B0D3WN5RG3?tag=eloabder-20&linkCode=osi&th=1&psc=1"><img src="https://m.media-amazon.com/images/I/5109jIe8NoL._SL500_.jpg" alt="Product Image"></a><p>Mevlana Ceylon Tea, Loose Leaf, 1 Lbs - Best Ceylon Black Tea Leaves from Sri Lanka - Loose Leaf Black Tea</p><p>$14.99 ($0.94 / Ounce)</p><a href="https://www.amazon.com/dp/B0D3WN5RG3?tag=eloabder-20&linkCode=osi&th=1&psc=1">View Product</a></div><div class="product"><a href="https://www.amazon.com/dp/B087G345SM?tag=eloabder-20&linkCode=osi&th=1&psc=1"><img src="https://m.media-amazon.com/images/I/51gQfgKqklL._SL500_.jpg" alt="Product Image"></a><p>TIAN HU SHAN Premium Oolong Tea Loose Leaf 14 Ounce (400g)</p><p>$14.99 ($1.07 / Ounce)</p><a href="https://www.amazon.com/dp/B087G345SM?tag=eloabder-20&linkCode=osi&th=1&psc=1">View Product</a></div>
<div class="product"><a href="https://www.amazon.com/dp/B08XWVFTKS?tag=eloabder-20&linkCode=osi&th=1&psc=1"><img src="https://m.media-amazon.com/images/I/41hJk3cTdnL._SL500_.jpg" alt="Product Image"></a><p>Lindt Gourmet Chocolate Truffles Gift Box, Assorted Chocolate Truffles, Great for gift giving, 14.7 Ounces</p><p>$24.99 ($1.70 / Ounce)</p><a href="https://www.amazon.com/dp/B08XWVFTKS?tag=eloabder-20&linkCode=osi&th=1&psc=1">View Product</a></div>
<div class="product"><a href="https://www.amazon.com/dp/B0CJ3XYPV3?tag=eloabder-20&linkCode=osi&th=1&psc=1"><img src="https://m.media-amazon.com/images/I/519ufxoFyDL._SL500_.jpg" alt="Product Image"></a><p>Blue House VARIETY Handcrafted Gourmet Caramel Candies Gift Box, Maple, Raspberry, Coffee, and Sea Salt</p><p>$26.98 ($1.35 / Count)</p><a href="https://www.amazon.com/dp/B0CJ3XYPV3?tag=eloabder-20&linkCode=osi&th=1&psc=1">View Product</a></div><div class="product"><a href="https://www.amazon.com/dp/B06VW4Z7B1?tag=eloabder-20&linkCode=osi&th=1&psc=1"><img src="https://m.media-amazon.com/images/I/516NdD4b5nL._SL500_.jpg" alt="Product Image"></a><p>BALI'S BEST Coffee Candy - Original Flavor | 1lb Jar | Rich, Smooth Taste | Indulge in Gourmet Coffee Delight - For Coffee Lovers, Delicious Treat for Any Occasion</p><p>$9.87 ($0.62 / Ounce)</p><a href="https://www.amazon.com/dp/B06VW4Z7B1?tag=eloabder-20&linkCode=osi&th=1&psc=1">View Product</a></div><div class="product"><a href="https://www.amazon.com/dp/B086N119VC?tag=eloabder-20&linkCode=osi&th=1&psc=1"><img src="https://m.media-amazon.com/images/I/41xKAcovvCS._SL500_.jpg" alt="Product Image"></a><p>Cerez Pazari Turkish Delight Candy with Assorted Mix Flavours 16 oz Gourmet Medium Size Snacks Gift Box | No Nuts Sweet Luxury Traditional Confectionery Vegan Lokum Loukoumi Approx.42 Pcs</p><p>$13.49 ($0.96 / Ounce)</p><a href="https://www.amazon.com/dp/B086N119VC?tag=eloabder-20&linkCode=osi&th=1&psc=1">View Product</a></div>
<div class="product"><a href="https://www.amazon.com/dp/B07CJLPR4P?tag=eloabder-20&linkCode=osi&th=1&psc=1"><img src="https://m.media-amazon.com/images/I/41vviwnqT4L._SL500_.jpg" alt="Product Image"></a><p>Funky Chunky Gourmet Popcorn Sampler Variety Pack with all 5 flavors: Sea Salt Caramel, Nutty Choco Pop, Peanut Butter Cup, Chip Zel Pop, and Chocolate Pretzel, 2 oz (5 Bags)</p><p>$20.00 ($2.00 / Ounce)</p><a href="https://www.amazon.com/dp/B07CJLPR4P?tag=eloabder-20&linkCode=osi&th=1&psc=1">View Product</a></div><div class="product"><a href="https://www.amazon.com/dp/B0CB1Q5YQ1?tag=eloabder-20&linkCode=osi&th=1&psc=1"><img src="https://m.media-amazon.com/images/I/61Xzv3ZgRIL._SL500_.jpg" alt="Product Image"></a><p>Italian Cracker Assortment - Pack of 30 - Snack Size Cracker Packs - Great Mother's Day Gift - Gourmet Artisan Cracker Variety Pack - Rosemary, Olive, Sesame, Poppy & Sesame, Pizza Flavors - Gourmet Crackers for Charcuterie Party - Cracker Gift Box - Kosher, Preservative Free</p><p>$29.99 ($34.01 / Ounce)</p><a href="https://www.amazon.com/dp/B0CB1Q5YQ1?tag=eloabder-20&linkCode=osi&th=1&psc=1">View Product</a></div><div class="product"><a href="https://www.amazon.com/dp/B0BLMMSPLW?tag=eloabder-20&linkCode=osi&th=1&psc=1"><img src="https://m.media-amazon.com/images/I/61jdT7ZVojL._SL500_.jpg" alt="Product Image"></a><p>International Snack Box, 30 Pcs Premium Foreign Rare Snack Food Gifts with Suprise Item,European Snacks for Adults and Kids for Easter Day</p><p>$39.95 ($0.62 / Ounce)</p><a href="https://www.amazon.com/dp/B0BLMMSPLW?tag=eloabder-20&linkCode=osi&th=1&psc=1">View Product</a></div><div class="product"><a href="https://www.amazon.com/dp/B07Z9SBTTC?tag=eloabder-20&linkCode=osi&th=1&psc=1"><img src="https://m.media-amazon.com/images/I/51P13LVLpjL._SL500_.jpg" alt="Product Image"></a><p>Sahale Snacks Glazed Mix Nut Blend Variety Pack, 1.5 Oz Grab & Go Bags (12 Total Packs) - Four Different Dry-Roasted Deluxe Mixed Nuts Blends Included - Non-GMO Kosher & Certified Gluten-Free Snacks</p><p>$42.20 ($2.34 / Ounce)</p><a href="https://www.amazon.com/dp/B07Z9SBTTC?tag=eloabder-20&linkCode=osi&th=1&psc=1">View Product</a></div><div class="product"><a href="https://www.amazon.com/dp/B00LAQ4Z1I?tag=eloabder-20&linkCode=osi&th=1&psc=1"><img src="https://m.media-amazon.com/images/I/41PkJ7khWFL._SL500_.jpg" alt="Product Image"></a><p>Sheila G's Brownie Brittle – Chocolate Chip & Salted Caramel Thin and Crispy Sweet Snacks (Pack of 20, 1 oz), Rich Gourmet Brownie Bites Dessert</p><p>$29.70 ($1.48 / Ounce)</p><a href="https://www.amazon.com/dp/B00LAQ4Z1I?tag=eloabder-20&linkCode=osi&th=1&psc=1">View Product</a></div><div class="product"><a href="https://www.amazon.com/dp/B09GW1NT5C?tag=eloabder-20&linkCode=osi&th=1&psc=1"><img src="https://m.media-amazon.com/images/I/613yB5WvmhL._SL500_.jpg" alt="Product Image"></a><p>CRAVEBOX Gourmet Specialty Snacks Box Care Package Boxes for College Students Adults Healthy Cookies Bar Organic Variety Gift Pack Assortment Basket Mix Sampler Treat Final Exam Office Men Women Halloween Back to School</p><p>$36.95 ($36.95 / Count)</p><a href="https://www.amazon.com/dp/B09GW1NT5C?tag=eloabder-20&linkCode=osi&th=1&psc=1">View Product</a></div>
<div class="product"><a href="https://www.amazon.com/dp/B00MPQ5ZOS?tag=eloabder-20&linkCode=osi&th=1&psc=1"><img src="https://m.media-amazon.com/images/I/51rC2bMIM5L._SL500_.jpg" alt="Product Image"></a><p>BetterBody Foods Organic Chia Seeds 2 lbs, 32 Oz, with Omega-3, Non-GMO, Gluten Free, Keto Diet Friendly, Vegan, Good Source of Fiber</p><p>$14.26 ($0.45 / Ounce)</p><a href="https://www.amazon.com/dp/B00MPQ5ZOS?tag=eloabder-20&linkCode=osi&th=1&psc=1">View Product</a></div><div class="product"><a href="https://www.amazon.com/dp/B000R7V3DE?tag=eloabder-20&linkCode=osi&th=1&psc=1"><img src="https://m.media-amazon.com/images/I/51YhGUGB+2L._SL500_.jpg" alt="Product Image"></a><p>Pacific Foods Organic Free Range Chicken Broth, 8 oz Carton (Pack of 4)</p><p>$3.39 ($0.11 / Fl Oz)</p><a href="https://www.amazon.com/dp/B000R7V3DE?tag=eloabder-20&linkCode=osi&th=1&psc=1">View Product</a></div><div class="product"><a href="https://www.amazon.com/dp/B073ZNGZ7F?tag=eloabder-20&linkCode=osi&th=1&psc=1"><img src="https://m.media-amazon.com/images/I/51PZf9bpVIL._SL500_.jpg" alt="Product Image"></a><p>BetterBody Foods Organic Quinoa, Vegan, Complete Plant Protein, Gluten Free, Low Glycemic Rice Replacement, 24 ounce</p><p>$15.63 ($0.65 / Fl Oz)</p><a href="https://www.amazon.com/dp/B073ZNGZ7F?tag=eloabder-20&linkCode=osi&th=1&psc=1">View Product</a></div><div class="product"><a href="https://www.amazon.com/dp/B01N3365YI?tag=eloabder-20&linkCode=osi&th=1&psc=1"><img src="https://m.media-amazon.com/images/I/41N0Mk2m0pL._SL500_.jpg" alt="Product Image"></a><p>NOW Foods, Organic Pumpkin Seeds, Raw and Unsalted, Excellent Source of Protein and Iron, Certified Non-GMO, Keto-Friendly Snack, 12-Ounce (Packaging May Vary)</p><p>$6.99 ($0.58 / Ounce)</p><a href="https://www.amazon.com/dp/B01N3365YI?tag=eloabder-20&linkCode=osi&th=1&psc=1">View Product</a></div><div class="product"><a href="https://www.amazon.com/dp/B0CMW5KTLL?tag=eloabder-20&linkCode=osi&th=1&psc=1"><img src="https://m.media-amazon.com/images/I/51skmBt-7dL._SL500_.jpg" alt="Product Image"></a><p>Kate’s Real Food Organic Granola Bars - Snack & Share Variety Pack (2.2 oz, Pack of 12) - Organic Energy Bars Made with Gluten Free Oats - Non GMO, Soy Free, Whole Grains, and All Natural</p><p>$33.88 ($1.28 / Ounce)</p><a href="https://www.amazon.com/dp/B0CMW5KTLL?tag=eloabder-20&linkCode=osi&th=1&psc=1">View Product</a></div><div class="product"><a href="https://www.amazon.com/dp/B008RLUXI8?tag=eloabder-20&linkCode=osi&th=1&psc=1"><img src="https://m.media-amazon.com/images/I/51cnqntGe8L._SL500_.jpg" alt="Product Image"></a><p>Annie's Organic Variety Pack, Cheddar Bunnies, Bunny Grahams and Cheddar Squares, 12 Pouches, 11 oz</p><p>$8.49 ($0.77 / Ounce)</p><a href="https://www.amazon.com/dp/B008RLUXI8?tag=eloabder-20&linkCode=osi&th=1&psc=1">View Product</a></div><div class="product"><a href="https://www.amazon.com/dp/B01IPZUZW4?tag=eloabder-20&linkCode=osi&th=1&psc=1"><img src="https://m.media-amazon.com/images/I/51F2XkB6b5L._SL500_.jpg" alt="Product Image"></a><p>BetterBody Foods Organic Cacao Powder, Rich Chocolate Flavor, Non-GMO, Gluten-Free, Cocoa, 16 ounce, 1 lb bag</p><p>$12.27 ($0.77 / Ounce)</p><a href="https://www.amazon.com/dp/B01IPZUZW4?tag=eloabder-20&linkCode=osi&th=1&psc=1">View Product</a></div><div class="product"><a href="https://www.amazon.com/dp/B016BC50VY?tag=eloabder-20&linkCode=osi&th=1&psc=1"><img src="https://m.media-amazon.com/images/I/51yOgUaWJ1L._SL500_.jpg" alt="Product Image"></a><p>Good Sense Roasted & Salted Organic Pumpkin Seeds (Pepitas), Non-GMO & All Natural, 6 Ounce Resealable Bag</p><p>$3.99 ($0.66 / Ounce)</p><a href="https://www.amazon.com/dp/B016BC50VY?tag=eloabder-20&linkCode=osi&th=1&psc=1">View Product</a></div><div class="product"><a href="https://www.amazon.com/dp/B0B5V77FSZ?tag=eloabder-20&linkCode=osi&th=1&psc=1"><img src="https://m.media-amazon.com/images/I/41qVxhNyX6L._SL500_.jpg" alt="Product Image"></a><p>Pacific Foods Organic Chicken and Wild Rice Soup, 16.3 oz Can</p><p>$2.87 ($0.18 / Ounce)</p><a href="https://www.amazon.com/dp/B0B5V77FSZ?tag=eloabder-20&linkCode=osi&th=1&psc=1">View Product</a></div>
<div class="product"><a href="https://www.amazon.com/dp/B00CBX8F3I?tag=eloabder-20&linkCode=osi&th=1&psc=1"><img src="https://m.media-amazon.com/images/I/51YgGi3uXNL._SL500_.jpg" alt="Product Image"></a><p>Glutino Gluten Free Table Crackers, Premium Squares, Original, 7 oz</p><p>$3.13 ($0.45 / Ounce)</p><a href="https://www.amazon.com/dp/B00CBX8F3I?tag=eloabder-20&linkCode=osi&th=1&psc=1">View Product</a></div><div class="product"><a href="https://www.amazon.com/dp/B0C64N6ZTC?tag=eloabder-20&linkCode=osi&th=1&psc=1"><img src="https://m.media-amazon.com/images/I/41jSEFaAtWL._SL500_.jpg" alt="Product Image"></a><p>Katz Gluten Free Toaster Pastries. Strawberry. Easy Breakfast Food Or Anytime Healthy Snacks For Adults & Kids. Gluten Free Snacks. Dairy Free, Nut Free, Peanut Free, Soy Free. Snacks For Adults Kosher Snacks. 8 OZ (Pack Of 2</p><p>$12.97 ($0.81 / Ounce)</p><a href="https://www.amazon.com/dp/B0C64N6ZTC?tag=eloabder-20&linkCode=osi&th=1&psc=1">View Product</a></div><div class="product"><a href="https://www.amazon.com/dp/B006OIWD7U?tag=eloabder-20&linkCode=osi&th=1&psc=1"><img src="https://m.media-amazon.com/images/I/51fcMhMMuFL._SL500_.jpg" alt="Product Image"></a><p>Kinnikinnick Gluten Free Angel Food Cake Mix, 16 Ounce</p><p>$9.00 ($0.56 / Ounce)</p><a href="https://www.amazon.com/dp/B006OIWD7U?tag=eloabder-20&linkCode=osi&th=1&psc=1">View Product</a></div><div class="product"><a href="https://www.amazon.com/dp/B00HKIBKQS?tag=eloabder-20&linkCode=osi&th=1&psc=1"><img src="https://m.media-amazon.com/images/I/41vcEf0YqVL._SL500_.jpg" alt="Product Image"></a><p>Lotus Foods Bulk Food Organic Millet & Brown Rice Ramen Noodles with Red Miso Soup, Gluten-Free Easy to Cook & Healthy Japanese Noodles with Instant Gourmet Broth, 2.8 Oz (Pack of 10)</p><p>$23.90 ($0.85 / Ounce)</p><a href="https://www.amazon.com/dp/B00HKIBKQS?tag=eloabder-20&linkCode=osi&th=1&psc=1">View Product</a></div><div class="product"><a href="https://www.amazon.com/dp/B09P8VQ62R?tag=eloabder-20&linkCode=osi&th=1&psc=1"><img src="https://m.media-amazon.com/images/I/517vF20bKYL._SL500_.jpg" alt="Product Image"></a><p>Gluten Free Sugar Free Butter Cookies 36 Count Traditional Danish Cookies, Premium Assorted Shortbread cookies for Diabetics (1 Pk, 11 Ounce)</p><p>$13.99 ($1.27 / Ounce)</p><a href="https://www.amazon.com/dp/B09P8VQ62R?tag=eloabder-20&linkCode=osi&th=1&psc=1">View Product</a></div><div class="product"><a href="https://www.amazon.com/dp/B07QFY8KVJ?tag=eloabder-20&linkCode=osi&th=1&psc=1"><img src="https://m.media-amazon.com/images/I/41A8K3x-WKL._SL500_.jpg" alt="Product Image"></a><p>Double Yolk Gluten Free Medium Egg Noodles,10 Ounce Bag (Pack of 2)</p><p>$20.00 ($1.00 / Ounce)</p><a href="https://www.amazon.com/dp/B07QFY8KVJ?tag=eloabder-20&linkCode=osi&th=1&psc=1">View Product</a></div><div class="product"><a href="https://www.amazon.com/dp/B017QPT0P2?tag=eloabder-20&linkCode=osi&th=1&psc=1"><img src="https://m.media-amazon.com/images/I/41bJSGh8ocS._SL500_.jpg" alt="Product Image"></a><p>Mom's Gluten Free Angel Food Cake Mix,1-Pack, Easy to Make, 12 Servings, Non GMO Delicious and Healthy Gluten Free Desserts</p><p>$9.99 ($0.55 / Ounce)</p><a href="https://www.amazon.com/dp/B017QPT0P2?tag=eloabder-20&linkCode=osi&th=1&psc=1">View Product</a></div>
<div class="product"><a href="https://www.amazon.com/dp/B08QG24L5V?tag=eloabder-20&linkCode=osi&th=1&psc=1"><img src="https://m.media-amazon.com/images/I/61+-HZ1es-L._SL500_.jpg" alt="Product Image"></a><p>Hellmann's Vegan Dressing and Spread Vegan 3 Ct for a Rich, Creamy Plant-Based Alternative to Mayo Same Great Taste, Plant Based, Free From Eggs 11.5 oz</p><p>$13.47 ($0.39 / Fl Oz)</p><a href="https://www.amazon.com/dp/B08QG24L5V?tag=eloabder-20&linkCode=osi&th=1&psc=1">View Product</a></div><div class="product"><a href="https://www.amazon.com/dp/B07PQ9D3WP?tag=eloabder-20&linkCode=osi&th=1&psc=1"><img src="https://m.media-amazon.com/images/I/519WO4YN0lL._SL500_.jpg" alt="Product Image"></a><p>Kapka Assorted Variety Indian Meals - 5 Pack - Ready to Eat Authentic Vegan Prepared Food - Just Add Water - Microwaveable Plant-Based Snacks for Breakfast, Lunch, Non-GMO, No Additives - 3.5oz Each</p><p>$22.99 ($1.31 / Ounce)</p><a href="https://www.amazon.com/dp/B07PQ9D3WP?tag=eloabder-20&linkCode=osi&th=1&psc=1">View Product</a></div><div class="product"><a href="https://www.amazon.com/dp/B093TNJY8D?tag=eloabder-20&linkCode=osi&th=1&psc=1"><img src="https://m.media-amazon.com/images/I/51imOXudzIL._SL500_.jpg" alt="Product Image"></a><p>TASTY BITE Mexican Protein Bowl, 8.8 Ounce, Pack of 6, Ready to Eat, Microwaveable, Vegan, 12g Plant Protein, Tangy Citrus</p><p>$21.96 ($0.42 / Ounce)</p><a href="https://www.amazon.com/dp/B093TNJY8D?tag=eloabder-20&linkCode=osi&th=1&psc=1">View Product</a></div><div class="product"><a href="https://www.amazon.com/dp/B0B23VJWWN?tag=eloabder-20&linkCode=osi&th=1&psc=1"><img src="https://m.media-amazon.com/images/I/519YN5vy+eL._SL500_.jpg" alt="Product Image"></a><p>Casa Verde | Variety flavours, 100% Natural food, Pack of 4, Real taste | 100% vegan & Non-GMO, Plant based, No preservatives</p><p>$26.99 ($0.77 / Ounce)</p><a href="https://www.amazon.com/dp/B0B23VJWWN?tag=eloabder-20&linkCode=osi&th=1&psc=1">View Product</a></div><div class="product"><a href="https://www.amazon.com/dp/B071JLJ9Q8?tag=eloabder-20&linkCode=osi&th=1&psc=1"><img src="https://m.media-amazon.com/images/I/51iqkJ5JbAL._SL500_.jpg" alt="Product Image"></a><p>Vegan Snacks Gift Basket for Adults Healthy Food Treats Variety Pack with Cookies, Protein Bars, Candy, Crispy Chips, Vegan Jerky, Fruit and Nut Blends - Ideal Vegan Snack Box Gift for Women & Men</p><p>$42.99 ($2.15 / Count)</p><a href="https://www.amazon.com/dp/B071JLJ9Q8?tag=eloabder-20&linkCode=osi&th=1&psc=1">View Product</a></div><div class="product"><a href="https://www.amazon.com/dp/B086PDWSNC?tag=eloabder-20&linkCode=osi&th=1&psc=1"><img src="https://m.media-amazon.com/images/I/51WO5dIKDjL._SL500_.jpg" alt="Product Image"></a><p>Kitchen & Love Best Sellers Variety Box 6-Pack | Vegan, Ready-to-Eat, No Refrigeration Required | Plant-Based, Gourmet Flavors</p><p>$27.99 ($0.59 / Ounce)</p><a href="https://www.amazon.com/dp/B086PDWSNC?tag=eloabder-20&linkCode=osi&th=1&psc=1">View Product</a></div><div class="product"><a href="https://www.amazon.com/dp/B08QG3CRNP?tag=eloabder-20&linkCode=osi&th=1&psc=1"><img src="https://m.media-amazon.com/images/I/617B3UIbxHL._SL500_.jpg" alt="Product Image"></a><p>Best Foods Vegan Dressing and Spread Vegan 1 ct for a Rich, Creamy Plant-Based Alternative to Mayo Same Great Taste, Plant Based, Free From Eggs 11.5 oz</p><p>$5.59 ($0.49 / Fl Oz)</p><a href="https://www.amazon.com/dp/B08QG3CRNP?tag=eloabder-20&linkCode=osi&th=1&psc=1">View Product</a></div><div class="product"><a href="https://www.amazon.com/dp/B09874VXSX?tag=eloabder-20&linkCode=osi&th=1&psc=1"><img src="https://m.media-amazon.com/images/I/51dRBp+9AzS._SL500_.jpg" alt="Product Image"></a><p>VEGAN VALLEY Cashew Nacho Cheeze Sauce, 14.5 oz - Shelf Stable, Tangy Vegan Nacho Cheeze -Certified Gluten-Free, Kosher, Dairy Free Cheeze -Non-GMO Plant-Based Cheeze Great As Vegan Pasta Sauce, Dip</p><p>$12.97 ($0.89 / Ounce)</p><a href="https://www.amazon.com/dp/B09874VXSX?tag=eloabder-20&linkCode=osi&th=1&psc=1">View Product</a></div><div class="product"><a href="https://www.amazon.com/dp/B076XR11WH?tag=eloabder-20&linkCode=osi&th=1&psc=1"><img src="https://m.media-amazon.com/images/I/41cpFCG2iiL._SL500_.jpg" alt="Product Image"></a><p>NOOCH IT! Fair Trade Dairy-Free Cashew Grated Cheeze | Vegan Parmesan ● Tasty Cheese Alternative | 4oz (Vegan "Parm", Gluten-Free)</p><p>$10.99 ($2.75 / Ounce)</p><a href="https://www.amazon.com/dp/B076XR11WH?tag=eloabder-20&linkCode=osi&th=1&psc=1">View Product</a></div>
<div class="product"><a href="https://www.amazon.com/dp/B09GFBR6MW?tag=eloabder-20&linkCode=osi&th=1&psc=1"><img src="https://m.media-amazon.com/images/I/51Jn8cqk0AL._SL500_.jpg" alt="Product Image"></a><p>Keto Almond Flour Crackers Variety Pack - Gluten Free, Low Carb, No Sugar</p><p>$14.99 ($2.22 / Ounce)</p><a href="https://www.amazon.com/dp/B09GFBR6MW?tag=eloabder-20&linkCode=osi&th=1&psc=1">View Product</a></div><div class="product"><a href="https://www.amazon.com/dp/B07TYW7CQ8?tag=eloabder-20&linkCode=osi&th=1&psc=1"><img src="https://m.media-amazon.com/images/I/51HQ0o0qxrL._SL500_.jpg" alt="Product Image"></a><p>Tillamook Country Smoker Keto Friendly Zero Sugar Smoked Sausages, Original, 10 Ounce</p><p>$11.49 ($1.15 / Ounce)</p><a href="https://www.amazon.com/dp/B07TYW7CQ8?tag=eloabder-20&linkCode=osi&th=1&psc=1">View Product</a></div><div class="product"><a href="https://www.amazon.com/dp/B09VXNV7ZZ?tag=eloabder-20&linkCode=osi&th=1&psc=1"><img src="https://m.media-amazon.com/images/I/51GQQjKLByL._SL500_.jpg" alt="Product Image"></a><p>Keto Strawberry Jam, No Sugar Added - Monk Fruit Sweetened, Gluten Free Spread from ChocZero, 12 oz</p><p>$9.99 ($0.83 / Ounce)</p><a href="https://www.amazon.com/dp/B09VXNV7ZZ?tag=eloabder-20&linkCode=osi&th=1&psc=1">View Product</a></div><div class="product"><a href="https://www.amazon.com/dp/B09GJ1RDS8?tag=eloabder-20&linkCode=osi&th=1&psc=1"><img src="https://m.media-amazon.com/images/I/61fQrPm63ML._SL500_.jpg" alt="Product Image"></a><p>Ratio Soft Baked Bars, Chocolate Brownie, 1g Sugar, Keto Friendly, 5.34 OZ (6 Bars)</p><p>$7.43 ($1.39 / Ounce)</p><a href="https://www.amazon.com/dp/B09GJ1RDS8?tag=eloabder-20&linkCode=osi&th=1&psc=1">View Product</a></div><div class="product"><a href="https://www.amazon.com/dp/B08ZS5VQ4P?tag=eloabder-20&linkCode=osi&th=1&psc=1"><img src="https://m.media-amazon.com/images/I/41bWBXP6BWL._SL500_.jpg" alt="Product Image"></a><p>Legendary Foods 20 gr Protein Pastry - Low Carb Tasty Protein Bar Alternative, Keto Friendly, No Sugar Added High Protein Breakfast Snacks, Gluten Free Keto Food - Brown Sugar Cinnamon (8-Pack)</p><p>$24.95 ($1.42 / Ounce)</p><a href="https://www.amazon.com/dp/B08ZS5VQ4P?tag=eloabder-20&linkCode=osi&th=1&psc=1">View Product</a></div><div class="product"><a href="https://www.amazon.com/dp/B08SHZGKD9?tag=eloabder-20&linkCode=osi&th=1&psc=1"><img src="https://m.media-amazon.com/images/I/51z4hGA4oGL._SL500_.jpg" alt="Product Image"></a><p>ChocZero Milk Chocolate Hazelnut Spread - Keto Friendly, No Sugar Added, Best Low Carb Dessert, Perfect Topping for Almond Flour Pancakes, Naturally Sweetened with Monk Fruit (1 jar, 12 oz)</p><p>$9.59 ($0.80 / Ounce)</p><a href="https://www.amazon.com/dp/B08SHZGKD9?tag=eloabder-20&linkCode=osi&th=1&psc=1">View Product</a></div><div class="product"><a href="https://www.amazon.com/dp/B078YD277Z?tag=eloabder-20&linkCode=osi&th=1&psc=1"><img src="https://m.media-amazon.com/images/I/413KVQlVNYL._SL500_.jpg" alt="Product Image"></a><p>Twin Peaks Low Carb, Keto Friendly Protein Puffs, Nacho Cheese (300g, 21g Protein, 2g Carbs)</p><p>$26.98 ($2.55 / Ounce)</p><a href="https://www.amazon.com/dp/B078YD277Z?tag=eloabder-20&linkCode=osi&th=1&psc=1">View Product</a></div><div class="product"><a href="https://www.amazon.com/dp/B09HYCR8H8?tag=eloabder-20&linkCode=osi&th=1&psc=1"><img src="https://m.media-amazon.com/images/I/51-9H1RUjjL._SL500_.jpg" alt="Product Image"></a><p>Ratio Coconut Almond Granola Cereal, 1g Sugar, Keto Friendly, 8 OZ Resealable Cereal Bag</p><p>$6.98 ($0.87 / Ounce)</p><a href="https://www.amazon.com/dp/B09HYCR8H8?tag=eloabder-20&linkCode=osi&th=1&psc=1">View Product</a></div><div class="product"><a href="https://www.amazon.com/dp/B09L78DG1T?tag=eloabder-20&linkCode=osi&th=1&psc=1"><img src="https://m.media-amazon.com/images/I/41zLTQtCMFL._SL500_.jpg" alt="Product Image"></a><p>Keto Biscuit Zero Carb Mix - Keto and Gluten Free Biscuit Baking Mix - 0g Net Carbs Per Biscuit - Sweetened with Allulose - No Erythritol, Easy to Bake - No Sugar Alcohols - No Nut Flours - Makes 12 Biscuits (23g Mix)</p><p>$12.99 ($1.33 / Ounce)</p><a href="https://www.amazon.com/dp/B09L78DG1T?tag=eloabder-20&linkCode=osi&th=1&psc=1">View Product</a></div>
<div class="product"><a href="https://www.amazon.com/dp/B07D3NS8NW?tag=eloabder-20&linkCode=osi&th=1&psc=1"><img src="https://m.media-amazon.com/images/I/5119qXbMHbL._SL500_.jpg" alt="Product Image"></a><p>Chomps Grass-Fed and Finished Original Beef Jerky Snack Sticks 10-Pack - Keto, Paleo, Whole30, 10g Lean Meat Protein, Gluten-Free, Zero Sugar Food, Non-GMO</p><p>$23.99 ($2.09 / Ounce)</p><a href="https://www.amazon.com/dp/B07D3NS8NW?tag=eloabder-20&linkCode=osi&th=1&psc=1">View Product</a></div><div class="product"><a href="https://www.amazon.com/dp/B01MD0T6G0?tag=eloabder-20&linkCode=osi&th=1&psc=1"><img src="https://m.media-amazon.com/images/I/410g9hhT61L._SL500_.jpg" alt="Product Image"></a><p>Paleo Powder Autoimmune Protocol All Purpose Seasoning | The Original Paleo Aip Seasoning Great for All Paleo Diets | Certified Keto Food, Paleo Whole 30, Aip Food, Gluten Free Seasoning</p><p>$10.99 ($2.75 / Ounce)</p><a href="https://www.amazon.com/dp/B01MD0T6G0?tag=eloabder-20&linkCode=osi&th=1&psc=1">View Product</a></div><div class="product"><a href="https://www.amazon.com/dp/B0844YJVX3?tag=eloabder-20&linkCode=osi&th=1&psc=1"><img src="https://m.media-amazon.com/images/I/51ejTPkppoL._SL500_.jpg" alt="Product Image"></a><p>Kevin's Natural Foods Paleo Simmer Sauce Variety Pack - Stir-Fry Sauce, Gluten Free, No Preservatives, Non-GMO - 3 Pack (Teriyaki/Thai Coconut/Korean BBQ)</p><p>$15.00 ($0.71 / Ounce)</p><a href="https://www.amazon.com/dp/B0844YJVX3?tag=eloabder-20&linkCode=osi&th=1&psc=1">View Product</a></div><div class="product"><a href="https://www.amazon.com/dp/B097CGVXGZ?tag=eloabder-20&linkCode=osi&th=1&psc=1"><img src="https://m.media-amazon.com/images/I/51q6lfDMpKL._SL500_.jpg" alt="Product Image"></a><p>Thunderbird Real Food Bars - Gluten Free, Paleo, Vegan Snack Food Bar Variety Pack - 102 Ounce</p><p>$18.99 ($1.86 / Ounce)</p><a href="https://www.amazon.com/dp/B097CGVXGZ?tag=eloabder-20&linkCode=osi&th=1&psc=1">View Product</a></div><div class="product"><a href="https://www.amazon.com/dp/B07B6N46RZ?tag=eloabder-20&linkCode=osi&th=1&psc=1"><img src="https://m.media-amazon.com/images/I/51VZNI8wYuL._SL500_.jpg" alt="Product Image"></a><p>Caveman Foods Dark Chocolate Almond Coconut (12 Count Box) 1.4 Ounce, Nutrition Bar , NON GMO, GULTEN Free, Paleo Friendly Dark Coconut Dark Chocolate Coconut bars</p><p>$18.55 ($1.10 / Ounce)</p><a href="https://www.amazon.com/dp/B07B6N46RZ?tag=eloabder-20&linkCode=osi&th=1&psc=1">View Product</a></div><div class="product"><a href="https://www.amazon.com/dp/B07TBB5XBT?tag=eloabder-20&linkCode=osi&th=1&psc=1"><img src="https://m.media-amazon.com/images/I/41C-Kn4zXqL._SL500_.jpg" alt="Product Image"></a><p>Paleo AIP Seasoned Breading Mix | Cassava Root with AIP Seasoning Paleo Mix for all Paleo Diets | Certified Keto Food, Gluten Free, No MSG, No Additives, No Anti-Caking Agents, No Added Sugar.</p><p>$11.99 ($1.50 / Ounce)</p><a href="https://www.amazon.com/dp/B07TBB5XBT?tag=eloabder-20&linkCode=osi&th=1&psc=1">View Product</a></div><div class="product"><a href="https://www.amazon.com/dp/B01II47Y94?tag=eloabder-20&linkCode=osi&th=1&psc=1"><img src="https://m.media-amazon.com/images/I/51qQs0vK2+L._SL500_.jpg" alt="Product Image"></a><p>Bearded Brothers Organic Vegan Protein Energy Bars - Gluten & Soy Free Paleo | Non GMO, Low Glycemic, Plant Based Protein, High Fiber | 12pk Six Flavor Variety</p><p>$30.99 ($1.70 / Ounce)</p><a href="https://www.amazon.com/dp/B01II47Y94?tag=eloabder-20&linkCode=osi&th=1&psc=1">View Product</a></div><div class="product"><a href="https://www.amazon.com/dp/B081XYV62N?tag=eloabder-20&linkCode=osi&th=1&psc=1"><img src="https://m.media-amazon.com/images/I/61EH9U076rL._SL500_.jpg" alt="Product Image"></a><p>Paleo Snacks Variety Pack for Adult | Healthy Snack Box [25 Count] Holiday Gift Basket Gluten Free | Mix of Whole Foods, Protein Bars, Crackers, Chips, Puffs, Fruit & Nuts by Snack Attack</p><p>$51.99</p><a href="https://www.amazon.com/dp/B081XYV62N?tag=eloabder-20&linkCode=osi&th=1&psc=1">View Product</a></div><div class="product"><a href="https://www.amazon.com/dp/B07NXF79QB?tag=eloabder-20&linkCode=osi&th=1&psc=1"><img src="https://m.media-amazon.com/images/I/41+l-WTpxlL._SL500_.jpg" alt="Product Image"></a><p>BetterBody Foods Avocado Oil Mayonnaise, Non-GMO Mayo Spread Made with Cage-Free Eggs, Paleo (15 Ounces)</p><p>$7.98 ($0.53 / Fl Oz)</p><a href="https://www.amazon.com/dp/B07NXF79QB?tag=eloabder-20&linkCode=osi&th=1&psc=1">View Product</a></div>

Aucun résultat trouvé.
<div class="product"><a href="https://www.amazon.com/dp/B07BQXJ123?tag=eloabder-20&linkCode=osi&th=1&psc=1"><img src="https://m.media-amazon.com/images/I/41h4IsgjbZL._SL500_.jpg" alt="Product Image"></a><p>Squirrel Brand Sweet Brown Butter Cashews, 3.5 Ounces Resealable Bag, Gluten Free, Vegetarian</p><p>$2.74 ($0.78 / Fl Oz)</p><a href="https://www.amazon.com/dp/B07BQXJ123?tag=eloabder-20&linkCode=osi&th=1&psc=1">View Product</a></div><div class="product"><a href="https://www.amazon.com/dp/B003P02EGU?tag=eloabder-20&linkCode=osi&th=1&psc=1"><img src="https://m.media-amazon.com/images/I/51aUMBXF71L._SL500_.jpg" alt="Product Image"></a><p>Sparkling Ice, Black Raspberry Sparkling Water, Zero Sugar Flavored Water, with Vitamins and Antioxidants, Low Calorie Beverage, 17 fl oz Bottles (Pack of 12)</p><p>$9.98 ($0.05 / Fl Oz)</p><a href="https://www.amazon.com/dp/B003P02EGU?tag=eloabder-20&linkCode=osi&th=1&psc=1">View Product</a></div><div class="product"><a href="https://www.amazon.com/dp/B0C6RG22VN?tag=eloabder-20&linkCode=osi&th=1&psc=1"><img src="https://m.media-amazon.com/images/I/31fjAuuWWNL._SL500_.jpg" alt="Product Image"></a><p>Bauducco Vanilla Wafers - Crispy Wafer Cookies With 3 Delicious, Indulgent, Decadent Layers of Vanilla Flavored Cream - Delicious Sweet Snack or Desert - 5.0 oz (Pack of 1)</p><p>$1.59 ($0.32 / Ounce)</p><a href="https://www.amazon.com/dp/B0C6RG22VN?tag=eloabder-20&linkCode=osi&th=1&psc=1">View Product</a></div><div class="product"><a href="https://www.amazon.com/dp/B09W5ZVDD2?tag=eloabder-20&linkCode=osi&th=1&psc=1"><img src="https://m.media-amazon.com/images/I/41SSfHVmdrL._SL500_.jpg" alt="Product Image"></a><p>Cinnamon Toast Crunch Creamy Cinnamon Spread, 10 Ounce</p><p>$2.48 ($0.25 / Ounce)</p><a href="https://www.amazon.com/dp/B09W5ZVDD2?tag=eloabder-20&linkCode=osi&th=1&psc=1">View Product</a></div><div class="product"><a href="https://www.amazon.com/dp/B00L2MWLMK?tag=eloabder-20&linkCode=osi&th=1&psc=1"><img src="https://m.media-amazon.com/images/I/51dBawJ2u9L._SL500_.jpg" alt="Product Image"></a><p>Duncan Hines Dark Chocolate Fudge Brownie Mix, 18.2 OZ</p><p>$1.54 ($0.08 / Ounce)</p><a href="https://www.amazon.com/dp/B00L2MWLMK?tag=eloabder-20&linkCode=osi&th=1&psc=1">View Product</a></div><div class="product"><a href="https://www.amazon.com/dp/B004M15U12?tag=eloabder-20&linkCode=osi&th=1&psc=1"><img src="https://m.media-amazon.com/images/I/51WF3t7pADL._SL500_.jpg" alt="Product Image"></a><p>PLANTERS Deluxe Salted Whole Cashews, Party Snacks, Plant-Based Protein, Quick Snack for Adults, After School Snack, Roasted Cashew Flavored with Sea Salt, Bulk Nuts, Kosher, 1 lb 2.25oz Canister</p><p>$9.98 ($0.55 / Ounce)</p><a href="https://www.amazon.com/dp/B004M15U12?tag=eloabder-20&linkCode=osi&th=1&psc=1">View Product</a></div><div class="product"><a href="https://www.amazon.com/dp/B078J62RYJ?tag=eloabder-20&linkCode=osi&th=1&psc=1"><img src="https://m.media-amazon.com/images/I/51AXLNUF66L._SL500_.jpg" alt="Product Image"></a><p>PLANTERS Deluxe Mixed Nuts, Cashews, Almonds, Pecans, Pistachios, Hazelnuts, Roasted with Sea Salt, Party Snacks, Plant-Based Protein, Quick Snack for Adults, After School Snack, 27oz Container</p><p>$17.51 ($0.65 / Ounce)</p><a href="https://www.amazon.com/dp/B078J62RYJ?tag=eloabder-20&linkCode=osi&th=1&psc=1">View Product</a></div><div class="product"><a href="https://www.amazon.com/dp/B0BSB1D65T?tag=eloabder-20&linkCode=osi&th=1&psc=1"><img src="https://m.media-amazon.com/images/I/51u9sSRdlIL._SL500_.jpg" alt="Product Image"></a><p>PLANTERS Cashews Cinnamon & Brown Sugar, Party Snacks, 5 Oz Bag</p><p>$3.50 ($0.70 / Ounce)</p><a href="https://www.amazon.com/dp/B0BSB1D65T?tag=eloabder-20&linkCode=osi&th=1&psc=1">View Product</a></div><div class="product"><a href="https://www.amazon.com/dp/B0BN4LZ5P3?tag=eloabder-20&linkCode=osi&th=1&psc=1"><img src="https://m.media-amazon.com/images/I/51OLBHQEeSL._SL500_.jpg" alt="Product Image"></a><p>Planters Dry Roasted Bold & Savory Peanuts, Party Snacks, Plant-Based Protein, 16 Oz Jar</p><p>$2.98 ($0.19 / Ounce)</p><a href="https://www.amazon.com/dp/B0BN4LZ5P3?tag=eloabder-20&linkCode=osi&th=1&psc=1">View Product</a></div>

<div class="product"><a href="https://www.amazon.com/dp/B0CJQJYYVQ?tag=eloabder-20&linkCode=osi&th=1&psc=1"><img src="https://m.media-amazon.com/images/I/51mbf3FOrUL._SL500_.jpg" alt="Product Image"></a><p>Dried Fruit and Nuts Gift Baskets, 9 Healthy Varieties of Nuts & Dried Fruit Gifts, Gourmet Prime Candy Basket Delivery, Family Edible Food Ideas for All, Anniversary, Birthday, Care Package, Corporate Gifts</p><p>$24.99 ($24.99 / Count)</p><a href="https://www.amazon.com/dp/B0CJQJYYVQ?tag=eloabder-20&linkCode=osi&th=1&psc=1">View Product</a></div><div class="product"><a href="https://www.amazon.com/dp/B0BRYN42RF?tag=eloabder-20&linkCode=osi&th=1&psc=1"><img src="https://m.media-amazon.com/images/I/61sztsxabsL._SL500_.jpg" alt="Product Image"></a><p>Dried Fruit & Nuts Gift Basket Arrangement Platter, Gourmet Food Snack Box, For Fathers Day, Birthday Care Package, Healthy Kosher - Her Him - 12 Snackberry Assortment (Single)</p><p>$24.99 ($1.03 / Ounce)</p><a href="https://www.amazon.com/dp/B0BRYN42RF?tag=eloabder-20&linkCode=osi&th=1&psc=1">View Product</a></div><div class="product"><a href="https://www.amazon.com/dp/B0CZ4H5N2S?tag=eloabder-20&linkCode=osi&th=1&psc=1"><img src="https://m.media-amazon.com/images/I/51NLO50v2cL._SL500_.jpg" alt="Product Image"></a><p>Variety Dried Fuit Gift Basket, Fathers Day Gift Basket, Gift Box for Birthday. Anniversary, Get Well Gift, Gift for Him, Her and Family, Snackberry (1 Pack)</p><p>$9.99 ($0.62 / Ounce)</p><a href="https://www.amazon.com/dp/B0CZ4H5N2S?tag=eloabder-20&linkCode=osi&th=1&psc=1">View Product</a></div><div class="product"><a href="https://www.amazon.com/dp/B09HW1C373?tag=eloabder-20&linkCode=osi&th=1&psc=1"><img src="https://m.media-amazon.com/images/I/418cDyDC0eL._SL500_.jpg" alt="Product Image"></a><p>Farm Fresh Assorted Nuts Gift Basket - Artfully Arranged Gourmet Nuts and Dried Fruit Collection - Prime Arrangement Platter - Makes a Delicious, Healthy Gift Basket For Holidays, Parties, Corporate Gifts, and More</p><p>$12.99 ($12.99 / Count)</p><a href="https://www.amazon.com/dp/B09HW1C373?tag=eloabder-20&linkCode=osi&th=1&psc=1">View Product</a></div><div class="product"><a href="https://www.amazon.com/dp/B0CRD2MWB9?tag=eloabder-20&linkCode=osi&th=1&psc=1"><img src="https://m.media-amazon.com/images/I/51tT9Jj4hKL._SL500_.jpg" alt="Product Image"></a><p>Happy Birthday Dried Fruit & Nuts Gift Basket Arrangement Platter, Gourmet Food Snack Box, Birthday Care Package, Healthy Kosher, Her Him (9 Assortments)</p><p>$19.99 ($19.99 / Count)</p><a href="https://www.amazon.com/dp/B0CRD2MWB9?tag=eloabder-20&linkCode=osi&th=1&psc=1">View Product</a></div><div class="product"><a href="https://www.amazon.com/dp/B0CHCJK5GN?tag=eloabder-20&linkCode=osi&th=1&psc=1"><img src="https://m.media-amazon.com/images/I/61dpK7BoYbL._SL500_.jpg" alt="Product Image"></a><p>Broadway Basketeers Deluxe Thank You Dried Fruit And Nuts Gift Basket - A Premium Healthy Appreciation Gift - Corporate, Family & Friends</p><p>$32.06</p><a href="https://www.amazon.com/dp/B0CHCJK5GN?tag=eloabder-20&linkCode=osi&th=1&psc=1">View Product</a></div>
<div class="product"><a href="https://www.amazon.com/dp/B078SZHZ82?tag=eloabder-20&linkCode=osi&th=1&psc=1"><img src="https://m.media-amazon.com/images/I/51S82IO04jL._SL500_.jpg" alt="Product Image"></a><p>DEL MONTE FRESH CUT BLUE LAKE Cut Green Beans Canned Vegetables,14.5 Ounce (Pack of 12)</p><p>$12.99 ($0.07 / Ounce)</p><a href="https://www.amazon.com/dp/B078SZHZ82?tag=eloabder-20&linkCode=osi&th=1&psc=1">View Product</a></div>
<div class="product"><a href="https://www.amazon.com/dp/B0C94YG17L?tag=eloabder-20&linkCode=osi&th=1&psc=1"><img src="https://m.media-amazon.com/images/I/51VfC5jp4OL._SL500_.jpg" alt="Product Image"></a><p>Hickory Farms Farmhouse Sausage & Cheese Medium Gift Box | Gourmet Food Basket | Charcuterie | Father's Day Gift | Perfect For Family, Birthday, Sympathy, Congratulations, Retirement, Thinking of You, Father's Day Gift</p><p>$34.99 ($34.99 / Count)</p><a href="https://www.amazon.com/dp/B0C94YG17L?tag=eloabder-20&linkCode=osi&th=1&psc=1">View Product</a></div><div class="product"><a href="https://www.amazon.com/dp/B00K35V3F8?tag=eloabder-20&linkCode=osi&th=1&psc=1"><img src="https://m.media-amazon.com/images/I/41bd0TKnKfL._SL500_.jpg" alt="Product Image"></a><p>Farmers' Market Charcuterie Gift for Summer, Wisconsin Cheese, Hickory Smoked Meat, Shelf Stable, Gourmet Meat and Cheese Platter, Large Original</p><p>$39.99</p><a href="https://www.amazon.com/dp/B00K35V3F8?tag=eloabder-20&linkCode=osi&th=1&psc=1">View Product</a></div><div class="product"><a href="https://www.amazon.com/dp/B0994V3KXV?tag=eloabder-20&linkCode=osi&th=1&psc=1"><img src="https://m.media-amazon.com/images/I/61Zr7E45qvL._SL500_.jpg" alt="Product Image"></a><p>Wisconsin Cheese Company - Specialty 100% Wisconsin Cheese Block Assortment 4 oz. (Pack of 7 Blocks) Cheddar, Pepper Jack, Swiss, Gouda, Cheddar Salami, Smoked Cheddar & Tomato Basil Cheese - Cheese Sampler Gift Set</p><p>$39.99 ($1.43 / Ounce)</p><a href="https://www.amazon.com/dp/B0994V3KXV?tag=eloabder-20&linkCode=osi&th=1&psc=1">View Product</a></div><div class="product"><a href="https://www.amazon.com/dp/B009Y7I2F0?tag=eloabder-20&linkCode=osi&th=1&psc=1"><img src="https://m.media-amazon.com/images/I/41VgrnxieeL._SL500_.jpg" alt="Product Image"></a><p>Wisconsin Cheese Company - 100% Wisconsin Cheddar & Pepper Jack Cheese and Cracker Gift Basket. Large Gourmet Gift Box Assortment. Great for Charcuterie Boards & Gifts.</p><p>$29.99 ($2.11 / Ounce)</p><a href="https://www.amazon.com/dp/B009Y7I2F0?tag=eloabder-20&linkCode=osi&th=1&psc=1">View Product</a></div><div class="product"><a href="https://www.amazon.com/dp/B00FY43IJ2?tag=eloabder-20&linkCode=osi&th=1&psc=1"><img src="https://m.media-amazon.com/images/I/41QN9RXV4RL._SL500_.jpg" alt="Product Image"></a><p>California Delicious Gourmet Cheeseboard Gift, 8 piece set</p><p>$47.98 ($6.00 / Count)</p><a href="https://www.amazon.com/dp/B00FY43IJ2?tag=eloabder-20&linkCode=osi&th=1&psc=1">View Product</a></div><div class="product"><a href="https://www.amazon.com/dp/B0CRM55TF8?tag=eloabder-20&linkCode=osi&th=1&psc=1"><img src="https://m.media-amazon.com/images/I/51Vz3kt14-L._SL500_.jpg" alt="Product Image"></a><p>Farmers' Market Cheese Block Assortment 7oz 6-Pack, Shelf Stable, Pasteurized, Locally Sourced Wisconsin Cheese (Assortment, 6 Count)</p><p>$29.99 ($0.71 / Ounce)</p><a href="https://www.amazon.com/dp/B0CRM55TF8?tag=eloabder-20&linkCode=osi&th=1&psc=1">View Product</a></div>
<div class="product"><a href="https://www.amazon.com/dp/B006GXQHKW?tag=eloabder-20&linkCode=osi&th=1&psc=1"><img src="https://m.media-amazon.com/images/I/41gffgWPG4L._SL500_.jpg" alt="Product Image"></a><p>Old Wisconsin Premium Summer Sausage, 100% Natural Meat, Charcuterie, Ready to Eat, High Protein, Low Carb, Keto, Gluten Free, Original Flavor, 8 Ounce</p><p>$6.09 ($0.76 / Count)</p><a href="https://www.amazon.com/dp/B006GXQHKW?tag=eloabder-20&linkCode=osi&th=1&psc=1">View Product</a></div><div class="product"><a href="https://www.amazon.com/dp/B07PNM9SNJ?tag=eloabder-20&linkCode=osi&th=1&psc=1"><img src="https://m.media-amazon.com/images/I/51XUGii8qrL._SL500_.jpg" alt="Product Image"></a><p>Meat Shredz - Premium Dried Pulled Pork (Variety, 6 Pack) | Gluten Free | High Protein & Low Sugar | Bacon Bits | Dehydrated Backpacking & Camping Food | Shredded, Dried Jerky Chew Snack</p><p>$42.95 ($52.06 / lb)</p><a href="https://www.amazon.com/dp/B07PNM9SNJ?tag=eloabder-20&linkCode=osi&th=1&psc=1">View Product</a></div><div class="product"><a href="https://www.amazon.com/dp/B0CVQWPGC5?tag=eloabder-20&linkCode=osi&th=1&psc=1"><img src="https://m.media-amazon.com/images/I/41M9k0m4dOL._SL500_.jpg" alt="Product Image"></a><p>Olympic Delights Premium Meats and Cheese Gift Box by Dan the Sausageman featuring Summer Sausage, Stuffed Olives, Crackers and Mustard</p><p>$68.95</p><a href="https://www.amazon.com/dp/B0CVQWPGC5?tag=eloabder-20&linkCode=osi&th=1&psc=1">View Product</a></div><div class="product"><a href="https://www.amazon.com/dp/B000FIUQAQ?tag=eloabder-20&linkCode=osi&th=1&psc=1"><img src="https://m.media-amazon.com/images/I/51-jFNA-ZgL._SL500_.jpg" alt="Product Image"></a><p>Hormel Premium No Salt Added Canned Chunk Chicken Breast in Water, 5 Ounce (Pack of 12)</p><p>$25.44 ($0.42 / Ounce)</p><a href="https://www.amazon.com/dp/B000FIUQAQ?tag=eloabder-20&linkCode=osi&th=1&psc=1">View Product</a></div><div class="product"><a href="https://www.amazon.com/dp/B07Y936YWY?tag=eloabder-20&linkCode=osi&th=1&psc=1"><img src="https://m.media-amazon.com/images/I/51cpUvuRIzL._SL500_.jpg" alt="Product Image"></a><p>Jack Link's Beef Jerky, Sweet & Hot, ½ Pounder Bag - Flavorful Meat Snack, 9g of Protein and 80 Calories, Made with Premium Beef - 96 Percent Fat Free, No Added MSG or Nitrates/Nitrites</p><p>$9.99 ($1.25 / Ounce)</p><a href="https://www.amazon.com/dp/B07Y936YWY?tag=eloabder-20&linkCode=osi&th=1&psc=1">View Product</a></div><div class="product"><a href="https://www.amazon.com/dp/B000FK7G20?tag=eloabder-20&linkCode=osi&th=1&psc=1"><img src="https://m.media-amazon.com/images/I/414A4Q9AvAL._SL500_.jpg" alt="Product Image"></a><p>Swanson White and Dark Premium Chunk Canned Chicken Breast in Water, Fully Cooked Chicken, 9.75 OZ Can (Case of 12)</p><p>$35.76 ($0.31 / Ounce)</p><a href="https://www.amazon.com/dp/B000FK7G20?tag=eloabder-20&linkCode=osi&th=1&psc=1">View Product</a></div>
<div class="product"><a href="https://www.amazon.com/dp/B072126PMY?tag=eloabder-20&linkCode=osi&th=1&psc=1"><img src="https://m.media-amazon.com/images/I/51nw4J9x8YL._SL500_.jpg" alt="Product Image"></a><p>Simple Mills Almond Flour Baking Mix, Artisan Bread Mix - Gluten Free, Plant Based, Paleo Friendly, 10.4 Ounce (Pack of 3)</p><p>$23.97 ($0.77 / Ounce)</p><a href="https://www.amazon.com/dp/B072126PMY?tag=eloabder-20&linkCode=osi&th=1&psc=1">View Product</a></div><div class="product"><a href="https://www.amazon.com/dp/B081VPXGJS?tag=eloabder-20&linkCode=osi&th=1&psc=1"><img src="https://m.media-amazon.com/images/I/51j0-+rAaZL._SL500_.jpg" alt="Product Image"></a><p>Essential Baking Company Organic Artisan Sourdough Bread, 18.2 Ounce (Pack of 3)</p><p>$28.65 ($0.52 / Ounce)</p><a href="https://www.amazon.com/dp/B081VPXGJS?tag=eloabder-20&linkCode=osi&th=1&psc=1">View Product</a></div><div class="product"><a href="https://www.amazon.com/dp/B08HSPX7LM?tag=eloabder-20&linkCode=osi&th=1&psc=1"><img src="https://m.media-amazon.com/images/I/41RUhxZCnNL._SL500_.jpg" alt="Product Image"></a><p>Giusto's Vita-Grain All-Natural Artisan Malted Unbleached Bread Flour, 5lb Bag</p><p>$10.95 ($0.14 / Ounce)</p><a href="https://www.amazon.com/dp/B08HSPX7LM?tag=eloabder-20&linkCode=osi&th=1&psc=1">View Product</a></div>
<div class="product"><a href="https://www.amazon.com/dp/B001DDD4DS?tag=eloabder-20&linkCode=osi&th=1&psc=1"><img src="https://m.media-amazon.com/images/I/51osI10x5HL._SL500_.jpg" alt="Product Image"></a><p>Mantova Flavored Extra Virgin Olive Oil Variety Pack: Garlic, Basil, Chili, Lemon Organic Extra Virgin Olive Oil, 8.5-Ounce Per Bottle (Pack of 4) Great Gift Item</p><p>$36.99 ($1.09 / Fl Oz)</p><a href="https://www.amazon.com/dp/B001DDD4DS?tag=eloabder-20&linkCode=osi&th=1&psc=1">View Product</a></div><div class="product"><a href="https://www.amazon.com/dp/B001DDD4E2?tag=eloabder-20&linkCode=osi&th=1&psc=1"><img src="https://m.media-amazon.com/images/I/51cFWLj1kiL._SL500_.jpg" alt="Product Image"></a><p>Mantova Grand’Aroma Flavored Extra Virgin Olive Oils, Variety Gift Set, made in Italy, cold-pressed, 100% natural, heart-healthy, for grilling, barbequing, smoking, and cooking, 8.5 oz (Pack of 4)</p><p>$39.99 ($1.18 / Fl Oz)</p><a href="https://www.amazon.com/dp/B001DDD4E2?tag=eloabder-20&linkCode=osi&th=1&psc=1">View Product</a></div><div class="product"><a href="https://www.amazon.com/dp/B087S41Y1W?tag=eloabder-20&linkCode=osi&th=1&psc=1"><img src="https://m.media-amazon.com/images/I/518tVUgnUkL._SL500_.jpg" alt="Product Image"></a><p>Benissimo Herb Infused Cooking Oil Chef Pack, All Natural Italiano, Roasted Garlic, Mediterranean Garlic, Balsamic Garlic</p><p>$26.99 ($0.79 / Fl Oz)</p><a href="https://www.amazon.com/dp/B087S41Y1W?tag=eloabder-20&linkCode=osi&th=1&psc=1">View Product</a></div><div class="product"><a href="https://www.amazon.com/dp/B08CY8R7TF?tag=eloabder-20&linkCode=osi&th=1&psc=1"><img src="https://m.media-amazon.com/images/I/61pbDfsr-8L._SL500_.jpg" alt="Product Image"></a><p>Infused Extra Virgin Olive Oil Gift Box Set, First Cold Pressed, Variety Pack, 4 bottles x 8.5 fl.oz (250ml), Naturally Infused for Dipping & Tasting, (Gift Box Included), Chili, Garlic, Basil, Rosemary, BASSO1904</p><p>$35.99 ($1.06 / Fl Oz)</p><a href="https://www.amazon.com/dp/B08CY8R7TF?tag=eloabder-20&linkCode=osi&th=1&psc=1">View Product</a></div><div class="product"><a href="https://www.amazon.com/dp/B009HRQ47U?tag=eloabder-20&linkCode=osi&th=1&psc=1"><img src="https://m.media-amazon.com/images/I/41PaTko-dvL._SL500_.jpg" alt="Product Image"></a><p>TruffleHunter - English, Black & White Truffle Oil Set - 3.38 Oz x 3</p><p>$29.70 ($0.10 / Fl Oz)</p><a href="https://www.amazon.com/dp/B009HRQ47U?tag=eloabder-20&linkCode=osi&th=1&psc=1">View Product</a></div><div class="product"><a href="https://www.amazon.com/dp/B07ZZLZBF8?tag=eloabder-20&linkCode=osi&th=1&psc=1"><img src="https://m.media-amazon.com/images/I/51fpIYH949L._SL500_.jpg" alt="Product Image"></a><p>Viva Oliva Six 60ml (2oz) Variety Gift Set - Premium Flavored Extra Virgin Olive Oils (Tuscan Herb, Basil, Mushroom & Sage) and All Natural Balsamic Vinegars (18 Year Traditional, Grapefruit, Black Mission Fig)</p><p>$43.95 ($3.61 / Fl Oz)</p><a href="https://www.amazon.com/dp/B07ZZLZBF8?tag=eloabder-20&linkCode=osi&th=1&psc=1">View Product</a></div><div class="product"><a href="https://www.amazon.com/dp/B0B2LS1J8F?tag=eloabder-20&linkCode=osi&th=1&psc=1"><img src="https://m.media-amazon.com/images/I/41q4RRhEqPL._SL500_.jpg" alt="Product Image"></a><p>Infused Olive Oil Gift Sets - Organic Puglia Olive Oil Sampler Gift Set. Ideal for Italian Gifts and Edible Gift Baskets. Gourmet Olive Oil Gift Box of 5 x 3.45 Fl.Oz.</p><p>$53.80 ($3.16 / Fl Oz)</p><a href="https://www.amazon.com/dp/B0B2LS1J8F?tag=eloabder-20&linkCode=osi&th=1&psc=1">View Product</a></div><div class="product"><a href="https://www.amazon.com/dp/B08P967SSX?tag=eloabder-20&linkCode=osi&th=1&psc=1"><img src="https://m.media-amazon.com/images/I/51HyprLyr5L._SL500_.jpg" alt="Product Image"></a><p>Viva Oliva Four 60ml (2oz) Variety Gift Set - Premium Flavored Extra Virgin Olive Oils (Tuscan Herb & Basil) and All Natural Balsamic Vinegars (18 Year Traditional & Black Mission Fig)</p><p>$33.95 ($4.18 / Fl Oz)</p><a href="https://www.amazon.com/dp/B08P967SSX?tag=eloabder-20&linkCode=osi&th=1&psc=1">View Product</a></div><div class="product"><a href="https://www.amazon.com/dp/B0078DPMQY?tag=eloabder-20&linkCode=osi&th=1&psc=1"><img src="https://m.media-amazon.com/images/I/31qLwvo1tML._SL500_.jpg" alt="Product Image"></a><p>Benissimo Oil Roasted Garlic, 8.1 Ounces</p><p>$11.99 ($1.48 / Ounce)</p><a href="https://www.amazon.com/dp/B0078DPMQY?tag=eloabder-20&linkCode=osi&th=1&psc=1">View Product</a></div>
<div class="product"><a href="https://www.amazon.com/dp/B07MGKCV5Y?tag=eloabder-20&linkCode=osi&th=1&psc=1"><img src="https://m.media-amazon.com/images/I/31tE+o2DanL._SL500_.jpg" alt="Product Image"></a><p>Iberia All Natural Distilled White Vinegar, 1 Gallon - 5% Acidity</p><p>$12.99 ($0.10 / Fl Oz)</p><a href="https://www.amazon.com/dp/B07MGKCV5Y?tag=eloabder-20&linkCode=osi&th=1&psc=1">View Product</a></div><div class="product"><a href="https://www.amazon.com/dp/B07985NMQD?tag=eloabder-20&linkCode=osi&th=1&psc=1"><img src="https://m.media-amazon.com/images/I/41ElEDybjlL._SL500_.jpg" alt="Product Image"></a><p>Lucy's Family Owned - Natural Distilled White Vinegar, 1 Gallon (128 oz) - 5% Acidity (White Vinegar, 1 Gallon (128 fl oz.))</p><p>$17.99 ($0.14 / Fl Oz)</p><a href="https://www.amazon.com/dp/B07985NMQD?tag=eloabder-20&linkCode=osi&th=1&psc=1">View Product</a></div><div class="product"><a href="https://www.amazon.com/dp/B07F7MXPWD?tag=eloabder-20&linkCode=osi&th=1&psc=1"><img src="https://m.media-amazon.com/images/I/51GKn4NVqTL._SL500_.jpg" alt="Product Image"></a><p>Soeos Chinkiang Vinegar 16.9 fl oz (500ml), 3 Years Aged, Naturally Fermented, Mature Aged Black Vinegar, Chinese Black Vinegar, Zhenjiang Vinegar, Black Rice Vinegar, Black Vinegar Chinese.</p><p>$13.99 ($0.83 / Fl Oz)</p><a href="https://www.amazon.com/dp/B07F7MXPWD?tag=eloabder-20&linkCode=osi&th=1&psc=1">View Product</a></div><div class="product"><a href="https://www.amazon.com/dp/B001I7MVG0?tag=eloabder-20&linkCode=osi&th=1&psc=1"><img src="https://m.media-amazon.com/images/I/41HHUOECW2L._SL500_.jpg" alt="Product Image"></a><p>Bragg Organic Raw Apple Cider Vinegar, 32 Ounce - 1 Pack</p><p>$5.99 ($0.19 / Fl Oz)</p><a href="https://www.amazon.com/dp/B001I7MVG0?tag=eloabder-20&linkCode=osi&th=1&psc=1">View Product</a></div><div class="product"><a href="https://www.amazon.com/dp/B07W9HX3MV?tag=eloabder-20&linkCode=osi&th=1&psc=1"><img src="https://m.media-amazon.com/images/I/413FdgpxYrL._SL500_.jpg" alt="Product Image"></a><p>Calyptus 45% Pure Super Concentrated Vinegar | Dilutes to 9 Gallons | 9x Power Concentrate Vinegar | 1 Gallon</p><p>$26.99 ($0.21 / Fl Oz)</p><a href="https://www.amazon.com/dp/B07W9HX3MV?tag=eloabder-20&linkCode=osi&th=1&psc=1">View Product</a></div><div class="product"><a href="https://www.amazon.com/dp/B0052BFNLS?tag=eloabder-20&linkCode=osi&th=1&psc=1"><img src="https://m.media-amazon.com/images/I/31Tfk-0-ybL._SL500_.jpg" alt="Product Image"></a><p>Pompeian Gourmet Red Wine Vinegar, Perfect for Salad Dressings, Marinades & Sauces, Naturally Gluten Free, 30 Ounce</p><p>$4.91 ($0.16 / Fl Oz)</p><a href="https://www.amazon.com/dp/B0052BFNLS?tag=eloabder-20&linkCode=osi&th=1&psc=1">View Product</a></div><div class="product"><a href="https://www.amazon.com/dp/B00AAL6W2Y?tag=eloabder-20&linkCode=osi&th=1&psc=1"><img src="https://m.media-amazon.com/images/I/51dfgVE7orL._SL500_.jpg" alt="Product Image"></a><p>Mantova Organic Flavored Balsamic Vinegar of Modena 4-Variety Pack: Fig, Pear, Pomegranate, & Raspberry; Perfect for Gift Basket, Add to Pasta, Salad, Ice Cream and Cocktails, 8.5 oz per bottle</p><p>$27.99 ($0.82 / Fl Oz)</p><a href="https://www.amazon.com/dp/B00AAL6W2Y?tag=eloabder-20&linkCode=osi&th=1&psc=1">View Product</a></div><div class="product"><a href="https://www.amazon.com/dp/B0BGYTGT7X?tag=eloabder-20&linkCode=osi&th=1&psc=1"><img src="https://m.media-amazon.com/images/I/41huHEExA1L._SL500_.jpg" alt="Product Image"></a><p>Bragg Organic Apple Cider Vinegar With the Mother– Raw, Unfiltered All Natural Ingredients (64 Fl Oz (Pack of 1))</p><p>$13.68 ($0.21 / Fl Oz)</p><a href="https://www.amazon.com/dp/B0BGYTGT7X?tag=eloabder-20&linkCode=osi&th=1&psc=1">View Product</a></div><div class="product"><a href="https://www.amazon.com/dp/B08TZY2TZ8?tag=eloabder-20&linkCode=osi&th=1&psc=1"><img src="https://m.media-amazon.com/images/I/41YwKPQA9rL._SL500_.jpg" alt="Product Image"></a><p>Due Vittorie Oro Gold Balsamic Vinegar of Modena. Highest score from The Consortium of Modena With Cork Pourer - 8.45fl oz / 250ml</p><p>$17.00 ($2.01 / Fl Oz)</p><a href="https://www.amazon.com/dp/B08TZY2TZ8?tag=eloabder-20&linkCode=osi&th=1&psc=1">View Product</a></div>
<div class="product"><a href="https://www.amazon.com/dp/B07HMJWCNL?tag=eloabder-20&linkCode=osi&th=1&psc=1"><img src="https://m.media-amazon.com/images/I/51ayBrtgPUL._SL500_.jpg" alt="Product Image"></a><p>TRUFF Original Black Truffle Hot Sauce, Gourmet Hot Sauce with Ripe Chili Peppers, Black Truffle Oil, Agave Nectar, Unique Flavor Experience in a Bottle, 6 oz.</p><p>$14.99</p><a href="https://www.amazon.com/dp/B07HMJWCNL?tag=eloabder-20&linkCode=osi&th=1&psc=1">View Product</a></div><div class="product"><a href="https://www.amazon.com/dp/B083QT1TPX?tag=eloabder-20&linkCode=osi&th=1&psc=1"><img src="https://m.media-amazon.com/images/I/41mYuAlAFNL._SL500_.jpg" alt="Product Image"></a><p>TRUFF Hot Sauce Variety Pack, Gourmet Hot Sauce Set of Original, Hotter and Limited White Edition, Unique Flavor Experiences with Truffle, 3-Bottle Bundle, 3ct 6oz bottles</p><p>$67.99 ($3.78 / Ounce)</p><a href="https://www.amazon.com/dp/B083QT1TPX?tag=eloabder-20&linkCode=osi&th=1&psc=1">View Product</a></div><div class="product"><a href="https://www.amazon.com/dp/B0BV19S7TR?tag=eloabder-20&linkCode=osi&th=1&psc=1"><img src="https://m.media-amazon.com/images/I/51iGXyqK-pL._SL500_.jpg" alt="Product Image"></a><p>Le Sauce & Co., White Wine Lemon Garlic Gourmet Finishing Sauce (2-pack), Steakhouse Quality Gourmet Sauce, Lemon Sauce, Garlic Sauce, White Wine Sauce, Steak Sauce, Chicken sauce, Lemon Sauce, Cream Sauce,</p><p>$13.94 ($1.55 / Ounce)</p><a href="https://www.amazon.com/dp/B0BV19S7TR?tag=eloabder-20&linkCode=osi&th=1&psc=1">View Product</a></div><div class="product"><a href="https://www.amazon.com/dp/B078JBZBW5?tag=eloabder-20&linkCode=osi&th=1&psc=1"><img src="https://m.media-amazon.com/images/I/51J1qgzr8uL._SL500_.jpg" alt="Product Image"></a><p>Melinda’s Hot Sauce Variety Pack - Extra Spicy Gourmet Hot Sauce Gift Set with Variety of Heat Levels - Includes XXXXtra Reserve, Garlic Habanero, Extra Hot, Mango, Ghost Pepper- 5 oz, 5 Pack</p><p>$21.99 ($0.88 / Fl Oz)</p><a href="https://www.amazon.com/dp/B078JBZBW5?tag=eloabder-20&linkCode=osi&th=1&psc=1">View Product</a></div><div class="product"><a href="https://www.amazon.com/dp/B0BL864XMH?tag=eloabder-20&linkCode=osi&th=1&psc=1"><img src="https://m.media-amazon.com/images/I/51+63Ag8ApL._SL500_.jpg" alt="Product Image"></a><p>Dave's Gourmet Creamy Hot Sauce Variety 4-Pack - Moderate Heat for Flavoring Your Favorite Food</p><p>$30.99 ($0.97 / Ounce)</p><a href="https://www.amazon.com/dp/B0BL864XMH?tag=eloabder-20&linkCode=osi&th=1&psc=1">View Product</a></div>
<div class="product"><a href="https://www.amazon.com/dp/B07WT6GP2F?tag=eloabder-20&linkCode=osi&th=1&psc=1"><img src="https://m.media-amazon.com/images/I/41mEgBeglEL._SL500_.jpg" alt="Product Image"></a><p>Lindt Mini Pralines, Assorted Chocolate Pralines with Premium Filling, Great for gift giving, 6.2 oz Box</p><p>$16.49 ($2.66 / Ounce)</p><a href="https://www.amazon.com/dp/B07WT6GP2F?tag=eloabder-20&linkCode=osi&th=1&psc=1">View Product</a></div><div class="product"><a href="https://www.amazon.com/dp/B01BDI89SW?tag=eloabder-20&linkCode=osi&th=1&psc=1"><img src="https://m.media-amazon.com/images/I/61w5wYyxzKL._SL500_.jpg" alt="Product Image"></a><p>Ferrero Collection, 24 Count, Premium Gourmet Assorted Hazelnut Milk Chocolate, Dark Chocolate and Coconut, 9.1 oz</p><p>$11.97 ($1.32 / Ounce)</p><a href="https://www.amazon.com/dp/B01BDI89SW?tag=eloabder-20&linkCode=osi&th=1&psc=1">View Product</a></div><div class="product"><a href="https://www.amazon.com/dp/B0BHTWFQ5X?tag=eloabder-20&linkCode=osi&th=1&psc=1"><img src="https://m.media-amazon.com/images/I/41K-mIm1WNL._SL500_.jpg" alt="Product Image"></a><p>Lindt LINDOR Assorted Chocolate Truffles 90 Count Gift Box, Chocolate Candy with Smooth, Melting Truffle Center, 38.4 oz. Box</p><p>$33.95 ($0.88 / Ounce)</p><a href="https://www.amazon.com/dp/B0BHTWFQ5X?tag=eloabder-20&linkCode=osi&th=1&psc=1">View Product</a></div><div class="product"><a href="https://www.amazon.com/dp/B00UXI3PLU?tag=eloabder-20&linkCode=osi&th=1&psc=1"><img src="https://m.media-amazon.com/images/I/41Jw-Ek4+CL._SL500_.jpg" alt="Product Image"></a><p>Lindt LINDOR Milk Chocolate Candy Truffles, Milk Chocolate with Melting Truffle Center, 15.2 oz. Bag</p><p>$12.18 ($0.80 / Ounce)</p><a href="https://www.amazon.com/dp/B00UXI3PLU?tag=eloabder-20&linkCode=osi&th=1&psc=1">View Product</a></div>
<div class="product"><a href="https://www.amazon.com/dp/B000SDKDM4?tag=eloabder-20&linkCode=osi&th=1&psc=1"><img src="https://m.media-amazon.com/images/I/41L+oJp7MmL._SL500_.jpg" alt="Product Image"></a><p>Lavazza Super Crema Whole Bean Coffee Blend, light-Medium Espresso Roast, 2.2 Pound (Pack of 1) ,Premium Quality, Aromatic, Mild and creamy</p><p>$18.49 ($0.53 / Ounce)</p><a href="https://www.amazon.com/dp/B000SDKDM4?tag=eloabder-20&linkCode=osi&th=1&psc=1">View Product</a></div><div class="product"><a href="https://www.amazon.com/dp/B0721BGRS9?tag=eloabder-20&linkCode=osi&th=1&psc=1"><img src="https://m.media-amazon.com/images/I/41tHHVMfguL._SL500_.jpg" alt="Product Image"></a><p>Amazon Fresh, Dark Roast, Whole Bean Coffee, 32 Oz</p><p>$19.18 ($0.60 / Ounce)</p><a href="https://www.amazon.com/dp/B0721BGRS9?tag=eloabder-20&linkCode=osi&th=1&psc=1">View Product</a></div><div class="product"><a href="https://www.amazon.com/dp/B003GV7JFE?tag=eloabder-20&linkCode=osi&th=1&psc=1"><img src="https://m.media-amazon.com/images/I/41IKY6hLa9L._SL500_.jpg" alt="Product Image"></a><p>Eight O'Clock Coffee Whole Bean, The Original, 42 Ounce</p><p>$13.98</p><a href="https://www.amazon.com/dp/B003GV7JFE?tag=eloabder-20&linkCode=osi&th=1&psc=1">View Product</a></div><div class="product"><a href="https://www.amazon.com/dp/B07171HMF5?tag=eloabder-20&linkCode=osi&th=1&psc=1"><img src="https://m.media-amazon.com/images/I/41EBDHFVYVL._SL500_.jpg" alt="Product Image"></a><p>Mt. Comfort Coffee Organic Peru Medium Roast, 2.5 Pounds - Flavor Notes of Nutty, Chocolate, & Citrus - Sourced From Small, Peruvian Coffee Farms - Roasted Whole Beans</p><p>$23.19 ($0.58 / Ounce)</p><a href="https://www.amazon.com/dp/B07171HMF5?tag=eloabder-20&linkCode=osi&th=1&psc=1">View Product</a></div><div class="product"><a href="https://www.amazon.com/dp/B006Y7WAHE?tag=eloabder-20&linkCode=osi&th=1&psc=1"><img src="https://m.media-amazon.com/images/I/31VxnI1AuQL._SL500_.jpg" alt="Product Image"></a><p>Cameron's Coffee Roasted Whole Bean Coffee, Breakfast Blend, 32 Ounce, (Pack of 1)</p><p>$10.98 ($0.34 / Ounce)</p><a href="https://www.amazon.com/dp/B006Y7WAHE?tag=eloabder-20&linkCode=osi&th=1&psc=1">View Product</a></div><div class="product"><a href="https://www.amazon.com/dp/B0002E2GQU?tag=eloabder-20&linkCode=osi&th=1&psc=1"><img src="https://m.media-amazon.com/images/I/41f+StbrprL._SL500_.jpg" alt="Product Image"></a><p>Lavazza Crema E Aroma Whole Bean Coffee Blend, 2.2-Pound Bag , Balanced medium roast with an intense, earthy flavor and long lasting crema, Non-GMO</p><p>$17.99 ($0.51 / Ounce)</p><a href="https://www.amazon.com/dp/B0002E2GQU?tag=eloabder-20&linkCode=osi&th=1&psc=1">View Product</a></div><div class="product"><a href="https://www.amazon.com/dp/B005OJ4X32?tag=eloabder-20&linkCode=osi&th=1&psc=1"><img src="https://m.media-amazon.com/images/I/31GzxEGJ-1L._SL500_.jpg" alt="Product Image"></a><p>Lavazza Espresso Barista Gran Crema Whole Bean Coffee Blend, Medium Espresso Roast, Oz Bag (Packaging May Vary) - 2.2 LB, 35.2 Ounce</p><p>$17.99 ($0.51 / Ounce)</p><a href="https://www.amazon.com/dp/B005OJ4X32?tag=eloabder-20&linkCode=osi&th=1&psc=1">View Product</a></div><div class="product"><a href="https://www.amazon.com/dp/B003YVRX5W?tag=eloabder-20&linkCode=osi&th=1&psc=1"><img src="https://m.media-amazon.com/images/I/41Ioxmr1WhL._SL500_.jpg" alt="Product Image"></a><p>Tim Hortons Whole Bean Original, Medium Roast Coffee, Made with 100% Arabica Beans, 32 Ounce Bag</p><p>$15.68 ($0.49 / Ounce)</p><a href="https://www.amazon.com/dp/B003YVRX5W?tag=eloabder-20&linkCode=osi&th=1&psc=1">View Product</a></div><div class="product"><a href="https://www.amazon.com/dp/B016RY0LWO?tag=eloabder-20&linkCode=osi&th=1&psc=1"><img src="https://m.media-amazon.com/images/I/41I6lHKpWrL._SL500_.jpg" alt="Product Image"></a><p>Lavazza Espresso Italiano Whole Bean Coffee Blend, Medium Roast,Premium Quality Arabic, 2.2 Pound (Pack of 1) (Packaging may vary)</p><p>$14.98 ($0.43 / Ounce)</p><a href="https://www.amazon.com/dp/B016RY0LWO?tag=eloabder-20&linkCode=osi&th=1&psc=1">View Product</a></div>
<div class="product"><a href="https://www.amazon.com/dp/B09ZMVM3XJ?tag=eloabder-20&linkCode=osi&th=1&psc=1"><img src="https://m.media-amazon.com/images/I/51IRO3xhEKL._SL500_.jpg" alt="Product Image"></a><p>Gardenika Organic Loose Leaf Tea Sampler – 8 Pack, 1 LB – Herbal and Naturally Caffeine-Free Set - Ayurvedic Assortment Blend</p><p>$29.95 ($29.95 / Count)</p><a href="https://www.amazon.com/dp/B09ZMVM3XJ?tag=eloabder-20&linkCode=osi&th=1&psc=1">View Product</a></div><div class="product"><a href="https://www.amazon.com/dp/B0CVTGJHK9?tag=eloabder-20&linkCode=osi&th=1&psc=1"><img src="https://m.media-amazon.com/images/I/51J-jqFqytL._SL500_.jpg" alt="Product Image"></a><p>Lyon DIY Tea Blending Set-16 Tin Variety Pack-Premium Herbal Tea & Exotic Floral/Fruit Flavor Infusers - Create 75+ Cups w/Assorted Teas, Oolong, Chamomile, Rose, Peach & More</p><p>$44.95 ($6.25 / Ounce)</p><a href="https://www.amazon.com/dp/B0CVTGJHK9?tag=eloabder-20&linkCode=osi&th=1&psc=1">View Product</a></div><div class="product"><a href="https://www.amazon.com/dp/B01AJBV0US?tag=eloabder-20&linkCode=osi&th=1&psc=1"><img src="https://m.media-amazon.com/images/I/516u5DAm7GL._SL500_.jpg" alt="Product Image"></a><p>Tiesta Tea - Lavender Chamomile | Soft Chamomile Herbal Tea | Premium Loose Leaf Tea Blend | Non Caffeinated Herbal Tea | Make Hot or Iced Tea & Brews Up to 25 Cups - 0.9 Ounce Resealable Pouch</p><p>$4.99 ($5.54 / Ounce)</p><a href="https://www.amazon.com/dp/B01AJBV0US?tag=eloabder-20&linkCode=osi&th=1&psc=1">View Product</a></div><div class="product"><a href="https://www.amazon.com/dp/B08VF85JJF?tag=eloabder-20&linkCode=osi&th=1&psc=1"><img src="https://m.media-amazon.com/images/I/517Ac4bB6FL._SL500_.jpg" alt="Product Image"></a><p>Tiesta Tea Top 8 Favorites Sampler Set, Up to 80 Cups, High to No Caffeine, Hot & Iced Tea, Loose Leaf Tea Variety Pack with Green, Herbal, Black & Chai Tea, 8 Sample Pouches</p><p>$22.95 ($3.59 / Ounce)</p><a href="https://www.amazon.com/dp/B08VF85JJF?tag=eloabder-20&linkCode=osi&th=1&psc=1">View Product</a></div><div class="product"><a href="https://www.amazon.com/dp/B08MWDTNTZ?tag=eloabder-20&linkCode=osi&th=1&psc=1"><img src="https://m.media-amazon.com/images/I/51M1TNYBU7L._SL500_.jpg" alt="Product Image"></a><p>Tetley British Blend Premium Black Tea, 320 Tea Bags, Rainforest Alliance Certified, 320 Count (Pack of 1)</p><p>$15.92 ($0.05 / Count)</p><a href="https://www.amazon.com/dp/B08MWDTNTZ?tag=eloabder-20&linkCode=osi&th=1&psc=1">View Product</a></div><div class="product"><a href="https://www.amazon.com/dp/B086R8PDZV?tag=eloabder-20&linkCode=osi&th=1&psc=1"><img src="https://m.media-amazon.com/images/I/41nHau5YdVL._SL500_.jpg" alt="Product Image"></a><p>Buddha Teas - Organic Mushroom Wellness Blend - Herbal Tea - For Health & Wellbeing - With Antioxidants & Minerals - Clean Ingredients - Caffeine Free - OU Kosher & Non-GMO - 18 Tea Bags (Pack of 1).</p><p>$8.25 ($0.46 / Count)</p><a href="https://www.amazon.com/dp/B086R8PDZV?tag=eloabder-20&linkCode=osi&th=1&psc=1">View Product</a></div><div class="product"><a href="https://www.amazon.com/dp/B07CGW59KH?tag=eloabder-20&linkCode=osi&th=1&psc=1"><img src="https://m.media-amazon.com/images/I/611h06lvlUL._SL500_.jpg" alt="Product Image"></a><p>Loose Leaf Tea Sampler Create Your Own Tea Blend Starter Kit w/Sencha, Rooibos, China Black, & Ginger, Lavender, Rose, Lemongrass, Hibiscus Spices</p><p>$29.99</p><a href="https://www.amazon.com/dp/B07CGW59KH?tag=eloabder-20&linkCode=osi&th=1&psc=1">View Product</a></div><div class="product"><a href="https://www.amazon.com/dp/B0CT8JGNB8?tag=eloabder-20&linkCode=osi&th=1&psc=1"><img src="https://m.media-amazon.com/images/I/411PWQNU6BL._SL500_.jpg" alt="Product Image"></a><p>120 Premium Turmeric, Ginger, Cinnamon Blend Tea Bags, 100% Natural & No Additives & Caffeine Free.</p><p>$14.95 ($0.12 / Count)</p><a href="https://www.amazon.com/dp/B0CT8JGNB8?tag=eloabder-20&linkCode=osi&th=1&psc=1">View Product</a></div><div class="product"><a href="https://www.amazon.com/dp/B00OS96DVY?tag=eloabder-20&linkCode=osi&th=1&psc=1"><img src="https://m.media-amazon.com/images/I/51-sK6ajnML._SL500_.jpg" alt="Product Image"></a><p>Harney & Sons Tower of London Black Tea with Vanilla, Black Currant, Caramel, and Honey | 30 sachets, Historic Royal Palaces Collection</p><p>$10.33 ($3.90 / Ounce)</p><a href="https://www.amazon.com/dp/B00OS96DVY?tag=eloabder-20&linkCode=osi&th=1&psc=1">View Product</a></div><div class="product"><a href="https://www.amazon.com/dp/B0BHYBHVJ6?tag=eloabder-20&linkCode=osi&th=1&psc=1"><img src="https://m.media-amazon.com/images/I/51F9trJcmdL._SL500_.jpg" alt="Product Image"></a><p>Organic Sleep Blend Herbal Tea - 50 Packets - Natural Chamomile, Peppermint, Fennel And Tulsi Teabags - USDA Certified 100% Non-GMO - Decaffeinated Designer Gift Tin</p><p>$8.69 ($0.17 / Count)</p><a href="https://www.amazon.com/dp/B0BHYBHVJ6?tag=eloabder-20&linkCode=osi&th=1&psc=1">View Product</a></div>
<div class="product"><a href="https://www.amazon.com/dp/B0BVXD8CX3?tag=eloabder-20&linkCode=osi&th=1&psc=1"><img src="https://m.media-amazon.com/images/I/51hkEiL7c8L._SL500_.jpg" alt="Product Image"></a><p>Simply Organic Herbs, Spices and Seasonings Assorted Variety Sampler Gift Set - By Veher (24-Pack)</p><p>$142.95 ($5.96 / Ounce)</p><a href="https://www.amazon.com/dp/B0BVXD8CX3?tag=eloabder-20&linkCode=osi&th=1&psc=1">View Product</a></div><div class="product"><a href="https://www.amazon.com/dp/B094WXH3KP?tag=eloabder-20&linkCode=osi&th=1&psc=1"><img src="https://m.media-amazon.com/images/I/51mqUk3dM1L._SL500_.jpg" alt="Product Image"></a><p>eonou Encore Seasonings and Spices 10 pk - Premium Cooking Spices and Herbs (Oregano, Rosemary, Basil, Parsley, Italian Seasoning, Cumin, Steak Spice, Chopped Onion, Onion Powder, Thyme)</p><p>$19.99 ($2.00 / Count)</p><a href="https://www.amazon.com/dp/B094WXH3KP?tag=eloabder-20&linkCode=osi&th=1&psc=1">View Product</a></div><div class="product"><a href="https://www.amazon.com/dp/B072N9BLHS?tag=eloabder-20&linkCode=osi&th=1&psc=1"><img src="https://m.media-amazon.com/images/I/519zkN7EgWL._SL500_.jpg" alt="Product Image"></a><p>The Spice Way Herbes De Provence - | 4oz | fresh herbs and spice seasoning</p><p>$6.99 ($1.75 / Ounce)</p><a href="https://www.amazon.com/dp/B072N9BLHS?tag=eloabder-20&linkCode=osi&th=1&psc=1">View Product</a></div><div class="product"><a href="https://www.amazon.com/dp/B0761Z81ZK?tag=eloabder-20&linkCode=osi&th=1&psc=1"><img src="https://m.media-amazon.com/images/I/51tYgb8ntBL._SL500_.jpg" alt="Product Image"></a><p>McCormick Grill Mates Roasted Garlic & Herb Seasoning, 9.25 oz</p><p>$7.43 ($0.80 / Ounce)</p><a href="https://www.amazon.com/dp/B0761Z81ZK?tag=eloabder-20&linkCode=osi&th=1&psc=1">View Product</a></div><div class="product"><a href="https://www.amazon.com/dp/B00CQ7K9J2?tag=eloabder-20&linkCode=osi&th=1&psc=1"><img src="https://m.media-amazon.com/images/I/317BBm1p-TL._SL500_.jpg" alt="Product Image"></a><p>Bragg Sprinkle Herbs and Spices - Salt Free Seasoning, 1.5oz, Single</p><p>$6.99 ($4.66 / Ounce)</p><a href="https://www.amazon.com/dp/B00CQ7K9J2?tag=eloabder-20&linkCode=osi&th=1&psc=1">View Product</a></div><div class="product"><a href="https://www.amazon.com/dp/B003H2S2KI?tag=eloabder-20&linkCode=osi&th=1&psc=1"><img src="https://m.media-amazon.com/images/I/41mr0wk+3mL._SL500_.jpg" alt="Product Image"></a><p>Badia Herbs De Provence, 8 Ounces</p><p>$6.26 ($0.78 / Ounce)</p><a href="https://www.amazon.com/dp/B003H2S2KI?tag=eloabder-20&linkCode=osi&th=1&psc=1">View Product</a></div><div class="product"><a href="https://www.amazon.com/dp/B0BQ4VRJBL?tag=eloabder-20&linkCode=osi&th=1&psc=1"><img src="https://m.media-amazon.com/images/I/41ZxLNNd8mL._SL500_.jpg" alt="Product Image"></a><p>Weber Roasted Garlic & Herb Seasoning, 5.5 Ounce Shaker</p><p>$2.82 ($0.51 / Ounce)</p><a href="https://www.amazon.com/dp/B0BQ4VRJBL?tag=eloabder-20&linkCode=osi&th=1&psc=1">View Product</a></div><div class="product"><a href="https://www.amazon.com/dp/B08KRC7V7J?tag=eloabder-20&linkCode=osi&th=1&psc=1"><img src="https://m.media-amazon.com/images/I/4170CYnZ9WL._SL500_.jpg" alt="Product Image"></a><p>McCormick Salt Free Garlic and Herb Seasoning, 4.37 oz</p><p>$4.68 ($1.07 / Ounce)</p><a href="https://www.amazon.com/dp/B08KRC7V7J?tag=eloabder-20&linkCode=osi&th=1&psc=1">View Product</a></div><div class="product"><a href="https://www.amazon.com/dp/B00IX4WUTY?tag=eloabder-20&linkCode=osi&th=1&psc=1"><img src="https://m.media-amazon.com/images/I/51TAH1ijkqS._SL500_.jpg" alt="Product Image"></a><p>Bragg Sprinkle Herbs and Spices Seasoning, 1.5oz, 3 Pack</p><p>$20.27 ($13.51 / Ounce)</p><a href="https://www.amazon.com/dp/B00IX4WUTY?tag=eloabder-20&linkCode=osi&th=1&psc=1">View Product</a></div>
<div class="product"><a href="https://www.amazon.com/dp/B0BWSKYV63?tag=eloabder-20&linkCode=osi&th=1&psc=1"><img src="https://m.media-amazon.com/images/I/51Q5Je2yRhL._SL500_.jpg" alt="Product Image"></a><p>Welch's Fruit Snacks, Mixed Fruit, Perfect Easter Basket Stuffers, Gluten Free, Bulk Pack, Individual Single Serve Bags, 0.8 oz (Pack of 40)</p><p>$7.99 ($0.25 / Ounce)</p><a href="https://www.amazon.com/dp/B0BWSKYV63?tag=eloabder-20&linkCode=osi&th=1&psc=1">View Product</a></div><div class="product"><a href="https://www.amazon.com/dp/B08826B2XL?tag=eloabder-20&linkCode=osi&th=1&psc=1"><img src="https://m.media-amazon.com/images/I/61DT5pSYXFL._SL500_.jpg" alt="Product Image"></a><p>Frito Lay Ultimate Classic Snacks Package, Variety Assortment of Chips, Cookies, Crackers, & Nuts, (Pack of 40) (Packaging May Vary)</p><p>$26.91</p><a href="https://www.amazon.com/dp/B08826B2XL?tag=eloabder-20&linkCode=osi&th=1&psc=1">View Product</a></div><div class="product"><a href="https://www.amazon.com/dp/B013OY25GA?tag=eloabder-20&linkCode=osi&th=1&psc=1"><img src="https://m.media-amazon.com/images/I/51FlSjX95aL._SL500_.jpg" alt="Product Image"></a><p>Snack Pack Chocolate and Vanilla Flavored Pudding Cups Family Pack, 12 Count Pudding Cups (6 Pack)</p><p>$3.27 ($0.01 / Ounce)</p><a href="https://www.amazon.com/dp/B013OY25GA?tag=eloabder-20&linkCode=osi&th=1&psc=1">View Product</a></div><div class="product"><a href="https://www.amazon.com/dp/B0BWSLB73Z?tag=eloabder-20&linkCode=osi&th=1&psc=1"><img src="https://m.media-amazon.com/images/I/51RWXG4OG6L._SL500_.jpg" alt="Product Image"></a><p>Welch's Fruit Snacks, Fruit Punch & Island Fruits Variety Pack, Perfect for School Lunches, Gluten Free, Bulk Pack, 0.8 oz Individual Single Serve Bags (Pack of 40)</p><p>$8.49 ($0.21 / Count)</p><a href="https://www.amazon.com/dp/B0BWSLB73Z?tag=eloabder-20&linkCode=osi&th=1&psc=1">View Product</a></div><div class="product"><a href="https://www.amazon.com/dp/B09FFXR2VV?tag=eloabder-20&linkCode=osi&th=1&psc=1"><img src="https://m.media-amazon.com/images/I/51SZiftXwcL._SL500_.jpg" alt="Product Image"></a><p>The Only Bean Crunchy Dry Roasted Edamame Snacks (Sea Salt), Keto Snack Food, High Protein (11g) Healthy Snacks, Low Carb Gluten Free Office Vegan Food 100 Calorie Snack Pack, 0.9oz 10 Pack</p><p>$12.72 ($1.41 / Ounce)</p><a href="https://www.amazon.com/dp/B09FFXR2VV?tag=eloabder-20&linkCode=osi&th=1&psc=1">View Product</a></div><div class="product"><a href="https://www.amazon.com/dp/B072151Q32?tag=eloabder-20&linkCode=osi&th=1&psc=1"><img src="https://m.media-amazon.com/images/I/41Rlgfdz90L._SL500_.jpg" alt="Product Image"></a><p>Dole Fruit Bowls No Sugar Added Variety Pack Snacks, Peaches, Mandarin Oranges & Cherry Mixed Fruit, 4oz 12 Cups, Gluten & Dairy Free, Bulk Lunch Snacks for Kids & Adults</p><p>$6.74 ($0.56 / Count)</p><a href="https://www.amazon.com/dp/B072151Q32?tag=eloabder-20&linkCode=osi&th=1&psc=1">View Product</a></div><div class="product"><a href="https://www.amazon.com/dp/B084RDDFGR?tag=eloabder-20&linkCode=osi&th=1&psc=1"><img src="https://m.media-amazon.com/images/I/41eLMpoHGkL._SL500_.jpg" alt="Product Image"></a><p>Kellogg's Rice Krispies Treats, Crispy Marshmallow Squares, Original, School Lunch Snack, 41.9oz Case (54 Count)</p><p>$13.49 ($0.32 / Ounce)</p><a href="https://www.amazon.com/dp/B084RDDFGR?tag=eloabder-20&linkCode=osi&th=1&psc=1">View Product</a></div><div class="product"><a href="https://www.amazon.com/dp/B00G2XNSWQ?tag=eloabder-20&linkCode=osi&th=1&psc=1"><img src="https://m.media-amazon.com/images/I/411XH1pQP8L._SL500_.jpg" alt="Product Image"></a><p>Nutella & GO! Bulk 12 Pack, Hazelnut and Cocoa Spread with Breadsticks, Snack Cups for Kids, 1.8 oz Each</p><p>$11.99 ($0.56 / Ounce)</p><a href="https://www.amazon.com/dp/B00G2XNSWQ?tag=eloabder-20&linkCode=osi&th=1&psc=1">View Product</a></div><div class="product"><a href="https://www.amazon.com/dp/B00KR7PKTC?tag=eloabder-20&linkCode=osi&th=1&psc=1"><img src="https://m.media-amazon.com/images/I/414UW7g-s5L._SL500_.jpg" alt="Product Image"></a><p>Cheez-It Cheese Crackers, Baked Snack Crackers, Lunch Snacks, Variety Pack, 12.1oz Box (12 Packs)</p><p>$5.82 ($0.48 / Ounce)</p><a href="https://www.amazon.com/dp/B00KR7PKTC?tag=eloabder-20&linkCode=osi&th=1&psc=1">View Product</a></div><div class="product"><a href="https://www.amazon.com/dp/B078D7MGY5?tag=eloabder-20&linkCode=osi&th=1&psc=1"><img src="https://m.media-amazon.com/images/I/41ttxloA1AL._SL500_.jpg" alt="Product Image"></a><p>Pringles Potato Crisps Chips, Lunch Snacks, On-the-Go Snacks, Snack Stacks, Variety Pack, 19.3oz Box (27 Cups)</p><p>$12.99 ($0.67 / Ounce)</p><a href="https://www.amazon.com/dp/B078D7MGY5?tag=eloabder-20&linkCode=osi&th=1&psc=1">View Product</a></div>
<div class="product"><a href="https://www.amazon.com/dp/B0C5YLP6PC?tag=eloabder-20&linkCode=osi&th=1&psc=1"><img src="https://m.media-amazon.com/images/I/41Ru-8CxkhL._SL500_.jpg" alt="Product Image"></a><p>3 Pack, Gluten Free Potato Gnocchi, Cooks in 2-3 minutes, (3 x 1 lb), Italian Gnocchi, Product of Italy, NON GMO, Eggs Free, Vegan, by L'Oro Del Sud</p><p>$17.99 ($1.12 / Ounce)</p><a href="https://www.amazon.com/dp/B0C5YLP6PC?tag=eloabder-20&linkCode=osi&th=1&psc=1">View Product</a></div><div class="product"><a href="https://www.amazon.com/dp/B09Q98H64R?tag=eloabder-20&linkCode=osi&th=1&psc=1"><img src="https://m.media-amazon.com/images/I/5101NV4WQOL._SL500_.jpg" alt="Product Image"></a><p>Kraft Gluten Free Original Mac & Cheese Macaroni and Cheese Dinner, 4 ct Pack, 1.9 oz Cups</p><p>$6.49 ($0.85 / Ounce)</p><a href="https://www.amazon.com/dp/B09Q98H64R?tag=eloabder-20&linkCode=osi&th=1&psc=1">View Product</a></div><div class="product"><a href="https://www.amazon.com/dp/B0BRBWXDTK?tag=eloabder-20&linkCode=osi&th=1&psc=1"><img src="https://m.media-amazon.com/images/I/41Di2iNnMJL._SL500_.jpg" alt="Product Image"></a><p>Katz Gluten Free Oatmeal Crème Pies| Dairy Free, Nut Free, Soy Free, Gluten Free | Kosher (1 Pack 6.3 Ounce)</p><p>$12.99 ($2.16 / Ounce)</p><a href="https://www.amazon.com/dp/B0BRBWXDTK?tag=eloabder-20&linkCode=osi&th=1&psc=1">View Product</a></div><div class="product"><a href="https://www.amazon.com/dp/B01JJ9H1Q8?tag=eloabder-20&linkCode=osi&th=1&psc=1"><img src="https://m.media-amazon.com/images/I/41EC1yykptL._SL500_.jpg" alt="Product Image"></a><p>King Arthur, Measure for Measure Flour, Certified Gluten-Free, Non-GMO Project Verified, Certified Kosher, 3 Pounds, Packaging May Vary</p><p>$8.62 ($0.18 / Ounce)</p><a href="https://www.amazon.com/dp/B01JJ9H1Q8?tag=eloabder-20&linkCode=osi&th=1&psc=1">View Product</a></div><div class="product"><a href="https://www.amazon.com/dp/B07CL1SRNB?tag=eloabder-20&linkCode=osi&th=1&psc=1"><img src="https://m.media-amazon.com/images/I/51jpv3MCzgL._SL500_.jpg" alt="Product Image"></a><p>Snyder's of Hanover, Gluten Free Pretzels, 8 Oz</p><p>$4.89 ($0.61 / Ounce)</p><a href="https://www.amazon.com/dp/B07CL1SRNB?tag=eloabder-20&linkCode=osi&th=1&psc=1">View Product</a></div><div class="product"><a href="https://www.amazon.com/dp/B004TSXNIA?tag=eloabder-20&linkCode=osi&th=1&psc=1"><img src="https://m.media-amazon.com/images/I/5137tUox+SL._SL500_.jpg" alt="Product Image"></a><p>Annie's Gluten Free Cocoa and Vanilla Bunny Cookies, 6.75 oz</p><p>$4.22 ($0.62 / Ounce)</p><a href="https://www.amazon.com/dp/B004TSXNIA?tag=eloabder-20&linkCode=osi&th=1&psc=1">View Product</a></div><div class="product"><a href="https://www.amazon.com/dp/B00GI9B84O?tag=eloabder-20&linkCode=osi&th=1&psc=1"><img src="https://m.media-amazon.com/images/I/41e7kO-b3WS._SL500_.jpg" alt="Product Image"></a><p>Mom's Place Gluten Free Beef Stroganoff Mix</p><p>$5.99 ($5.99 / Count)</p><a href="https://www.amazon.com/dp/B00GI9B84O?tag=eloabder-20&linkCode=osi&th=1&psc=1">View Product</a></div><div class="product"><a href="https://www.amazon.com/dp/B0BXQWVL1Q?tag=eloabder-20&linkCode=osi&th=1&psc=1"><img src="https://m.media-amazon.com/images/I/413idrGl7fL._SL500_.jpg" alt="Product Image"></a><p>Simple Mills Almond Flour Snack Bars (Chocolate Brownie) with Organic Coconut Oil, Chia Seeds, Sunflower Seeds, and Flax Seeds, 6oz, 1 Count</p><p>$4.50 ($0.75 / Ounce)</p><a href="https://www.amazon.com/dp/B0BXQWVL1Q?tag=eloabder-20&linkCode=osi&th=1&psc=1">View Product</a></div><div class="product"><a href="https://www.amazon.com/dp/B09Z9QV2CT?tag=eloabder-20&linkCode=osi&th=1&psc=1"><img src="https://m.media-amazon.com/images/I/41pnXqKjS7L._SL500_.jpg" alt="Product Image"></a><p>Mom's Place Gluten Free Biscuits & Gravy Mix</p><p>$8.99 ($0.67 / Ounce)</p><a href="https://www.amazon.com/dp/B09Z9QV2CT?tag=eloabder-20&linkCode=osi&th=1&psc=1">View Product</a></div>
<div class="product"><a href="https://www.amazon.com/dp/B0BNZF5CCM?tag=eloabder-20&linkCode=osi&th=1&psc=1"><img src="https://m.media-amazon.com/images/I/61ZB1KesX-L._SL500_.jpg" alt="Product Image"></a><p>Midi International Snack Box | Premium Exotic Foreign Snacks | Unique Snack Food Gifts Included | Purple Theme Box | Candies from Around the World | 12 Full-Size + 1 Bonus Snacks</p><p>$14.95 ($14.95 / Count)</p><a href="https://www.amazon.com/dp/B0BNZF5CCM?tag=eloabder-20&linkCode=osi&th=1&psc=1">View Product</a></div><div class="product"><a href="https://www.amazon.com/dp/B08W72N8SM?tag=eloabder-20&linkCode=osi&th=1&psc=1"><img src="https://m.media-amazon.com/images/I/61UC7bprqkL._SL500_.jpg" alt="Product Image"></a><p>Midi International Snack Box | Premium Exotic Foreign Snacks | Unique Snack Food Gifts Included | Fantastic Space Theme | Candies from Around the World | 12 Full-Size + 1 Bonus Snacks</p><p>$14.99 ($1.25 / Count)</p><a href="https://www.amazon.com/dp/B08W72N8SM?tag=eloabder-20&linkCode=osi&th=1&psc=1">View Product</a></div><div class="product"><a href="https://www.amazon.com/dp/B0C6PRVVJY?tag=eloabder-20&linkCode=osi&th=1&psc=1"><img src="https://m.media-amazon.com/images/I/61o8Z3EzSnL._SL500_.jpg" alt="Product Image"></a><p>International Exotic Snack Box Variety Pack, 22 Count Premium Foreign Rare Snack Food Gifts with Suprise Item for Fun, Mystery Box of Snacks, European Snacks for Adults and Kids</p><p>$29.95</p><a href="https://www.amazon.com/dp/B0C6PRVVJY?tag=eloabder-20&linkCode=osi&th=1&psc=1">View Product</a></div><div class="product"><a href="https://www.amazon.com/dp/B09T7B3QFJ?tag=eloabder-20&linkCode=osi&th=1&psc=1"><img src="https://m.media-amazon.com/images/I/61Xx7pPJCkL._SL500_.jpg" alt="Product Image"></a><p>Universal Yums International Snack Box | Variety Pack Of Chips, Candy, Chocolates, And Snacks From Around The World | Foreign Snacks For Office, Family, Gifts, And Parties | (50 Exotic Snacks)</p><p>$49.50</p><a href="https://www.amazon.com/dp/B09T7B3QFJ?tag=eloabder-20&linkCode=osi&th=1&psc=1">View Product</a></div><div class="product"><a href="https://www.amazon.com/dp/B08W71KXLS?tag=eloabder-20&linkCode=osi&th=1&psc=1"><img src="https://m.media-amazon.com/images/I/61dcTJQFmBL._SL500_.jpg" alt="Product Image"></a><p>Midi International Snack Box | Premium Exotic Foreign Snacks | Unique Snack Food Gifts Included | Picnic Box Theme | Candies from Around the World | 12 Full-Size + 1 Bonus Snacks</p><p>$14.99 ($14.99 / Count)</p><a href="https://www.amazon.com/dp/B08W71KXLS?tag=eloabder-20&linkCode=osi&th=1&psc=1">View Product</a></div><div class="product"><a href="https://www.amazon.com/dp/B09TG6WCBC?tag=eloabder-20&linkCode=osi&th=1&psc=1"><img src="https://m.media-amazon.com/images/I/61lmk368l0L._SL500_.jpg" alt="Product Image"></a><p>Midi International Snack Box (Fairy Tale Themed) | Snacks Variety Pack of International Treats | Foreign Snack Box Offering Unique Experience | Mix Care Pack of Turkish Candies | 12 Full-Size Snacks</p><p>$14.99 ($1.00 / Ounce)</p><a href="https://www.amazon.com/dp/B09TG6WCBC?tag=eloabder-20&linkCode=osi&th=1&psc=1">View Product</a></div><div class="product"><a href="https://www.amazon.com/dp/B0BNZCVDYQ?tag=eloabder-20&linkCode=osi&th=1&psc=1"><img src="https://m.media-amazon.com/images/I/61aTXvWjbSL._SL500_.jpg" alt="Product Image"></a><p>Midi International Snack Box | Premium Exotic Foreign Snacks | Unique Snack Food Gifts Included | Orange Nebula Space Theme | Candies from Around the World | 12 Full-Size + 1 Bonus Snacks</p><p>$14.99 ($14.99 / Count)</p><a href="https://www.amazon.com/dp/B0BNZCVDYQ?tag=eloabder-20&linkCode=osi&th=1&psc=1">View Product</a></div><div class="product"><a href="https://www.amazon.com/dp/B0CK8DWXS2?tag=eloabder-20&linkCode=osi&th=1&psc=1"><img src="https://m.media-amazon.com/images/I/511Z-FX62TL._SL500_.jpg" alt="Product Image"></a><p>Mega International Snack Box | Premium Exotic Foreign Snacks | Unique Snack Food Gifts Included | Try Extraordinary Turkish Snacks | Candies from Around the World | 32+1 Full-Size Snacks</p><p>$39.95 ($1.00 / Ounce)</p><a href="https://www.amazon.com/dp/B0CK8DWXS2?tag=eloabder-20&linkCode=osi&th=1&psc=1">View Product</a></div><div class="product"><a href="https://www.amazon.com/dp/B0CGRMR7VN?tag=eloabder-20&linkCode=osi&th=1&psc=1"><img src="https://m.media-amazon.com/images/I/51PgWRUNnkL._SL500_.jpg" alt="Product Image"></a><p>Turkish Foreign Snack Box, Gourmet Turkish Food Gift Box, Variety of Unique Sweets and Savory Snacks from Turkey - International Snacks Box - Full Sized Snacks - 24ct</p><p>$23.99 ($1.00 / Count)</p><a href="https://www.amazon.com/dp/B0CGRMR7VN?tag=eloabder-20&linkCode=osi&th=1&psc=1">View Product</a></div>
<div class="product"><a href="https://www.amazon.com/dp/B001EQ5NHE?tag=eloabder-20&linkCode=osi&th=1&psc=1"><img src="https://m.media-amazon.com/images/I/51Kg06c5YuL._SL500_.jpg" alt="Product Image"></a><p>Spam Classic, 12 Ounce Can (Pack of 12)</p><p>$28.32 ($0.20 / Ounce)</p><a href="https://www.amazon.com/dp/B001EQ5NHE?tag=eloabder-20&linkCode=osi&th=1&psc=1">View Product</a></div><div class="product"><a href="https://www.amazon.com/dp/B08DQ6422D?tag=eloabder-20&linkCode=osi&th=1&psc=1"><img src="https://m.media-amazon.com/images/I/51-xOj2EbVL._SL500_.jpg" alt="Product Image"></a><p>Del Monte Cut Blue Lake Green Beans With No Added Salt 14.5 Oz,(Pack of 4)</p><p>$5.28 ($0.09 / Ounce)</p><a href="https://www.amazon.com/dp/B08DQ6422D?tag=eloabder-20&linkCode=osi&th=1&psc=1">View Product</a></div><div class="product"><a href="https://www.amazon.com/dp/B089PMW6C3?tag=eloabder-20&linkCode=osi&th=1&psc=1"><img src="https://m.media-amazon.com/images/I/41fKtFm2RAL._SL500_.jpg" alt="Product Image"></a><p>SpaghettiOs Canned Pasta with Meatballs, 15.6 oz Can (Pack of 12)</p><p>$11.44 ($0.06 / Ounce)</p><a href="https://www.amazon.com/dp/B089PMW6C3?tag=eloabder-20&linkCode=osi&th=1&psc=1">View Product</a></div><div class="product"><a href="https://www.amazon.com/dp/B006VS7C60?tag=eloabder-20&linkCode=osi&th=1&psc=1"><img src="https://m.media-amazon.com/images/I/51adZb-RUeL._SL500_.jpg" alt="Product Image"></a><p>Campbell’s Pork and Beans, 11 Oz Can (Case of 24)</p><p>$20.64 ($0.08 / Ounce)</p><a href="https://www.amazon.com/dp/B006VS7C60?tag=eloabder-20&linkCode=osi&th=1&psc=1">View Product</a></div><div class="product"><a href="https://www.amazon.com/dp/B00CPDWTBI?tag=eloabder-20&linkCode=osi&th=1&psc=1"><img src="https://m.media-amazon.com/images/I/61M2-LCC5uL._SL500_.jpg" alt="Product Image"></a><p>DEL MONTE FRESH CUT Whole New Canned Potatoes, Canned Vegetables, 12 Pack, 14.5 oz Can</p><p>$17.76 ($0.10 / Ounce)</p><a href="https://www.amazon.com/dp/B00CPDWTBI?tag=eloabder-20&linkCode=osi&th=1&psc=1">View Product</a></div><div class="product"><a href="https://www.amazon.com/dp/B00TFPKEZM?tag=eloabder-20&linkCode=osi&th=1&psc=1"><img src="https://m.media-amazon.com/images/I/51VTHItyaXL._SL500_.jpg" alt="Product Image"></a><p>Del Monte Canned Fresh Cut French Style Green Beans, 8 Ounce (Pack of 12)</p><p>$16.68 ($0.17 / Ounce)</p><a href="https://www.amazon.com/dp/B00TFPKEZM?tag=eloabder-20&linkCode=osi&th=1&psc=1">View Product</a></div><div class="product"><a href="https://www.amazon.com/dp/B08WR5J62L?tag=eloabder-20&linkCode=osi&th=1&psc=1"><img src="https://m.media-amazon.com/images/I/51QjonsN18L._SL500_.jpg" alt="Product Image"></a><p>Chicken of the Sea Chunk Light Tuna in Water, Wild Caught Tuna, 5-Ounce Cans (Pack of 10)</p><p>$8.90 ($2.85 / lb)</p><a href="https://www.amazon.com/dp/B08WR5J62L?tag=eloabder-20&linkCode=osi&th=1&psc=1">View Product</a></div><div class="product"><a href="https://www.amazon.com/dp/B01MQ6BDM0?tag=eloabder-20&linkCode=osi&th=1&psc=1"><img src="https://m.media-amazon.com/images/I/51chxbCoRfL._SL500_.jpg" alt="Product Image"></a><p>Libby's Vienna Sausage in Chicken Broth, Canned Sausage, 4.6 OZ (Pack of 24)</p><p>$23.52 ($0.98 / Count)</p><a href="https://www.amazon.com/dp/B01MQ6BDM0?tag=eloabder-20&linkCode=osi&th=1&psc=1">View Product</a></div><div class="product"><a href="https://www.amazon.com/dp/B01NBFQ8TF?tag=eloabder-20&linkCode=osi&th=1&psc=1"><img src="https://m.media-amazon.com/images/I/41ijyPglLPL._SL500_.jpg" alt="Product Image"></a><p>Bush's Best Baked Beans, Country Style with Bacon and Brown Sugar, 8.3 OZ (Pack of 12)</p><p>$20.28 ($1.69 / Count)</p><a href="https://www.amazon.com/dp/B01NBFQ8TF?tag=eloabder-20&linkCode=osi&th=1&psc=1">View Product</a></div><div class="product"><a href="https://www.amazon.com/dp/B019YHSNGC?tag=eloabder-20&linkCode=osi&th=1&psc=1"><img src="https://m.media-amazon.com/images/I/51oHYkvLL0L._SL500_.jpg" alt="Product Image"></a><p>Bumble Bee Chunk Light Tuna In Water, 5 oz Cans (Pack of 24) - Wild Caught Skipjack Tuna - 23g Protein Per Serving - MSC Certified Sustainable Seafood, Non-GMO, Gluten Free, Kosher</p><p>$23.36 ($0.19 / Ounce)</p><a href="https://www.amazon.com/dp/B019YHSNGC?tag=eloabder-20&linkCode=osi&th=1&psc=1">View Product</a></div>
<div class="product"><a href="https://www.amazon.com/dp/B07KQNNW9K?tag=eloabder-20&linkCode=osi&th=1&psc=1"><img src="https://m.media-amazon.com/images/I/51EVSxp535L._SL500_.jpg" alt="Product Image"></a><p>HORMEL COMPLEATS Protein Variety Pack Microwave Trays (Pack of 5)</p><p>$14.99 ($0.33 / Ounce)</p><a href="https://www.amazon.com/dp/B07KQNNW9K?tag=eloabder-20&linkCode=osi&th=1&psc=1">View Product</a></div><div class="product"><a href="https://www.amazon.com/dp/B000V1JVAI?tag=eloabder-20&linkCode=osi&th=1&psc=1"><img src="https://m.media-amazon.com/images/I/51moeAwg0qL._SL500_.jpg" alt="Product Image"></a><p>HORMEL COMPLEATS Meatloaf & Gravy With Mashed Potatoes Microwave Tray, 9 oz. (6 Pack)</p><p>$13.68 ($0.25 / Ounce)</p><a href="https://www.amazon.com/dp/B000V1JVAI?tag=eloabder-20&linkCode=osi&th=1&psc=1">View Product</a></div><div class="product"><a href="https://www.amazon.com/dp/B001E55YXS?tag=eloabder-20&linkCode=osi&th=1&psc=1"><img src="https://m.media-amazon.com/images/I/51f7Q-awP2L._SL500_.jpg" alt="Product Image"></a><p>HORMEL COMPLEATS Beef Pot Roast Microwave Tray, 9 Ounce (Pack of 6)</p><p>$13.68 ($0.25 / Ounce)</p><a href="https://www.amazon.com/dp/B001E55YXS?tag=eloabder-20&linkCode=osi&th=1&psc=1">View Product</a></div><div class="product"><a href="https://www.amazon.com/dp/B001E52XGO?tag=eloabder-20&linkCode=osi&th=1&psc=1"><img src="https://m.media-amazon.com/images/I/513-IE78MvL._SL500_.jpg" alt="Product Image"></a><p>HORMEL COMPLEATS Turkey & Dressing Microwave Tray, 10 oz. (6 Pack)</p><p>$13.68 ($0.23 / Ounce)</p><a href="https://www.amazon.com/dp/B001E52XGO?tag=eloabder-20&linkCode=osi&th=1&psc=1">View Product</a></div><div class="product"><a href="https://www.amazon.com/dp/B01JLWGOCA?tag=eloabder-20&linkCode=osi&th=1&psc=1"><img src="https://m.media-amazon.com/images/I/41JtN2c2Y3L._SL500_.jpg" alt="Product Image"></a><p>Idahoan Four Cheese Mashed Potatoes, Made with Gluten-Free 100-Percent Real Idaho Potatoes, 1.5 oz Cup (Pack of 10)</p><p>$11.23 ($0.75 / Ounce)</p><a href="https://www.amazon.com/dp/B01JLWGOCA?tag=eloabder-20&linkCode=osi&th=1&psc=1">View Product</a></div><div class="product"><a href="https://www.amazon.com/dp/B08P3SVWFR?tag=eloabder-20&linkCode=osi&th=1&psc=1"><img src="https://m.media-amazon.com/images/I/51Q7KX85dtL._SL500_.jpg" alt="Product Image"></a><p>StarKist Premium White Chicken - 2.6 oz Pouch (Pack of 12)</p><p>$15.06 ($0.48 / Ounce)</p><a href="https://www.amazon.com/dp/B08P3SVWFR?tag=eloabder-20&linkCode=osi&th=1&psc=1">View Product</a></div><div class="product"><a href="https://www.amazon.com/dp/B001E52WAG?tag=eloabder-20&linkCode=osi&th=1&psc=1"><img src="https://m.media-amazon.com/images/I/51dV9dBtkEL._SL500_.jpg" alt="Product Image"></a><p>Dinty Moore Beef Stew, 9-Ounce Packages (Pack of 6)</p><p>$17.34 ($0.32 / Ounce)</p><a href="https://www.amazon.com/dp/B001E52WAG?tag=eloabder-20&linkCode=osi&th=1&psc=1">View Product</a></div><div class="product"><a href="https://www.amazon.com/dp/B0BTQWY5LL?tag=eloabder-20&linkCode=osi&th=1&psc=1"><img src="https://m.media-amazon.com/images/I/61dN-t0ureL._SL500_.jpg" alt="Product Image"></a><p>MISS OLIVE'S Variety Pack Microwavable Low Sodium Ready Meals (Bundle of 6)-1 of each flavor</p><p>$26.49 ($0.63 / Ounce)</p><a href="https://www.amazon.com/dp/B0BTQWY5LL?tag=eloabder-20&linkCode=osi&th=1&psc=1">View Product</a></div><div class="product"><a href="https://www.amazon.com/dp/B0111Y7PO2?tag=eloabder-20&linkCode=osi&th=1&psc=1"><img src="https://m.media-amazon.com/images/I/51ReJtj0zJL._SL500_.jpg" alt="Product Image"></a><p>HORMEL COMPLEATS Rice & Chicken Microwave Tray, 7.5 Ounces (Pack of 7)</p><p>$15.96 ($0.30 / Ounce)</p><a href="https://www.amazon.com/dp/B0111Y7PO2?tag=eloabder-20&linkCode=osi&th=1&psc=1">View Product</a></div><div class="product"><a href="https://www.amazon.com/dp/B09GL33XZG?tag=eloabder-20&linkCode=osi&th=1&psc=1"><img src="https://m.media-amazon.com/images/I/41tbj+XvZLL._SL500_.jpg" alt="Product Image"></a><p>HMR Ultimate Entrée Pack | Pre-packaged Lunch or Dinner to Support Weight Loss | Pack of 17 Ready to Eat Meals | 10-20 grams of Protein per Entrée | Low Calorie Food | 7-8oz Servings per Meal</p><p>$89.99</p><a href="https://www.amazon.com/dp/B09GL33XZG?tag=eloabder-20&linkCode=osi&th=1&psc=1">View Product</a></div>
<div class="product"><a href="https://www.amazon.com/dp/B00I9VBMLI?tag=eloabder-20&linkCode=osi&th=1&psc=1"><img src="https://m.media-amazon.com/images/I/51kyWWI+vRL._SL500_.jpg" alt="Product Image"></a><p>Chef Boyardee Beef Ravioli, 15 oz, 4 Pack</p><p>$4.48 ($0.07 / Count)</p><a href="https://www.amazon.com/dp/B00I9VBMLI?tag=eloabder-20&linkCode=osi&th=1&psc=1">View Product</a></div>
<div class="product"><a href="https://www.amazon.com/dp/B0CJCXLDSP?tag=eloabder-20&linkCode=osi&th=1&psc=1"><img src="https://m.media-amazon.com/images/I/41uUHvJRp2L._SL500_.jpg" alt="Product Image"></a><p>ARM & HAMMER Baking Soda Made in USA, Ideal for Baking, Pure & Natural, 2.7lb Bag</p><p>$7.99 ($0.18 / Ounce)</p><a href="https://www.amazon.com/dp/B0CJCXLDSP?tag=eloabder-20&linkCode=osi&th=1&psc=1">View Product</a></div><div class="product"><a href="https://www.amazon.com/dp/B07JFLXZQV?tag=eloabder-20&linkCode=osi&th=1&psc=1"><img src="https://m.media-amazon.com/images/I/41mGwlHTcmL._SL500_.jpg" alt="Product Image"></a><p>Vanilla Bean Paste for Baking and Cooking - Gourmet Madagascar Bourbon Blend made with Real Vanilla Seeds - 4 Ounces</p><p>$14.99 ($3.75 / Ounce)</p><a href="https://www.amazon.com/dp/B07JFLXZQV?tag=eloabder-20&linkCode=osi&th=1&psc=1">View Product</a></div><div class="product"><a href="https://www.amazon.com/dp/B0046EJ570?tag=eloabder-20&linkCode=osi&th=1&psc=1"><img src="https://m.media-amazon.com/images/I/31TFd1IdsRL._SL500_.jpg" alt="Product Image"></a><p>Watkins All Natural Original Gourmet Baking Vanilla, with Pure Vanilla Extract, 11 Fl Oz (Pack of 1) - Packaging May Vary</p><p>$12.35 ($1.12 / Fl Oz)</p><a href="https://www.amazon.com/dp/B0046EJ570?tag=eloabder-20&linkCode=osi&th=1&psc=1">View Product</a></div><div class="product"><a href="https://www.amazon.com/dp/B00PMUNEK6?tag=eloabder-20&linkCode=osi&th=1&psc=1"><img src="https://m.media-amazon.com/images/I/41LZqR+JNZL._SL500_.jpg" alt="Product Image"></a><p>10 Organic Madagascar Vanilla Beans Whole Grade A Vanilla Pods for Vanilla Extract and Baking</p><p>$11.04 ($1.10 / Count)</p><a href="https://www.amazon.com/dp/B00PMUNEK6?tag=eloabder-20&linkCode=osi&th=1&psc=1">View Product</a></div><div class="product"><a href="https://www.amazon.com/dp/B0CBW3D9T7?tag=eloabder-20&linkCode=osi&th=1&psc=1"><img src="https://m.media-amazon.com/images/I/414XubDDPPL._SL500_.jpg" alt="Product Image"></a><p>Scratch Diastatic Malt Powder for Baking - (10oz) Dried Barley Malt for Baking Bread - Bread Improver - Premium Baking Ingredients for Breads, Pizzas, Pretzels, Desserts, Shakes and More</p><p>$8.95 ($0.90 / Ounce)</p><a href="https://www.amazon.com/dp/B0CBW3D9T7?tag=eloabder-20&linkCode=osi&th=1&psc=1">View Product</a></div><div class="product"><a href="https://www.amazon.com/dp/B00VEJOUXE?tag=eloabder-20&linkCode=osi&th=1&psc=1"><img src="https://m.media-amazon.com/images/I/41HmZhMPH1L._SL500_.jpg" alt="Product Image"></a><p>Bob's Red Mill Baking Soda - 1 Pound (Pack of 4), Non GMO, Gluten Free, Vegan, Kosher, Paleo Friendly</p><p>$13.10 ($0.20 / Ounce)</p><a href="https://www.amazon.com/dp/B00VEJOUXE?tag=eloabder-20&linkCode=osi&th=1&psc=1">View Product</a></div><div class="product"><a href="https://www.amazon.com/dp/B0CG7C5X2F?tag=eloabder-20&linkCode=osi&th=1&psc=1"><img src="https://m.media-amazon.com/images/I/41cN3OdncVL._SL500_.jpg" alt="Product Image"></a><p>Micro Ingredients Baking Soda Powder, 6lbs | Pure Sodium Bicarbonate | Bulk Food Grade Supply | Great for Cleaning, Cooking, Laundry, or Personal Care | Non-GMO, Filler Free</p><p>$13.95 ($0.15 / Ounce)</p><a href="https://www.amazon.com/dp/B0CG7C5X2F?tag=eloabder-20&linkCode=osi&th=1&psc=1">View Product</a></div><div class="product"><a href="https://www.amazon.com/dp/B075456XMK?tag=eloabder-20&linkCode=osi&th=1&psc=1"><img src="https://m.media-amazon.com/images/I/31YCnL21+nL._SL500_.jpg" alt="Product Image"></a><p>Pure Original Ingredients Baking Soda (2 lb) Sodium Bicarbonate (NaHCO3), Always Pure, No Fillers Or Additives.</p><p>$11.99 ($0.37 / Ounce)</p><a href="https://www.amazon.com/dp/B075456XMK?tag=eloabder-20&linkCode=osi&th=1&psc=1">View Product</a></div><div class="product"><a href="https://www.amazon.com/dp/B08FYKMRGT?tag=eloabder-20&linkCode=osi&th=1&psc=1"><img src="https://m.media-amazon.com/images/I/41TdlxCI0EL._SL500_.jpg" alt="Product Image"></a><p>King Arthur, Baking Sugar Alternative, Made with Plant-Based Ingredients, Keto-Friendly, 1-to-1 Substitute for Granulated Sugar, 12 Ounces</p><p>$9.95 ($0.83 / Ounce)</p><a href="https://www.amazon.com/dp/B08FYKMRGT?tag=eloabder-20&linkCode=osi&th=1&psc=1">View Product</a></div><div class="product"><a href="https://www.amazon.com/dp/B07KKL5Q68?tag=eloabder-20&linkCode=osi&th=1&psc=1"><img src="https://m.media-amazon.com/images/I/41G0eZnHIxL._SL500_.jpg" alt="Product Image"></a><p>Pure Original Ingredients Baking Soda (1 Gallon) Aluminum Free, Cooking, Baking, Cleaning</p><p>$30.99 ($0.19 / Ounce)</p><a href="https://www.amazon.com/dp/B07KKL5Q68?tag=eloabder-20&linkCode=osi&th=1&psc=1">View Product</a></div>
<div class="product"><a href="https://www.amazon.com/dp/B0029K0U90?tag=eloabder-20&linkCode=osi&th=1&psc=1"><img src="https://m.media-amazon.com/images/I/412vWjuj9tL._SL500_.jpg" alt="Product Image"></a><p>Mrs. Wages Pasta Sauce Canning Mix 5 Ounce (Pack of 6)</p><p>$19.32 ($0.64 / Ounce)</p><a href="https://www.amazon.com/dp/B0029K0U90?tag=eloabder-20&linkCode=osi&th=1&psc=1">View Product</a></div><div class="product"><a href="https://www.amazon.com/dp/B0005ZWUDU?tag=eloabder-20&linkCode=osi&th=1&psc=1"><img src="https://m.media-amazon.com/images/I/411oE+5BGYL._SL500_.jpg" alt="Product Image"></a><p>Classico Roasted Garlic Tomato Spaghetti Pasta Sauce (24 oz Jar)</p><p>$2.98 ($0.12 / Ounce)</p><a href="https://www.amazon.com/dp/B0005ZWUDU?tag=eloabder-20&linkCode=osi&th=1&psc=1">View Product</a></div><div class="product"><a href="https://www.amazon.com/dp/B00H3TKG6O?tag=eloabder-20&linkCode=osi&th=1&psc=1"><img src="https://m.media-amazon.com/images/I/41dtGUjEl7L._SL500_.jpg" alt="Product Image"></a><p>Classico Family Favorites Traditional Pasta Sauce (24 oz Jar)</p><p>$2.16 ($0.09 / Ounce)</p><a href="https://www.amazon.com/dp/B00H3TKG6O?tag=eloabder-20&linkCode=osi&th=1&psc=1">View Product</a></div><div class="product"><a href="https://www.amazon.com/dp/B088N719GQ?tag=eloabder-20&linkCode=osi&th=1&psc=1"><img src="https://m.media-amazon.com/images/I/412O4vvfLcL._SL500_.jpg" alt="Product Image"></a><p>Prego Traditional Pasta Sauce, 45 Oz Jar</p><p>$4.23 ($0.09 / Ounce)</p><a href="https://www.amazon.com/dp/B088N719GQ?tag=eloabder-20&linkCode=osi&th=1&psc=1">View Product</a></div><div class="product"><a href="https://www.amazon.com/dp/B00IAE65L6?tag=eloabder-20&linkCode=osi&th=1&psc=1"><img src="https://m.media-amazon.com/images/I/41keFWtHEbL._SL500_.jpg" alt="Product Image"></a><p>Prego Traditional Pasta Sauce, 67 Oz Jar</p><p>$5.36 ($0.08 / Ounce)</p><a href="https://www.amazon.com/dp/B00IAE65L6?tag=eloabder-20&linkCode=osi&th=1&psc=1">View Product</a></div><div class="product"><a href="https://www.amazon.com/dp/B0CRXQZMWN?tag=eloabder-20&linkCode=osi&th=1&psc=1"><img src="https://m.media-amazon.com/images/I/41GWdkqzH0L._SL500_.jpg" alt="Product Image"></a><p>Prego Creamy Roasted Garlic Pesto Pasta Sauce, 14.5 oz Jar</p><p>$2.79 ($0.19 / Ounce)</p><a href="https://www.amazon.com/dp/B0CRXQZMWN?tag=eloabder-20&linkCode=osi&th=1&psc=1">View Product</a></div><div class="product"><a href="https://www.amazon.com/dp/B0033TSDKY?tag=eloabder-20&linkCode=osi&th=1&psc=1"><img src="https://m.media-amazon.com/images/I/416ipEt-ErS._SL500_.jpg" alt="Product Image"></a><p>Classico Four Cheese Alfredo Pasta Sauce (15 oz Jar)</p><p>$3.13 ($0.21 / Ounce)</p><a href="https://www.amazon.com/dp/B0033TSDKY?tag=eloabder-20&linkCode=osi&th=1&psc=1">View Product</a></div><div class="product"><a href="https://www.amazon.com/dp/B000Q3R6V2?tag=eloabder-20&linkCode=osi&th=1&psc=1"><img src="https://m.media-amazon.com/images/I/51DwtNnipoL._SL500_.jpg" alt="Product Image"></a><p>Hunt's Traditional Pasta Sauce, 24 oz</p><p>$1.34 ($0.06 / Ounce)</p><a href="https://www.amazon.com/dp/B000Q3R6V2?tag=eloabder-20&linkCode=osi&th=1&psc=1">View Product</a></div><div class="product"><a href="https://www.amazon.com/dp/B00XXGW39Y?tag=eloabder-20&linkCode=osi&th=1&psc=1"><img src="https://m.media-amazon.com/images/I/41FycYZ91BL._SL500_.jpg" alt="Product Image"></a><p>Classico Vodka Sauce Tomato Spaghetti Pasta Sauce (24 oz Jar)</p><p>$2.52 ($0.10 / Fl Oz)</p><a href="https://www.amazon.com/dp/B00XXGW39Y?tag=eloabder-20&linkCode=osi&th=1&psc=1">View Product</a></div><div class="product"><a href="https://www.amazon.com/dp/B07JVJR966?tag=eloabder-20&linkCode=osi&th=1&psc=1"><img src="https://m.media-amazon.com/images/I/412rjNSU1HL._SL500_.jpg" alt="Product Image"></a><p>Prego Traditional Pasta Sauce, 24 Oz Jar (Case of 12)</p><p>$29.76 ($0.10 / Fl Oz)</p><a href="https://www.amazon.com/dp/B07JVJR966?tag=eloabder-20&linkCode=osi&th=1&psc=1">View Product</a></div>
<div class="product"><a href="https://www.amazon.com/dp/B07GBS8GVH?tag=eloabder-20&linkCode=osi&th=1&psc=1"><img src="https://m.media-amazon.com/images/I/51Xpb2UbnAS._SL500_.jpg" alt="Product Image"></a><p>BEN'S ORIGINAL Ready Rice Whole Grain Brown Rice, Easy Dinner Side, 8.8 OZ Pouch (Pack of 6)</p><p>$13.08 ($0.25 / Ounce)</p><a href="https://www.amazon.com/dp/B07GBS8GVH?tag=eloabder-20&linkCode=osi&th=1&psc=1">View Product</a></div><div class="product"><a href="https://www.amazon.com/dp/B000YPKPV0?tag=eloabder-20&linkCode=osi&th=1&psc=1"><img src="https://m.media-amazon.com/images/I/51RKdJy7-TL._SL500_.jpg" alt="Product Image"></a><p>Rice-A-Roni Long grain & wild rice with herbs, 4.3 Ounce Pack of 12</p><p>$12.00 ($0.23 / Ounce)</p><a href="https://www.amazon.com/dp/B000YPKPV0?tag=eloabder-20&linkCode=osi&th=1&psc=1">View Product</a></div><div class="product"><a href="https://www.amazon.com/dp/B004NRLAVY?tag=eloabder-20&linkCode=osi&th=1&psc=1"><img src="https://m.media-amazon.com/images/I/51l35npdSyL._SL500_.jpg" alt="Product Image"></a><p>Nishiki Premium Rice, Medium Grain,15 Pound (Pack of 1)</p><p>$20.19 ($0.08 / Ounce)</p><a href="https://www.amazon.com/dp/B004NRLAVY?tag=eloabder-20&linkCode=osi&th=1&psc=1">View Product</a></div><div class="product"><a href="https://www.amazon.com/dp/B00MMTQAF6?tag=eloabder-20&linkCode=osi&th=1&psc=1"><img src="https://m.media-amazon.com/images/I/41uID5vVhuL._SL500_.jpg" alt="Product Image"></a><p>Mahatma Extra Long Grain White Rice, 10 Pound, Gluten-Free and Non-GMO, Rice Bulk Bag (Pack of 1)</p><p>$9.98 ($0.06 / Ounce)</p><a href="https://www.amazon.com/dp/B00MMTQAF6?tag=eloabder-20&linkCode=osi&th=1&psc=1">View Product</a></div><div class="product"><a href="https://www.amazon.com/dp/B00I330QEQ?tag=eloabder-20&linkCode=osi&th=1&psc=1"><img src="https://m.media-amazon.com/images/I/41eu-3nevsL._SL500_.jpg" alt="Product Image"></a><p>Authentic Royal - Naturally Aged Long Grain Indian White Basmati Rice - 15 lbs</p><p>$15.03 ($0.06 / Ounce)</p><a href="https://www.amazon.com/dp/B00I330QEQ?tag=eloabder-20&linkCode=osi&th=1&psc=1">View Product</a></div><div class="product"><a href="https://www.amazon.com/dp/B00CLGUKKG?tag=eloabder-20&linkCode=osi&th=1&psc=1"><img src="https://m.media-amazon.com/images/I/41mEtyqtEVL._SL500_.jpg" alt="Product Image"></a><p>Mahatma Whole-Grain Brown Rice, 32-Ounce Bag of Rice, Stovetop or Microwave Rice</p><p>$2.68 ($0.08 / Ounce)</p><a href="https://www.amazon.com/dp/B00CLGUKKG?tag=eloabder-20&linkCode=osi&th=1&psc=1">View Product</a></div><div class="product"><a href="https://www.amazon.com/dp/B0087HFXJ6?tag=eloabder-20&linkCode=osi&th=1&psc=1"><img src="https://m.media-amazon.com/images/I/51eYTUAUKZL._SL500_.jpg" alt="Product Image"></a><p>RiceSelect Royal Blend, Blend Of Texmati White, Brown, Red, And Wild Rice, Premium Gluten Free Rice, Non-GMO, 21 Ounce Jar</p><p>$6.98 ($0.33 / Ounce)</p><a href="https://www.amazon.com/dp/B0087HFXJ6?tag=eloabder-20&linkCode=osi&th=1&psc=1">View Product</a></div><div class="product"><a href="https://www.amazon.com/dp/B07HKTD2BD?tag=eloabder-20&linkCode=osi&th=1&psc=1"><img src="https://m.media-amazon.com/images/I/519+60cp2dL._SL500_.jpg" alt="Product Image"></a><p>Nishiki Premium 7 Grains Mix, 2 Pound</p><p>$14.49 ($0.45 / Ounce)</p><a href="https://www.amazon.com/dp/B07HKTD2BD?tag=eloabder-20&linkCode=osi&th=1&psc=1">View Product</a></div><div class="product"><a href="https://www.amazon.com/dp/B00G9U46DW?tag=eloabder-20&linkCode=osi&th=1&psc=1"><img src="https://m.media-amazon.com/images/I/51Xpb2UbnAS._SL500_.jpg" alt="Product Image"></a><p>BEN'S ORIGINAL Ready Rice Whole Grain Brown Rice, Easy Dinner Side, 8.8 OZ Pouch (Pack of 12)</p><p>$26.16 ($0.25 / Ounce)</p><a href="https://www.amazon.com/dp/B00G9U46DW?tag=eloabder-20&linkCode=osi&th=1&psc=1">View Product</a></div>
<div class="product"><a href="https://www.amazon.com/dp/B0D4KLB4HP?tag=eloabder-20&linkCode=osi&th=1&psc=1"><img src="https://m.media-amazon.com/images/I/51r7s+M2jqL._SL500_.jpg" alt="Product Image"></a><p>Chronos Condiment 150 bundle pack - 50 Single Serve Pouches of Each: Ketchup, Mustard, and Mayo - 150 Pack, Great for Picnics, Boxed Lunch, BBQ, Travel, and Parties</p><p>$21.97</p><a href="https://www.amazon.com/dp/B0D4KLB4HP?tag=eloabder-20&linkCode=osi&th=1&psc=1">View Product</a></div><div class="product"><a href="https://www.amazon.com/dp/B003XLOOCS?tag=eloabder-20&linkCode=osi&th=1&psc=1"><img src="https://m.media-amazon.com/images/I/51x0jDzOLjL._SL500_.jpg" alt="Product Image"></a><p>Heinz Tomato Ketchup, Relish, and Mustard Picnic Pack, 3 Count</p><p>$5.98 ($0.11 / Ounce)</p><a href="https://www.amazon.com/dp/B003XLOOCS?tag=eloabder-20&linkCode=osi&th=1&psc=1">View Product</a></div><div class="product"><a href="https://www.amazon.com/dp/B0992VW16R?tag=eloabder-20&linkCode=osi&th=1&psc=1"><img src="https://m.media-amazon.com/images/I/51eFgOarc1L._SL500_.jpg" alt="Product Image"></a><p>Grab-n-Go Condiment Packs - 50 Single Serve Pouches of Each: Ketchup, Mustard, Relish, and Mayo - Great for Picnics, Boxed Lunch, BBQ, Travel, Picnic and Parties (200 Condiment Packets Total)</p><p>$29.99 ($0.15 / Count)</p><a href="https://www.amazon.com/dp/B0992VW16R?tag=eloabder-20&linkCode=osi&th=1&psc=1">View Product</a></div><div class="product"><a href="https://www.amazon.com/dp/B0D3J9HHS2?tag=eloabder-20&linkCode=osi&th=1&psc=1"><img src="https://m.media-amazon.com/images/I/51VkOjMAkXL._SL500_.jpg" alt="Product Image"></a><p>Heinz Condiment Packets Variety 100 Pack- 25 Heinz Ketchup Packets, 25 Mayonnaise Packets, 25 Mustard Packets, and 25 Relish Packets. Ketchup Heinz, Mayo Packets.</p><p>$19.99 ($0.20 / Count)</p><a href="https://www.amazon.com/dp/B0D3J9HHS2?tag=eloabder-20&linkCode=osi&th=1&psc=1">View Product</a></div><div class="product"><a href="https://www.amazon.com/dp/B091DCC2CH?tag=eloabder-20&linkCode=osi&th=1&psc=1"><img src="https://m.media-amazon.com/images/I/415Iq4kWRXL._SL500_.jpg" alt="Product Image"></a><p>Hellmann's Real Mayonnaise Squeeze Bottle 3 Count a Rich Creamy Condiment Gluten Free, Made With 100% Cage-Free Eggs 20 oz</p><p>$11.90 ($0.20 / Fl Oz)</p><a href="https://www.amazon.com/dp/B091DCC2CH?tag=eloabder-20&linkCode=osi&th=1&psc=1">View Product</a></div><div class="product"><a href="https://www.amazon.com/dp/B0CMR2DML7?tag=eloabder-20&linkCode=osi&th=1&psc=1"><img src="https://m.media-amazon.com/images/I/61dFhpega1L._SL500_.jpg" alt="Product Image"></a><p>Crait Individual Condiment Packets Variety Pack of 50 Hot Sauce Packets with Mayo Packets, Ketchup Packets and Yellow Mustard Packets Single Serve</p><p>$15.00 ($0.30 / Count)</p><a href="https://www.amazon.com/dp/B0CMR2DML7?tag=eloabder-20&linkCode=osi&th=1&psc=1">View Product</a></div><div class="product"><a href="https://www.amazon.com/dp/B0D3JCR2XS?tag=eloabder-20&linkCode=osi&th=1&psc=1"><img src="https://m.media-amazon.com/images/I/51RtTP7u7aL._SL500_.jpg" alt="Product Image"></a><p>Hot Sauce Variety Pack of 48 Condiment Packets. 4 Each of 12 Flavors. Texas Pete Hot Sauce Packets, Mini Condiments, Mini Hot Sauce, Condiment Packets Variety Pack, Single Serve</p><p>$17.99 ($0.37 / Count)</p><a href="https://www.amazon.com/dp/B0D3JCR2XS?tag=eloabder-20&linkCode=osi&th=1&psc=1">View Product</a></div><div class="product"><a href="https://www.amazon.com/dp/B00XK3IYUW?tag=eloabder-20&linkCode=osi&th=1&psc=1"><img src="https://m.media-amazon.com/images/I/51T9Vgtx+bL._SL500_.jpg" alt="Product Image"></a><p>Heinz Condiment Packets Ketchup and Mustard (100 Total; 50 Each Flavor)</p><p>$13.10 ($0.60 / Ounce)</p><a href="https://www.amazon.com/dp/B00XK3IYUW?tag=eloabder-20&linkCode=osi&th=1&psc=1">View Product</a></div>
<div class="product"><a href="https://www.amazon.com/dp/B09DYZSHJR?tag=eloabder-20&linkCode=osi&th=1&psc=1"><img src="https://m.media-amazon.com/images/I/31fEqU5FfOL._SL500_.jpg" alt="Product Image"></a><p>DaVinci Gourmet Honey Syrup, 25.4 Fluid Ounce (Pack of 1)</p><p>$9.99 ($0.39 / Fl Oz)</p><a href="https://www.amazon.com/dp/B09DYZSHJR?tag=eloabder-20&linkCode=osi&th=1&psc=1">View Product</a></div><div class="product"><a href="https://www.amazon.com/dp/B09GW7TXH3?tag=eloabder-20&linkCode=osi&th=1&psc=1"><img src="https://m.media-amazon.com/images/I/31hUGuR-NsL._SL500_.jpg" alt="Product Image"></a><p>Glorybee, Premium Honey Syrup, Real Honey, No Artifical colors or flavors, 25.4 fl oz</p><p>$10.73 ($0.42 / Fl Oz)</p><a href="https://www.amazon.com/dp/B09GW7TXH3?tag=eloabder-20&linkCode=osi&th=1&psc=1">View Product</a></div><div class="product"><a href="https://www.amazon.com/dp/B07C1138N5?tag=eloabder-20&linkCode=osi&th=1&psc=1"><img src="https://m.media-amazon.com/images/I/31bISVR+FkL._SL500_.jpg" alt="Product Image"></a><p>Monin - Honey Syrup, Smooth Sweet Honey Flavor, Great for Teas, Lemonades, Cocktails, & Coffee, Gluten-Free, Non-GMO (1 Liter)</p><p>$19.13 ($0.57 / Fl Oz)</p><a href="https://www.amazon.com/dp/B07C1138N5?tag=eloabder-20&linkCode=osi&th=1&psc=1">View Product</a></div><div class="product"><a href="https://www.amazon.com/dp/B0D43FMJ8V?tag=eloabder-20&linkCode=osi&th=1&psc=1"><img src="https://m.media-amazon.com/images/I/41P8d3eueDL._SL500_.jpg" alt="Product Image"></a><p>Torani Salted Honey Butter Syrup for Coffee 25.4 Ounces Coffee Syrups and Flavors with Jimoco Pump Syrup Dispenser</p><p>$17.95 ($0.71 / Fl Oz)</p><a href="https://www.amazon.com/dp/B0D43FMJ8V?tag=eloabder-20&linkCode=osi&th=1&psc=1">View Product</a></div><div class="product"><a href="https://www.amazon.com/dp/B00IRRJBRQ?tag=eloabder-20&linkCode=osi&th=1&psc=1"><img src="https://m.media-amazon.com/images/I/31a3OJgvluL._SL500_.jpg" alt="Product Image"></a><p>Torani Honey Sweetener, 25.4 Ounce (Pack of 4)</p><p>$25.47 ($0.25 / Fl Oz)</p><a href="https://www.amazon.com/dp/B00IRRJBRQ?tag=eloabder-20&linkCode=osi&th=1&psc=1">View Product</a></div><div class="product"><a href="https://www.amazon.com/dp/B0BSMPDPZ9?tag=eloabder-20&linkCode=osi&th=1&psc=1"><img src="https://m.media-amazon.com/images/I/41A+L9ilEXL._SL500_.jpg" alt="Product Image"></a><p>Monin - Hot Honey Syrup, Robust Sweet & Spicy Flavors, Great for Lemonades, Teas, Cocktails, Culinary Recipes, & More, No Artificial Sweeteners, Gluten-Free, Non-GMO, Clean Label (1 Liter)</p><p>$17.99 ($0.53 / Fl Oz)</p><a href="https://www.amazon.com/dp/B0BSMPDPZ9?tag=eloabder-20&linkCode=osi&th=1&psc=1">View Product</a></div><div class="product"><a href="https://www.amazon.com/dp/B078YFLF9K?tag=eloabder-20&linkCode=osi&th=1&psc=1"><img src="https://m.media-amazon.com/images/I/41Gx-mwendL._SL500_.jpg" alt="Product Image"></a><p>Tippleman's Ginger Honey Syrup - Craft Cocktail Mixer - All Natural Complex Syrup for Cocktails and Non-Alcoholic Beverages - Margarita, Whiskey Sour, or Sweet Iced Tea - Makes 17 Cocktails</p><p>$24.99 ($1.92 / Fl Oz)</p><a href="https://www.amazon.com/dp/B078YFLF9K?tag=eloabder-20&linkCode=osi&th=1&psc=1">View Product</a></div><div class="product"><a href="https://www.amazon.com/dp/B07CWFJV6C?tag=eloabder-20&linkCode=osi&th=1&psc=1"><img src="https://m.media-amazon.com/images/I/41cmu+ltDxL._SL500_.jpg" alt="Product Image"></a><p>Robitussin Maximum Strength Honey Cough + Chest Congestion DM, Cough Medicine for Cough and Chest Congestion Relief Made with Real Honey- 4 Fl Oz Bottle</p><p>$11.74 ($2.94 / Fl Oz)</p><a href="https://www.amazon.com/dp/B07CWFJV6C?tag=eloabder-20&linkCode=osi&th=1&psc=1">View Product</a></div><div class="product"><a href="https://www.amazon.com/dp/B005S1LP28?tag=eloabder-20&linkCode=osi&th=1&psc=1"><img src="https://m.media-amazon.com/images/I/41DkU4bxBrL._SL500_.jpg" alt="Product Image"></a><p>Monin - Organic Honey Sweetener, Low-Calorie Liquid Sweetener, Sugar Substitute, Coffee Syrup, Made with Organic Honey, Simple Syrup for Cocktails, Iced Tea, & More, Clean Label (1 Liter)</p><p>$26.99 ($0.80 / Fl Oz)</p><a href="https://www.amazon.com/dp/B005S1LP28?tag=eloabder-20&linkCode=osi&th=1&psc=1">View Product</a></div>
<div class="product"><a href="https://www.amazon.com/dp/B0D3FYHWP7?tag=eloabder-20&linkCode=osi&th=1&psc=1"><img src="https://m.media-amazon.com/images/I/41W51dqWhAL._SL500_.jpg" alt="Product Image"></a><p>Blueprint Bryan Johnson Nutty Butter - Macadamia Nuts and Walnuts - Just 3 Ingredients - No Palm Oil - Keto and Low Carb Snack - No Added Sugar, Vegan, Non GMO, Keto and Paleo Friendly (8.8 ounces)</p><p>$11.00 ($1.25 / Ounce)</p><a href="https://www.amazon.com/dp/B0D3FYHWP7?tag=eloabder-20&linkCode=osi&th=1&psc=1">View Product</a></div><div class="product"><a href="https://www.amazon.com/dp/B0B34J7HHD?tag=eloabder-20&linkCode=osi&th=1&psc=1"><img src="https://m.media-amazon.com/images/I/31UpKhqk2QL._SL500_.jpg" alt="Product Image"></a><p>Octonuts Dry Roasted Pure Cashew 16oz Nut Butter 16oz - Pure Creamy Nut Butter - Gluten Free, Vegan, Kosher, Paleo, Non-GMO Nut Butters Single Ingredient</p><p>$11.99 ($0.75 / Ounce)</p><a href="https://www.amazon.com/dp/B0B34J7HHD?tag=eloabder-20&linkCode=osi&th=1&psc=1">View Product</a></div><div class="product"><a href="https://www.amazon.com/dp/B09NP7D465?tag=eloabder-20&linkCode=osi&th=1&psc=1"><img src="https://m.media-amazon.com/images/I/51+XSeELM2L._SL500_.jpg" alt="Product Image"></a><p>Crazy Go Nuts Walnut Butter - Plain w/ Sea Salt - Healthy Snacks, Keto, Vegan, Low Carb, Gluten Free, Superfood - Natural, Non-GMO, ALA, Omega 3 Fatty Acids, Good Fats and Antioxidants - 9.25 oz (1-Pack)</p><p>$10.99 ($1.19 / Ounce)</p><a href="https://www.amazon.com/dp/B09NP7D465?tag=eloabder-20&linkCode=osi&th=1&psc=1">View Product</a></div><div class="product"><a href="https://www.amazon.com/dp/B00KHAG1BK?tag=eloabder-20&linkCode=osi&th=1&psc=1"><img src="https://m.media-amazon.com/images/I/41nZVovN5oL._SL500_.jpg" alt="Product Image"></a><p>JUSTIN'S Classic Gluten-Free Almond Butter Squeeze Packs, 1.15 Ounce (Pack of 10)</p><p>$13.40 ($1.17 / Ounce)</p><a href="https://www.amazon.com/dp/B00KHAG1BK?tag=eloabder-20&linkCode=osi&th=1&psc=1">View Product</a></div><div class="product"><a href="https://www.amazon.com/dp/B01M06S98E?tag=eloabder-20&linkCode=osi&th=1&psc=1"><img src="https://m.media-amazon.com/images/I/41fCsKiYMdL._SL500_.jpg" alt="Product Image"></a><p>Organic Power Fuel Crunchy Nut Butter by NuttZo | 7 Nuts & Seeds Blend, Paleo, Non-GMO, Gluten-Free, Vegan, Kosher | 1g Sugar, 6g Protein | 26oz Jar</p><p>$21.99 ($0.85 / Ounce)</p><a href="https://www.amazon.com/dp/B01M06S98E?tag=eloabder-20&linkCode=osi&th=1&psc=1">View Product</a></div><div class="product"><a href="https://www.amazon.com/dp/B07CGZ2RJQ?tag=eloabder-20&linkCode=osi&th=1&psc=1"><img src="https://m.media-amazon.com/images/I/41eZiTYDVgL._SL500_.jpg" alt="Product Image"></a><p>Vör Pure Macadamia Nut Butter Spread (11oz) | Only One Ingredient</p><p>$18.99 ($1.73 / Ounce)</p><a href="https://www.amazon.com/dp/B07CGZ2RJQ?tag=eloabder-20&linkCode=osi&th=1&psc=1">View Product</a></div><div class="product"><a href="https://www.amazon.com/dp/B00X7W96OO?tag=eloabder-20&linkCode=osi&th=1&psc=1"><img src="https://m.media-amazon.com/images/I/41jU7bL5rFL._SL500_.jpg" alt="Product Image"></a><p>MaraNatha Creamy Roasted Caramel Almond Butter, No Stir, 12 Ounce Jar</p><p>$6.94 ($0.58 / Ounce)</p><a href="https://www.amazon.com/dp/B00X7W96OO?tag=eloabder-20&linkCode=osi&th=1&psc=1">View Product</a></div>
<div class="product"><a href="https://www.amazon.com/dp/B01CUS63OG?tag=eloabder-20&linkCode=osi&th=1&psc=1"><img src="https://m.media-amazon.com/images/I/51o0FJwMj8L._SL500_.jpg" alt="Product Image"></a><p>Anna and Sarah Tropical Dried Fruit Mix 2 Lbs</p><p>$17.99 ($9.00 / lb)</p><a href="https://www.amazon.com/dp/B01CUS63OG?tag=eloabder-20&linkCode=osi&th=1&psc=1">View Product</a></div><div class="product"><a href="https://www.amazon.com/dp/B09LZ7YCF7?tag=eloabder-20&linkCode=osi&th=1&psc=1"><img src="https://m.media-amazon.com/images/I/41XMLNKxlML._SL500_.jpg" alt="Product Image"></a><p>Dried Pineapple Chunks, 1 Pound. Dehydrated Pineapple Chunk, Dehydrated Pineapple Bulk, Dried Pineapple Bits. All Natural, Non-GMO, Lightly Sweetened Dried Pineapples, 16 oz.</p><p>$9.99 ($0.62 / oz)</p><a href="https://www.amazon.com/dp/B09LZ7YCF7?tag=eloabder-20&linkCode=osi&th=1&psc=1">View Product</a></div><div class="product"><a href="https://www.amazon.com/dp/B000M69QRU?tag=eloabder-20&linkCode=osi&th=1&psc=1"><img src="https://m.media-amazon.com/images/I/51EyH2xvyyS._SL500_.jpg" alt="Product Image"></a><p>Ocean Spray Craisins Dried Cranberries, Original, 48 Ounce</p><p>$7.62 ($0.16 / Fl Oz)</p><a href="https://www.amazon.com/dp/B000M69QRU?tag=eloabder-20&linkCode=osi&th=1&psc=1">View Product</a></div><div class="product"><a href="https://www.amazon.com/dp/B09YTMZ1GP?tag=eloabder-20&linkCode=osi&th=1&psc=1"><img src="https://m.media-amazon.com/images/I/51+y56cVq0L._SL500_.jpg" alt="Product Image"></a><p>Oregon Farm Fresh Snacks Dried Fruit Mix – 24oz Healthy Snacks - Fresh and Natural Fruit Trail Mix – Mixed Fruit Snacks for Adults and Kids – Ideal for Breakfast, Cakes, Snacks</p><p>$17.99 ($0.75 / Ounce)</p><a href="https://www.amazon.com/dp/B09YTMZ1GP?tag=eloabder-20&linkCode=osi&th=1&psc=1">View Product</a></div><div class="product"><a href="https://www.amazon.com/dp/B08Z5QXBK1?tag=eloabder-20&linkCode=osi&th=1&psc=1"><img src="https://m.media-amazon.com/images/I/51a0Oclr3nS._SL500_.jpg" alt="Product Image"></a><p>Dried Cherries Tart Cherry, 1lb. Montmorency Tart Cherries, Dried Sour Cherries Fresh, Montmorency Dried Tart Cherries, Dried Cherries, All-Natural Whole Sour Cherry 16 oz.</p><p>$14.28 ($0.89 / oz)</p><a href="https://www.amazon.com/dp/B08Z5QXBK1?tag=eloabder-20&linkCode=osi&th=1&psc=1">View Product</a></div><div class="product"><a href="https://www.amazon.com/dp/B00F34772M?tag=eloabder-20&linkCode=osi&th=1&psc=1"><img src="https://m.media-amazon.com/images/I/51AsgKQIMiL._SL500_.jpg" alt="Product Image"></a><p>A Gift Inside Sweet Bloom Dried Fruit Deluxe Tray Basket Arrangement for Holiday Birthday Healthy Snack Business Kosher</p><p>$33.20</p><a href="https://www.amazon.com/dp/B00F34772M?tag=eloabder-20&linkCode=osi&th=1&psc=1">View Product</a></div><div class="product"><a href="https://www.amazon.com/dp/B01N057EEP?tag=eloabder-20&linkCode=osi&th=1&psc=1"><img src="https://m.media-amazon.com/images/I/51MrelYxkML._SL500_.jpg" alt="Product Image"></a><p>Mavuno Harvest Organic Dried Fruit Variety Pack | Dried Mango, Pineapple, and Jackfruit | Healthy, Vegan, No Sugar Added, Non GMO Snacks for Kids & Adults | 2 Ounce, Pack of 3</p><p>$13.99 ($2.33 / Ounce)</p><a href="https://www.amazon.com/dp/B01N057EEP?tag=eloabder-20&linkCode=osi&th=1&psc=1">View Product</a></div><div class="product"><a href="https://www.amazon.com/dp/B08JWR4M3F?tag=eloabder-20&linkCode=osi&th=1&psc=1"><img src="https://m.media-amazon.com/images/I/41rjnxAN2FL._SL500_.jpg" alt="Product Image"></a><p>Sunrise Fresh Dried Sweet Cherries, Unsweetened, No Sugar Added, Fresh Fruit Flavor, 1 lb Bag</p><p>$14.49 ($0.91 / oz)</p><a href="https://www.amazon.com/dp/B08JWR4M3F?tag=eloabder-20&linkCode=osi&th=1&psc=1">View Product</a></div><div class="product"><a href="https://www.amazon.com/dp/B08YP8NQP4?tag=eloabder-20&linkCode=osi&th=1&psc=1"><img src="https://m.media-amazon.com/images/I/51GM51afRIS._SL500_.jpg" alt="Product Image"></a><p>Whole Dried Blueberries, No Sugar Added, Bulk, Dehydrated, Dried Unsweetened Blueberries, All Natural, Non-GMO, 1 Pound. - 16 oz.</p><p>$17.44 ($1.09 / oz)</p><a href="https://www.amazon.com/dp/B08YP8NQP4?tag=eloabder-20&linkCode=osi&th=1&psc=1">View Product</a></div>
<div class="product"><a href="https://www.amazon.com/dp/B084T1VWP5?tag=eloabder-20&linkCode=osi&th=1&psc=1"><img src="https://m.media-amazon.com/images/I/51o0utHF41L._SL500_.jpg" alt="Product Image"></a><p>Planters Pop & Pour Dry Roasted Sunflower Seeds, (4 - 5.85 oz. Jars)</p><p>$7.96 ($0.34 / Ounce)</p><a href="https://www.amazon.com/dp/B084T1VWP5?tag=eloabder-20&linkCode=osi&th=1&psc=1">View Product</a></div><div class="product"><a href="https://www.amazon.com/dp/B07TZX3KQZ?tag=eloabder-20&linkCode=osi&th=1&psc=1"><img src="https://m.media-amazon.com/images/I/41OvCvu5E9L._SL500_.jpg" alt="Product Image"></a><p>Yupik Organic Super 6 Seeds Mix, 2.2 lb, Non-GMO, Vegan</p><p>$11.99 ($0.34 / Ounce)</p><a href="https://www.amazon.com/dp/B07TZX3KQZ?tag=eloabder-20&linkCode=osi&th=1&psc=1">View Product</a></div><div class="product"><a href="https://www.amazon.com/dp/B07W7ZZJQB?tag=eloabder-20&linkCode=osi&th=1&psc=1"><img src="https://m.media-amazon.com/images/I/51jbKA5l0CL._SL500_.jpg" alt="Product Image"></a><p>Southern Style Nuts Gourmet Hunter Mix, 23 Ounces, Sesame Sticks, Peanuts, Sunflower Kernels, Almonds, Cashews, and Pepitas</p><p>$7.92 ($0.34 / Ounce)</p><a href="https://www.amazon.com/dp/B07W7ZZJQB?tag=eloabder-20&linkCode=osi&th=1&psc=1">View Product</a></div><div class="product"><a href="https://www.amazon.com/dp/B089LJB5F5?tag=eloabder-20&linkCode=osi&th=1&psc=1"><img src="https://m.media-amazon.com/images/I/51kS4PKIyZL._SL500_.jpg" alt="Product Image"></a><p>Fisher Oven Roasted Never Fried Deluxe Mixed Nuts, 24 Ounces (Pack of 1), Almonds, Cashews, Pecans, Pistachios, Snacks for Adults, Made With Sea Salt, No Added Oil, Artificial Ingredients or Preservatives, Trail Mix, Gluten Free</p><p>$17.09 ($0.71 / Ounce)</p><a href="https://www.amazon.com/dp/B089LJB5F5?tag=eloabder-20&linkCode=osi&th=1&psc=1">View Product</a></div><div class="product"><a href="https://www.amazon.com/dp/B077HZW2FX?tag=eloabder-20&linkCode=osi&th=1&psc=1"><img src="https://m.media-amazon.com/images/I/51AQx+2kfEL._SL500_.jpg" alt="Product Image"></a><p>BetterBody Foods Superfood Organic Super Seeds - Blend of Organic Chia Seeds, Milled Flax Seed, Hemp Hearts, Add to Smoothies Shakes & More, 1lb, 16 oz</p><p>$10.66 ($0.67 / Ounce)</p><a href="https://www.amazon.com/dp/B077HZW2FX?tag=eloabder-20&linkCode=osi&th=1&psc=1">View Product</a></div><div class="product"><a href="https://www.amazon.com/dp/B00PPKSZO8?tag=eloabder-20&linkCode=osi&th=1&psc=1"><img src="https://m.media-amazon.com/images/I/41Q7alFU8RL._SL500_.jpg" alt="Product Image"></a><p>PLANTERS Unsalted Mixed Nuts, Cashews, Almonds, Hazelnuts, Pecans, Pistachios no Shell, Party Snacks, Plant-Based Protein, Quick Snack for Adults, After School Snack, Kosher, 2.16lb Container</p><p>$17.26 ($0.50 / Fl Oz)</p><a href="https://www.amazon.com/dp/B00PPKSZO8?tag=eloabder-20&linkCode=osi&th=1&psc=1">View Product</a></div><div class="product"><a href="https://www.amazon.com/dp/B0CHLKJ7JM?tag=eloabder-20&linkCode=osi&th=1&psc=1"><img src="https://m.media-amazon.com/images/I/51sXps1S2KL._SL500_.jpg" alt="Product Image"></a><p>KIND Seeds Fruit & Nuts Snack Bar, Orange Cranberry | 5g Protein, High Fiber, Gluten Free Bars, 1.4 OZ, 12 Count</p><p>$14.96 ($1.25 / Count)</p><a href="https://www.amazon.com/dp/B0CHLKJ7JM?tag=eloabder-20&linkCode=osi&th=1&psc=1">View Product</a></div><div class="product"><a href="https://www.amazon.com/dp/B0CHLD9ZKL?tag=eloabder-20&linkCode=osi&th=1&psc=1"><img src="https://m.media-amazon.com/images/I/51l78v8NL9L._SL500_.jpg" alt="Product Image"></a><p>KIND Seeds Fruit & Nuts Snack Bar, Strawberry Sunflower Seed | 5g Protein, High Fiber, Gluten Free Bars, 1.4 OZ, 12 Count</p><p>$13.58 ($1.13 / Count)</p><a href="https://www.amazon.com/dp/B0CHLD9ZKL?tag=eloabder-20&linkCode=osi&th=1&psc=1">View Product</a></div><div class="product"><a href="https://www.amazon.com/dp/B079WN7C3F?tag=eloabder-20&linkCode=osi&th=1&psc=1"><img src="https://m.media-amazon.com/images/I/41YqpED33FL._SL500_.jpg" alt="Product Image"></a><p>GERBS Raw Super 7 Seed Snack Trail Mix 1 LBS. | Top 14 Food Allergy Free | Resealable Bulk Bag | Made in USA | Raw Pumpkin | Sunflower | Brown & Golden Flax | Black & White Chia | Hemp | Gluten Free</p><p>$14.99 ($0.94 / Ounce)</p><a href="https://www.amazon.com/dp/B079WN7C3F?tag=eloabder-20&linkCode=osi&th=1&psc=1">View Product</a></div><div class="product"><a href="https://www.amazon.com/dp/B00CYK8DOE?tag=eloabder-20&linkCode=osi&th=1&psc=1"><img src="https://m.media-amazon.com/images/I/41hvbaCdz6L._SL500_.jpg" alt="Product Image"></a><p>Oh! Nuts Roasted Salted Pumpkin Seeds | Resealable 2LB Bulk Bag of Unshelled Pepitas | All-Natural Protein Power for Gluten-Free & Vegan Snacking | Fresh & Healthy Keto Snacks</p><p>$18.81 ($0.59 / Ounce)</p><a href="https://www.amazon.com/dp/B00CYK8DOE?tag=eloabder-20&linkCode=osi&th=1&psc=1">View Product</a></div>

<div class="product"><a href="https://www.amazon.com/dp/B08TTFGPS5?tag=eloabder-20&linkCode=osi&th=1&psc=1"><img src="https://m.media-amazon.com/images/I/51LP-kQBLAL._SL500_.jpg" alt="Product Image"></a><p>Pine River Cheese Spreads - Variety Pack 3 8oz. Sharp Cheddar-Garlic & Herb-Swiss (24oz)</p><p>$21.93 ($0.91 / Ounce)</p><a href="https://www.amazon.com/dp/B08TTFGPS5?tag=eloabder-20&linkCode=osi&th=1&psc=1">View Product</a></div><div class="product"><a href="https://www.amazon.com/dp/B09GW71DPQ?tag=eloabder-20&linkCode=osi&th=1&psc=1"><img src="https://m.media-amazon.com/images/I/41BpjCgQpKL._SL500_.jpg" alt="Product Image"></a><p>Port Wine Cheese Spread 8 Ounce (Pack of 4)</p><p>$26.10 ($0.82 / Ounce)</p><a href="https://www.amazon.com/dp/B09GW71DPQ?tag=eloabder-20&linkCode=osi&th=1&psc=1">View Product</a></div><div class="product"><a href="https://www.amazon.com/dp/B006G4NCT0?tag=eloabder-20&linkCode=osi&th=1&psc=1"><img src="https://m.media-amazon.com/images/I/41-Krj0PbcL._SL500_.jpg" alt="Product Image"></a><p>Sharp Cheddar Cheese Spread 8 Ounce (Pack of 4)</p><p>$25.90 ($1.08 / Ounce)</p><a href="https://www.amazon.com/dp/B006G4NCT0?tag=eloabder-20&linkCode=osi&th=1&psc=1">View Product</a></div><div class="product"><a href="https://www.amazon.com/dp/B09SM3L7LN?tag=eloabder-20&linkCode=osi&th=1&psc=1"><img src="https://m.media-amazon.com/images/I/417W7hKPcvL._SL500_.jpg" alt="Product Image"></a><p>Cheese Snack Spread Variety 4 Pack</p><p>$34.00 ($1.06 / Ounce)</p><a href="https://www.amazon.com/dp/B09SM3L7LN?tag=eloabder-20&linkCode=osi&th=1&psc=1">View Product</a></div>
<div class="product"><a href="https://www.amazon.com/dp/B08CNRQ2C6?tag=eloabder-20&linkCode=osi&th=1&psc=1"><img src="https://m.media-amazon.com/images/I/41ps--esahL._SL500_.jpg" alt="Product Image"></a><p>HOIST Premium Military Hydration Electrolyte Drink, Powerful IV-Level Hydration, Clinically Proven Performance Drink, Peach Mango, 16 Fl Oz (Pack of 12)</p><p>$29.99 ($0.16 / Fl Oz)</p><a href="https://www.amazon.com/dp/B08CNRQ2C6?tag=eloabder-20&linkCode=osi&th=1&psc=1">View Product</a></div><div class="product"><a href="https://www.amazon.com/dp/B082BG3XYZ?tag=eloabder-20&linkCode=osi&th=1&psc=1"><img src="https://m.media-amazon.com/images/I/51+XFCzX3zL._SL500_.jpg" alt="Product Image"></a><p>UPTIME – Blueberry Pomegranate - Zero Sugar (12 Pack), Premium Energy Drink, 12oz Bottles, Natural Caffeine, Sparkling, Natural Flavors, 5 Calories…</p><p>$28.99 ($0.20 / Fl Oz)</p><a href="https://www.amazon.com/dp/B082BG3XYZ?tag=eloabder-20&linkCode=osi&th=1&psc=1">View Product</a></div><div class="product"><a href="https://www.amazon.com/dp/B0BSP3R4JX?tag=eloabder-20&linkCode=osi&th=1&psc=1"><img src="https://m.media-amazon.com/images/I/41TvMVYbcjL._SL500_.jpg" alt="Product Image"></a><p>Barcode Premium Hydration Drink - No Added Sugars, Variety Pack (12 Pack) - Plant-Based Beverage - Adaptogen Drink with Electrolytes for Immunity & Performance</p><p>$29.88 ($0.15 / Fl Oz)</p><a href="https://www.amazon.com/dp/B0BSP3R4JX?tag=eloabder-20&linkCode=osi&th=1&psc=1">View Product</a></div><div class="product"><a href="https://www.amazon.com/dp/B0CYL4CCKM?tag=eloabder-20&linkCode=osi&th=1&psc=1"><img src="https://m.media-amazon.com/images/I/514q0PPV9+L._SL500_.jpg" alt="Product Image"></a><p>ProBaller Ultra Premium Energy Drink - Wild Berry ZERO</p><p>$35.99 ($0.20 / Fl Oz)</p><a href="https://www.amazon.com/dp/B0CYL4CCKM?tag=eloabder-20&linkCode=osi&th=1&psc=1">View Product</a></div><div class="product"><a href="https://www.amazon.com/dp/B0D2BKB2J3?tag=eloabder-20&linkCode=osi&th=1&psc=1"><img src="https://m.media-amazon.com/images/I/41MbnJUx3LL._SL500_.jpg" alt="Product Image"></a><p>ProBaller Ultra Premium Energy Drink - Sugar Free</p><p>$35.99 ($0.20 / Fl Oz)</p><a href="https://www.amazon.com/dp/B0D2BKB2J3?tag=eloabder-20&linkCode=osi&th=1&psc=1">View Product</a></div><div class="product"><a href="https://www.amazon.com/dp/B0CYJXMRKS?tag=eloabder-20&linkCode=osi&th=1&psc=1"><img src="https://m.media-amazon.com/images/I/41gt6X6dVdL._SL500_.jpg" alt="Product Image"></a><p>Joggy Clean Energy Drink - 4-Pack Tart Cherry & Hibiscus - 150mg Organic Guayusa Caffeine - Zero Added Sugar, Vegan, Plant-Based, Natural Healthy Boost, Premium Beverage</p><p>$13.99 ($0.44 / Fl Oz)</p><a href="https://www.amazon.com/dp/B0CYJXMRKS?tag=eloabder-20&linkCode=osi&th=1&psc=1">View Product</a></div><div class="product"><a href="https://www.amazon.com/dp/B081QCCN21?tag=eloabder-20&linkCode=osi&th=1&psc=1"><img src="https://m.media-amazon.com/images/I/61k-oHxeO2L._SL500_.jpg" alt="Product Image"></a><p>Hawaiian Sun Premium Tropical Juice Drink Party Bundle of 10 Assorted Flavors (24 Cans Total)</p><p>$44.95 ($0.16 / Fl Oz )</p><a href="https://www.amazon.com/dp/B081QCCN21?tag=eloabder-20&linkCode=osi&th=1&psc=1">View Product</a></div><div class="product"><a href="https://www.amazon.com/dp/B0CCHW3Q8Q?tag=eloabder-20&linkCode=osi&th=1&psc=1"><img src="https://m.media-amazon.com/images/I/414+SPv3c5L._SL500_.jpg" alt="Product Image"></a><p>Camp Craft Cocktail Mix - Flo'rita | Premium Drink Mixer Infusion Kit with Dehydrated Fruit, Herbs and Vegan Sugar | 16 oz Glass Jar Mixer for Cocktails, Margaritas, and Mocktails - Serves 8</p><p>$25.00 ($1.56 / Fl Oz)</p><a href="https://www.amazon.com/dp/B0CCHW3Q8Q?tag=eloabder-20&linkCode=osi&th=1&psc=1">View Product</a></div><div class="product"><a href="https://www.amazon.com/dp/B0CVQN2NBB?tag=eloabder-20&linkCode=osi&th=1&psc=1"><img src="https://m.media-amazon.com/images/I/51bpS7Tlj2L._SL500_.jpg" alt="Product Image"></a><p>Starbucks Cold Brew Coffee, Vanilla Sweet Cream, 11 fl oz Cans (12 Pack), Premium Coffee Drink, Iced Coffee</p><p>$39.39 ($0.30 / Fl Oz)</p><a href="https://www.amazon.com/dp/B0CVQN2NBB?tag=eloabder-20&linkCode=osi&th=1&psc=1">View Product</a></div>
<div class="product"><a href="https://www.amazon.com/dp/B08PW3LK4T?tag=eloabder-20&linkCode=osi&th=1&psc=1"><img src="https://m.media-amazon.com/images/I/41TLoWBkNWL._SL500_.jpg" alt="Product Image"></a><p>Classic Ginger Beer, Regatta Craft Mixers, All-Natural Ingredients, Non-GMO, 7.5oz, Case of 24 Sleek Cans</p><p>$29.98 ($0.17 / Fl Oz)</p><a href="https://www.amazon.com/dp/B08PW3LK4T?tag=eloabder-20&linkCode=osi&th=1&psc=1">View Product</a></div><div class="product"><a href="https://www.amazon.com/dp/B08KTP2999?tag=eloabder-20&linkCode=osi&th=1&psc=1"><img src="https://m.media-amazon.com/images/I/41tC0pFgGtL._SL500_.jpg" alt="Product Image"></a><p>ABC Crafted Series Beer Making Kit | Beer Making Ingredients for Home Brewing | Yields 6 Gallons of Beer | Brown Ale</p><p>$25.00</p><a href="https://www.amazon.com/dp/B08KTP2999?tag=eloabder-20&linkCode=osi&th=1&psc=1">View Product</a></div><div class="product"><a href="https://www.amazon.com/dp/B01KSD9JKU?tag=eloabder-20&linkCode=osi&th=1&psc=1"><img src="https://m.media-amazon.com/images/I/517aGsVY9qL._SL500_.jpg" alt="Product Image"></a><p>Beer-infused Hot Sauce Variety 3-pack (Includes Asian Sriracha, Garlic Serrano, & Roasty Chipotle) - Craft Beer Gift, Hot Sauce Gift Set, Beer Sauce, BBQ Sauce, Beer Lover, Grill + Man Cave</p><p>$27.99 ($1.87 / Fl Oz)</p><a href="https://www.amazon.com/dp/B01KSD9JKU?tag=eloabder-20&linkCode=osi&th=1&psc=1">View Product</a></div><div class="product"><a href="https://www.amazon.com/dp/B0C9KKG6C6?tag=eloabder-20&linkCode=osi&th=1&psc=1"><img src="https://m.media-amazon.com/images/I/41Rxjjlu5+L._SL500_.jpg" alt="Product Image"></a><p>Plochman, Craft Beer Mustard (Brickstone), 11 oz, Blended Mustard</p><p>$6.99 ($0.64 / Ounce)</p><a href="https://www.amazon.com/dp/B0C9KKG6C6?tag=eloabder-20&linkCode=osi&th=1&psc=1">View Product</a></div><div class="product"><a href="https://www.amazon.com/dp/B01692UXRW?tag=eloabder-20&linkCode=osi&th=1&psc=1"><img src="https://m.media-amazon.com/images/I/51qUU-Fjx5L._SL500_.jpg" alt="Product Image"></a><p>BREW CANDY | Hoppy IPA + Roasty Stout + Honey Ale | Great Craft Beer Gift for Beer Drinkers and Candy Lovers | Perfect for the Man Cave, Brewery, Office, or Home | MADE IN USA</p><p>$9.99 ($2.50 / Ounce)</p><a href="https://www.amazon.com/dp/B01692UXRW?tag=eloabder-20&linkCode=osi&th=1&psc=1">View Product</a></div><div class="product"><a href="https://www.amazon.com/dp/B07L1M2P57?tag=eloabder-20&linkCode=osi&th=1&psc=1"><img src="https://m.media-amazon.com/images/I/415wGhwZDvL._SL500_.jpg" alt="Product Image"></a><p>Unique Snacks Sourdough Craft Beer Pretzel Rings, Delicious Homestyle Baked Snack Bag, Vegan, OU Kosher, and Non-GMO Food, No Artificial Flavor, 11 Oz. Bag, Pack of 6</p><p>$24.99 ($0.38 / Ounce)</p><a href="https://www.amazon.com/dp/B07L1M2P57?tag=eloabder-20&linkCode=osi&th=1&psc=1">View Product</a></div>
<div class="product"><a href="https://www.amazon.com/dp/B0CD79R3QZ?tag=eloabder-20&linkCode=osi&th=1&psc=1"><img src="https://m.media-amazon.com/images/I/21X3VVYgpXL._SL500_.jpg" alt="Product Image"></a><p>French Bloom Le Blanc Alcohol-Free Sparkling Wine, 750ml - Certified Organic, Vegan, Halal, Low Calorie, Sulfite Free - Made with Fine Organic Wine, No Preservatives or Added Sugar</p><p>$41.00 ($1.61 / Fl Oz)</p><a href="https://www.amazon.com/dp/B0CD79R3QZ?tag=eloabder-20&linkCode=osi&th=1&psc=1">View Product</a></div><div class="product"><a href="https://www.amazon.com/dp/B0D6HWD369?tag=eloabder-20&linkCode=osi&th=1&psc=1"><img src="https://m.media-amazon.com/images/I/31U1YybAm5L._SL500_.jpg" alt="Product Image"></a><p>Saint Viviana Non-Alcoholic Sauvignon Blanc, Crisp Dry White Wine with Fresh Fruit Flavor & Floral Notes, Made in Washington State, 24.6 Fl Oz Bottle</p><p>$22.99 ($0.93 / Fl Oz)</p><a href="https://www.amazon.com/dp/B0D6HWD369?tag=eloabder-20&linkCode=osi&th=1&psc=1">View Product</a></div><div class="product"><a href="https://www.amazon.com/dp/B0D244C3VJ?tag=eloabder-20&linkCode=osi&th=1&psc=1"><img src="https://m.media-amazon.com/images/I/416UnLmeDPL._SL500_.jpg" alt="Product Image"></a><p>Monari Marsala Fine Wine PDO Glaze| 9 Ounce, Pack of 6</p><p>$37.99 ($6.33 / Count)</p><a href="https://www.amazon.com/dp/B0D244C3VJ?tag=eloabder-20&linkCode=osi&th=1&psc=1">View Product</a></div><div class="product"><a href="https://www.amazon.com/dp/B0054KSA5I?tag=eloabder-20&linkCode=osi&th=1&psc=1"><img src="https://m.media-amazon.com/images/I/41Dk7Gmm5xL._SL500_.jpg" alt="Product Image"></a><p>Regina Fine Red Wine Vinegar, 12 Fl Oz</p><p>$12.94 ($1.08 / Fl Oz)</p><a href="https://www.amazon.com/dp/B0054KSA5I?tag=eloabder-20&linkCode=osi&th=1&psc=1">View Product</a></div><div class="product"><a href="https://www.amazon.com/dp/B0CC6JY2CM?tag=eloabder-20&linkCode=osi&th=1&psc=1"><img src="https://m.media-amazon.com/images/I/31FVY0Kg2cL._SL500_.jpg" alt="Product Image"></a><p>ST. REGIS Cabernet Sauvignon 25.4 Fl Oz (1 Pack) - Low Calorie and Sugar - Fruity & Spicy Rich Flavor from North of Spain Vineyards</p><p>$17.95 ($0.71 / Fl Oz)</p><a href="https://www.amazon.com/dp/B0CC6JY2CM?tag=eloabder-20&linkCode=osi&th=1&psc=1">View Product</a></div><div class="product"><a href="https://www.amazon.com/dp/B0CLYLY93H?tag=eloabder-20&linkCode=osi&th=1&psc=1"><img src="https://m.media-amazon.com/images/I/31cSVgLe1sL._SL500_.jpg" alt="Product Image"></a><p>Chateau del ISH Sparkling Rosé | Award-Winning Non-Alcoholic Sparkling Wine | De-Alcoholized Blend of Merlot & Pinot Noir Grapes | Only 9 grams of Sugar | 45 Calories per Serving | 750 ml Bottle</p><p>$23.99 ($0.94 / Fl Oz)</p><a href="https://www.amazon.com/dp/B0CLYLY93H?tag=eloabder-20&linkCode=osi&th=1&psc=1">View Product</a></div><div class="product"><a href="https://www.amazon.com/dp/B00075WK10?tag=eloabder-20&linkCode=osi&th=1&psc=1"><img src="https://m.media-amazon.com/images/I/41wn5BC9e3L._SL500_.jpg" alt="Product Image"></a><p>Mantova Italian White Wine Vinegar 17 oz (Pack of 2). Made with traditional methods and aged in fine wood casks, it retains the flavor of the wine, accented by the crisp character of the vinegar.</p><p>$12.97 ($7.21 / Fl Oz)</p><a href="https://www.amazon.com/dp/B00075WK10?tag=eloabder-20&linkCode=osi&th=1&psc=1">View Product</a></div><div class="product"><a href="https://www.amazon.com/dp/B0B6Y4LGT8?tag=eloabder-20&linkCode=osi&th=1&psc=1"><img src="https://m.media-amazon.com/images/I/31DYvJX17cL._SL500_.jpg" alt="Product Image"></a><p>Wander + Found Non-Alcoholic Wine, Pinot Noir, Award Winning Red Wine from Germany, Non-GMO Dealcoholized Wine, 750 ml (1 Bottle)</p><p>$25.99 ($1.02 / Fl Oz)</p><a href="https://www.amazon.com/dp/B0B6Y4LGT8?tag=eloabder-20&linkCode=osi&th=1&psc=1">View Product</a></div><div class="product"><a href="https://www.amazon.com/dp/B08FBLJFL3?tag=eloabder-20&linkCode=osi&th=1&psc=1"><img src="https://m.media-amazon.com/images/I/31xcotQJiQL._SL500_.jpg" alt="Product Image"></a><p>Lussory Organic Merlot Dealcoholized 0.0% Non-Alcoholic Red From Spain, Low Calories, Organic, Vegan (750ml, 1 Bottle)</p><p>$27.99 ($1.10 / Fl Oz)</p><a href="https://www.amazon.com/dp/B08FBLJFL3?tag=eloabder-20&linkCode=osi&th=1&psc=1">View Product</a></div>
<div class="product"><a href="https://www.amazon.com/dp/B08RD41V4Y?tag=eloabder-20&linkCode=osi&th=1&psc=1"><img src="https://m.media-amazon.com/images/I/41Ctrzm6OdL._SL500_.jpg" alt="Product Image"></a><p>Pure Organic Layered Fruit Bars Variety Pack 28 count (Pack of 1).</p><p>$13.99 ($0.40 / Ounce)</p><a href="https://www.amazon.com/dp/B08RD41V4Y?tag=eloabder-20&linkCode=osi&th=1&psc=1">View Product</a></div><div class="product"><a href="https://www.amazon.com/dp/B06X6JR48M?tag=eloabder-20&linkCode=osi&th=1&psc=1"><img src="https://m.media-amazon.com/images/I/51QhYDgoJFL._SL500_.jpg" alt="Product Image"></a><p>Nature's Garden Organic Trail Mix Snack Packs, Multi Pack 1.2 oz - Pack of 24 (Total 28.8 oz)</p><p>$14.89 ($0.52 / Ounce)</p><a href="https://www.amazon.com/dp/B06X6JR48M?tag=eloabder-20&linkCode=osi&th=1&psc=1">View Product</a></div><div class="product"><a href="https://www.amazon.com/dp/B0BQTL31PR?tag=eloabder-20&linkCode=osi&th=1&psc=1"><img src="https://m.media-amazon.com/images/I/512GxWL1ejL._SL500_.jpg" alt="Product Image"></a><p>Annie's Organic Birthday Cake Bunny Grahams and Cheddar Bunnies Snack Pack 36 Count, 36 oz</p><p>$16.99 ($0.47 / Ounce)</p><a href="https://www.amazon.com/dp/B0BQTL31PR?tag=eloabder-20&linkCode=osi&th=1&psc=1">View Product</a></div><div class="product"><a href="https://www.amazon.com/dp/B0C17SW6V1?tag=eloabder-20&linkCode=osi&th=1&psc=1"><img src="https://m.media-amazon.com/images/I/51JwHhUMp-L._SL500_.jpg" alt="Product Image"></a><p>Annie's Organic Bunny Fruit Snacks, Variety Pack, Gluten Free, 22 ct, 15.4 oz</p><p>$9.98 ($0.45 / Count)</p><a href="https://www.amazon.com/dp/B0C17SW6V1?tag=eloabder-20&linkCode=osi&th=1&psc=1">View Product</a></div><div class="product"><a href="https://www.amazon.com/dp/B079LY41VY?tag=eloabder-20&linkCode=osi&th=1&psc=1"><img src="https://m.media-amazon.com/images/I/51hNBmR-vOL._SL500_.jpg" alt="Product Image"></a><p>MadeGood Healthy Snacks Variety Pack (40 Count) Organic Assortment of Granola Bars, Granola Mini and Crispy Squares; Individually Wrapped Snacks</p><p>$29.99</p><a href="https://www.amazon.com/dp/B079LY41VY?tag=eloabder-20&linkCode=osi&th=1&psc=1">View Product</a></div><div class="product"><a href="https://www.amazon.com/dp/B0B88WYZVC?tag=eloabder-20&linkCode=osi&th=1&psc=1"><img src="https://m.media-amazon.com/images/I/41jnzaqqPlL._SL500_.jpg" alt="Product Image"></a><p>YumEarth Organic Fruit Snacks Box, 0.7 Ounce (Pack of 10)</p><p>$6.49 ($0.93 / Ounce)</p><a href="https://www.amazon.com/dp/B0B88WYZVC?tag=eloabder-20&linkCode=osi&th=1&psc=1">View Product</a></div><div class="product"><a href="https://www.amazon.com/dp/B087HBLXSM?tag=eloabder-20&linkCode=osi&th=1&psc=1"><img src="https://m.media-amazon.com/images/I/4103I3BvCSL._SL500_.jpg" alt="Product Image"></a><p>Tropical Fields Organic Crispy Coconut Rolls, 11 Oz</p><p>$9.94 ($0.90 / Ounce)</p><a href="https://www.amazon.com/dp/B087HBLXSM?tag=eloabder-20&linkCode=osi&th=1&psc=1">View Product</a></div><div class="product"><a href="https://www.amazon.com/dp/B08L4XZBS1?tag=eloabder-20&linkCode=osi&th=1&psc=1"><img src="https://m.media-amazon.com/images/I/51IN3a2zpZL._SL500_.jpg" alt="Product Image"></a><p>Annie's Organic Fruit Peel-A-Parts Fruit Snacks, Strawberry and Fruit Punch, 12 packs, 6.7 oz.</p><p>$9.99 ($0.83 / Count)</p><a href="https://www.amazon.com/dp/B08L4XZBS1?tag=eloabder-20&linkCode=osi&th=1&psc=1">View Product</a></div><div class="product"><a href="https://www.amazon.com/dp/B088PRVMXL?tag=eloabder-20&linkCode=osi&th=1&psc=1"><img src="https://m.media-amazon.com/images/I/51Lye-KMCNL._SL500_.jpg" alt="Product Image"></a><p>Gimme Seaweed - Sea Salt & Avocado Oil - 20 Count - Organic Roasted Seaweed Sheets - Keto, Vegan, Gluten Free - Great Source of Iodine & Omega 3’s - Healthy On-The-Go Snack for Kids & Adults</p><p>$14.43 ($4.51 / Ounce)</p><a href="https://www.amazon.com/dp/B088PRVMXL?tag=eloabder-20&linkCode=osi&th=1&psc=1">View Product</a></div><div class="product"><a href="https://www.amazon.com/dp/B0792LF5DZ?tag=eloabder-20&linkCode=osi&th=1&psc=1"><img src="https://m.media-amazon.com/images/I/51Ogpal4rKL._SL500_.jpg" alt="Product Image"></a><p>Simply, Variety Pack Snacks, 0.875 Ounce (Pack of 36)</p><p>$22.43 ($0.71 / Ounce)</p><a href="https://www.amazon.com/dp/B0792LF5DZ?tag=eloabder-20&linkCode=osi&th=1&psc=1">View Product</a></div>
<div class="product"><a href="https://www.amazon.com/dp/B07D83162X?tag=eloabder-20&linkCode=osi&th=1&psc=1"><img src="https://m.media-amazon.com/images/I/515OpZM7eUL._SL500_.jpg" alt="Product Image"></a><p>CLIF BAR - Energy Bars - Variety Pack - Made with Organic Oats - 9-11g Protein - Non-GMO - Plant Based - 2.4 oz. (16 Count)</p><p>$25.98 ($0.68 / Ounce)</p><a href="https://www.amazon.com/dp/B07D83162X?tag=eloabder-20&linkCode=osi&th=1&psc=1">View Product</a></div><div class="product"><a href="https://www.amazon.com/dp/B0CXQ6QP2B?tag=eloabder-20&linkCode=osi&th=1&psc=1"><img src="https://m.media-amazon.com/images/I/41zGg7iGu+L._SL500_.jpg" alt="Product Image"></a><p>CLIF BAR - Crunchy Peanut Butter - Made with Organic Oats - 11g Protein - Non-GMO - Plant Based - Energy Bars - 2.4 oz. (15 Pack)</p><p>$17.24 ($0.48 / Ounce)</p><a href="https://www.amazon.com/dp/B0CXQ6QP2B?tag=eloabder-20&linkCode=osi&th=1&psc=1">View Product</a></div><div class="product"><a href="https://www.amazon.com/dp/B00GJ82VK4?tag=eloabder-20&linkCode=osi&th=1&psc=1"><img src="https://m.media-amazon.com/images/I/51j2KOV9-+L._SL500_.jpg" alt="Product Image"></a><p>Pure Protein Bars, High Protein, Nutritious Snacks to Support Energy, Low Sugar, Gluten Free, Chocolate Peanut Butter, 1.76oz, 12 Count (Packaging May Vary)</p><p>$15.55 ($0.73 / Ounce)</p><a href="https://www.amazon.com/dp/B00GJ82VK4?tag=eloabder-20&linkCode=osi&th=1&psc=1">View Product</a></div><div class="product"><a href="https://www.amazon.com/dp/B084R2FJVV?tag=eloabder-20&linkCode=osi&th=1&psc=1"><img src="https://m.media-amazon.com/images/I/51mGjMQ-PjL._SL500_.jpg" alt="Product Image"></a><p>KIND Energy Bars, Chocolate Chunk, Healthy Snacks, Gluten Free, 30 Count</p><p>$35.45 ($0.56 / Ounce)</p><a href="https://www.amazon.com/dp/B084R2FJVV?tag=eloabder-20&linkCode=osi&th=1&psc=1">View Product</a></div><div class="product"><a href="https://www.amazon.com/dp/B0BHMRSNWX?tag=eloabder-20&linkCode=osi&th=1&psc=1"><img src="https://m.media-amazon.com/images/I/51mha5Z8vAL._SL500_.jpg" alt="Product Image"></a><p>Verb Energy - Variety Pack Caffeinated Snack Bars - 110-Calorie Low Sugar Energy Bar - Nutrition Bars - Vegan Snacks - Gluten Free Breakfast Bars with Organic Green Tea, 26g (Pack of 16)</p><p>$28.95 ($1.97 / Ounce)</p><a href="https://www.amazon.com/dp/B0BHMRSNWX?tag=eloabder-20&linkCode=osi&th=1&psc=1">View Product</a></div><div class="product"><a href="https://www.amazon.com/dp/B08939X5HL?tag=eloabder-20&linkCode=osi&th=1&psc=1"><img src="https://m.media-amazon.com/images/I/51RKwNvJZiL._SL500_.jpg" alt="Product Image"></a><p>Nature Valley Chewy Fruit and Nut Granola Bars, Trail Mix, 1.2 oz, 15 ct</p><p>$6.24 ($0.35 / Ounce)</p><a href="https://www.amazon.com/dp/B08939X5HL?tag=eloabder-20&linkCode=osi&th=1&psc=1">View Product</a></div><div class="product"><a href="https://www.amazon.com/dp/B004XEDS5I?tag=eloabder-20&linkCode=osi&th=1&psc=1"><img src="https://m.media-amazon.com/images/I/51dc89OLXjL._SL500_.jpg" alt="Product Image"></a><p>CLIF BAR - Chocolate Chip - Made with Organic Oats - Non-GMO - Plant Based - Energy Bars - 2.4 oz. (12 Pack)</p><p>$15.17 ($0.53 / Ounce)</p><a href="https://www.amazon.com/dp/B004XEDS5I?tag=eloabder-20&linkCode=osi&th=1&psc=1">View Product</a></div><div class="product"><a href="https://www.amazon.com/dp/B07HHK51J9?tag=eloabder-20&linkCode=osi&th=1&psc=1"><img src="https://m.media-amazon.com/images/I/41h0pofx49L._SL500_.jpg" alt="Product Image"></a><p>Quantum Energy Square: Energy Bar with Caffeine & 10g Protein. Delicious Healthy Snack On The Go. (Vegan, Gluten-free, Soy-free, Dairy-free). Flavor: Variety 8Pk</p><p>$19.95 ($1.48 / Ounce)</p><a href="https://www.amazon.com/dp/B07HHK51J9?tag=eloabder-20&linkCode=osi&th=1&psc=1">View Product</a></div><div class="product"><a href="https://www.amazon.com/dp/B0BY3NL6N3?tag=eloabder-20&linkCode=osi&th=1&psc=1"><img src="https://m.media-amazon.com/images/I/61a84haNQXL._SL500_.jpg" alt="Product Image"></a><p>Atkins Soft Baked Energy Bars, Blueberry, 15g Protein,2g Sugar, Excellent Source of Fiber, Low Carb, 4 Packs (5 Bars Each)</p><p>$40.00 ($2.00 / Count)</p><a href="https://www.amazon.com/dp/B0BY3NL6N3?tag=eloabder-20&linkCode=osi&th=1&psc=1">View Product</a></div><div class="product"><a href="https://www.amazon.com/dp/B0767X1YGZ?tag=eloabder-20&linkCode=osi&th=1&psc=1"><img src="https://m.media-amazon.com/images/I/41wLM+HSd7L._SL500_.jpg" alt="Product Image"></a><p>SKRATCH LABS Energy Bar | Cherry + Pistachio (12 pack) | Plant Based Healthy Snack | Low Sugar - 5g Protein | non-gmo, gluten free, soy free, vegan, kosher</p><p>$29.95 ($1.41 / Ounce)</p><a href="https://www.amazon.com/dp/B0767X1YGZ?tag=eloabder-20&linkCode=osi&th=1&psc=1">View Product</a></div>
<div class="product"><a href="https://www.amazon.com/dp/B00819SSGK?tag=eloabder-20&linkCode=osi&th=1&psc=1"><img src="https://m.media-amazon.com/images/I/51OoPlQlUFL._SL500_.jpg" alt="Product Image"></a><p>Orville Redenbacher's Original Gourmet Popping Corn Kernels, 8 lb.</p><p>$13.28 ($0.10 / Ounce)</p><a href="https://www.amazon.com/dp/B00819SSGK?tag=eloabder-20&linkCode=osi&th=1&psc=1">View Product</a></div><div class="product"><a href="https://www.amazon.com/dp/B0C8QMKF7K?tag=eloabder-20&linkCode=osi&th=1&psc=1"><img src="https://m.media-amazon.com/images/I/41Q1zRw163L._SL500_.jpg" alt="Product Image"></a><p>Extra Buttery Caramel Gourmet Popcorn | 6 Cups Total | Made From Scratch, Made in USA, & GMO-Free | Great as a Snack, Gift, Thank You, & Movie Night - (10.8oz Total)</p><p>$8.99 ($0.83 / Ounce)</p><a href="https://www.amazon.com/dp/B0C8QMKF7K?tag=eloabder-20&linkCode=osi&th=1&psc=1">View Product</a></div><div class="product"><a href="https://www.amazon.com/dp/B0CKLW62T5?tag=eloabder-20&linkCode=osi&th=1&psc=1"><img src="https://m.media-amazon.com/images/I/51UzqTDjfaL._SL500_.jpg" alt="Product Image"></a><p>Garrett Popcorn Garrett Mix, 6.0oz, 4 Bags, Cheese and Caramel Gourmet Popcorn, Gluten Free, Sweet and Salty Snack, Popped Popcorn Bags</p><p>$24.95 ($1.04 / Ounce)</p><a href="https://www.amazon.com/dp/B0CKLW62T5?tag=eloabder-20&linkCode=osi&th=1&psc=1">View Product</a></div><div class="product"><a href="https://www.amazon.com/dp/B07JN5467R?tag=eloabder-20&linkCode=osi&th=1&psc=1"><img src="https://m.media-amazon.com/images/I/51vsJLZ79WL._SL500_.jpg" alt="Product Image"></a><p>Urban Accents MOVIE NIGHT Popcorn Kernels and Popcorn Seasoning Variety Pack (set of 8) - 3 Non-GMO Popcorn Kernel Packs and 5 Gourmet Popcorn Snack Seasoning</p><p>$22.00 ($1.01 / Ounce)</p><a href="https://www.amazon.com/dp/B07JN5467R?tag=eloabder-20&linkCode=osi&th=1&psc=1">View Product</a></div><div class="product"><a href="https://www.amazon.com/dp/B0C9592XTW?tag=eloabder-20&linkCode=osi&th=1&psc=1"><img src="https://m.media-amazon.com/images/I/41DvOymNLML._SL500_.jpg" alt="Product Image"></a><p>Funky Chunky Gourmet Popcorn, Chocolatey Popcorn, Pretzel, and Nutty Mixes, Peanut Butter Cup Popcorn, 19-Ounce Large Bag (Pack of 1)</p><p>$15.00 ($0.79 / Ounce)</p><a href="https://www.amazon.com/dp/B0C9592XTW?tag=eloabder-20&linkCode=osi&th=1&psc=1">View Product</a></div><div class="product"><a href="https://www.amazon.com/dp/B0D3FH1GW4?tag=eloabder-20&linkCode=osi&th=1&psc=1"><img src="https://m.media-amazon.com/images/I/51hBtOn2I4L._SL500_.jpg" alt="Product Image"></a><p>Garrett Popcorn Garrett Mix, 1.9oz, 12 Bags, Cheese and Caramel Gourmet Popcorn, Gluten Free, Sweet and Salty Snack Bags, Popped Popcorn Bags, Multipack</p><p>$29.95 ($1.31 / Ounce)</p><a href="https://www.amazon.com/dp/B0D3FH1GW4?tag=eloabder-20&linkCode=osi&th=1&psc=1">View Product</a></div><div class="product"><a href="https://www.amazon.com/dp/B00Q0PWE7Q?tag=eloabder-20&linkCode=osi&th=1&psc=1"><img src="https://m.media-amazon.com/images/I/51jM1d0eF8L._SL500_.jpg" alt="Product Image"></a><p>Popcornopolis Gourmet Caramel Corn Popcorn, Popped Popcorn Snack Bags 9.5 Oz</p><p>$8.99 ($0.95 / Ounce)</p><a href="https://www.amazon.com/dp/B00Q0PWE7Q?tag=eloabder-20&linkCode=osi&th=1&psc=1">View Product</a></div><div class="product"><a href="https://www.amazon.com/dp/B00D2H6LOW?tag=eloabder-20&linkCode=osi&th=1&psc=1"><img src="https://m.media-amazon.com/images/I/41iePRgsY5L._SL500_.jpg" alt="Product Image"></a><p>Thatcher's Gourmet Specialties Fruit Medley, 8 Oz (Pack of 1)</p><p>$6.25 ($0.78 / Ounce)</p><a href="https://www.amazon.com/dp/B00D2H6LOW?tag=eloabder-20&linkCode=osi&th=1&psc=1">View Product</a></div>
<div class="product"><a href="https://www.amazon.com/dp/B07ZXN7LPC?tag=eloabder-20&linkCode=osi&th=1&psc=1"><img src="https://m.media-amazon.com/images/I/51YkD3V1JyL._SL500_.jpg" alt="Product Image"></a><p>Mantova Organic Italian Specialty Pasta, Caserecce (2 packs of 1 lb. each) - Artisan Pasta, Non-GMO, Vegan, Kosher Certified, and Imported From Italy, Premium Quality</p><p>$12.99 ($0.41 / Ounce)</p><a href="https://www.amazon.com/dp/B07ZXN7LPC?tag=eloabder-20&linkCode=osi&th=1&psc=1">View Product</a></div><div class="product"><a href="https://www.amazon.com/dp/B01F2Z8ZOU?tag=eloabder-20&linkCode=osi&th=1&psc=1"><img src="https://m.media-amazon.com/images/I/51MK8iWLCgL._SL500_.jpg" alt="Product Image"></a><p>Mantova Organic Italian Specialty Pasta, Lumaconi, 1 lb (Pack of 2)</p><p>$13.99 ($0.87 / Ounce)</p><a href="https://www.amazon.com/dp/B01F2Z8ZOU?tag=eloabder-20&linkCode=osi&th=1&psc=1">View Product</a></div><div class="product"><a href="https://www.amazon.com/dp/B004N5HA6A?tag=eloabder-20&linkCode=osi&th=1&psc=1"><img src="https://m.media-amazon.com/images/I/517oR0RhHgL._SL500_.jpg" alt="Product Image"></a><p>Morelli Gourmet Pasta Italian Gift Basket From Italy - Tricolor Pasta Linguine Set - Red Chili, Garlic & Basil, and Lemon Pasta - Tricolored Organic Pasta from Italy, Made in Italy (3x 8.8 Ounce)</p><p>$31.99 ($1.21 / Ounce)</p><a href="https://www.amazon.com/dp/B004N5HA6A?tag=eloabder-20&linkCode=osi&th=1&psc=1">View Product</a></div><div class="product"><a href="https://www.amazon.com/dp/B00I8R5HSW?tag=eloabder-20&linkCode=osi&th=1&psc=1"><img src="https://m.media-amazon.com/images/I/41miThBoNtL._SL500_.jpg" alt="Product Image"></a><p>Mafaldine Italian Pasta di Gragnano | I.G.P. Protected | USDA Certified Organic | 17.6 Ounce | 500 Gram</p><p>$12.95 ($0.73 / Ounce)</p><a href="https://www.amazon.com/dp/B00I8R5HSW?tag=eloabder-20&linkCode=osi&th=1&psc=1">View Product</a></div><div class="product"><a href="https://www.amazon.com/dp/B0B1469JM5?tag=eloabder-20&linkCode=osi&th=1&psc=1"><img src="https://m.media-amazon.com/images/I/51spzGwiJ9L._SL500_.jpg" alt="Product Image"></a><p>Morelli Busiate, Pici, and Bucatini Organic Pasta Variety Pack - Imported Italian Pasta Sampler - Specialty Assortment Includes Three-17.6 oz Packages of Gourmet Pasta from Italy</p><p>$39.99 ($0.76 / Ounce)</p><a href="https://www.amazon.com/dp/B0B1469JM5?tag=eloabder-20&linkCode=osi&th=1&psc=1">View Product</a></div><div class="product"><a href="https://www.amazon.com/dp/B083X2P94L?tag=eloabder-20&linkCode=osi&th=1&psc=1"><img src="https://m.media-amazon.com/images/I/51APpkv+ImL._SL500_.jpg" alt="Product Image"></a><p>Pasta Deliziosa! Handcrafted Pasta Variety Pack, All Flavors, 12 Ounce (Pack of 6)</p><p>$38.99 ($3.25 / Ounce)</p><a href="https://www.amazon.com/dp/B083X2P94L?tag=eloabder-20&linkCode=osi&th=1&psc=1">View Product</a></div><div class="product"><a href="https://www.amazon.com/dp/B0793LPXRN?tag=eloabder-20&linkCode=osi&th=1&psc=1"><img src="https://m.media-amazon.com/images/I/41zIY0jxDdL._SL500_.jpg" alt="Product Image"></a><p>La Molisana Pasta Anellini Siciliani, 16 oz</p><p>$6.95 ($0.43 / Ounce)</p><a href="https://www.amazon.com/dp/B0793LPXRN?tag=eloabder-20&linkCode=osi&th=1&psc=1">View Product</a></div><div class="product"><a href="https://www.amazon.com/dp/B006ODJEBS?tag=eloabder-20&linkCode=osi&th=1&psc=1"><img src="https://m.media-amazon.com/images/I/51x4T3SOw1L._SL500_.jpg" alt="Product Image"></a><p>La Molisana Pasta Fusilli Bucati Cort, 1 Pound (Pack of 1)</p><p>$7.99 ($0.05 / Ounce)</p><a href="https://www.amazon.com/dp/B006ODJEBS?tag=eloabder-20&linkCode=osi&th=1&psc=1">View Product</a></div><div class="product"><a href="https://www.amazon.com/dp/B0095F92HS?tag=eloabder-20&linkCode=osi&th=1&psc=1"><img src="https://m.media-amazon.com/images/I/51IXE-gW1gL._SL500_.jpg" alt="Product Image"></a><p>De Cecco Pasta, Egg Pappardelle, 8.8 Ounce</p><p>$2.50 ($0.28 / Ounce)</p><a href="https://www.amazon.com/dp/B0095F92HS?tag=eloabder-20&linkCode=osi&th=1&psc=1">View Product</a></div><div class="product"><a href="https://www.amazon.com/dp/B000LRH8AM?tag=eloabder-20&linkCode=osi&th=1&psc=1"><img src="https://m.media-amazon.com/images/I/517Gsx3xbQL._SL500_.jpg" alt="Product Image"></a><p>RiceSelect Tri-Color Orzo Rice-Shaped Pasta, Premium Spinach- and Tomato-Flavored Non-GMO Orzo Pasta, 32-Ounce Jar</p><p>$7.29 ($0.28 / Ounce)</p><a href="https://www.amazon.com/dp/B000LRH8AM?tag=eloabder-20&linkCode=osi&th=1&psc=1">View Product</a></div>
<div class="product"><a href="https://www.amazon.com/dp/B00LUK2TGC?tag=eloabder-20&linkCode=osi&th=1&psc=1"><img src="https://m.media-amazon.com/images/I/51-6ifc3VmL._SL500_.jpg" alt="Product Image"></a><p>The Gourmet Choice Gift Basket by Wine Country Gift Baskets</p><p>$83.35</p><a href="https://www.amazon.com/dp/B00LUK2TGC?tag=eloabder-20&linkCode=osi&th=1&psc=1">View Product</a></div><div class="product"><a href="https://www.amazon.com/dp/B009LHPJ1S?tag=eloabder-20&linkCode=osi&th=1&psc=1"><img src="https://m.media-amazon.com/images/I/51cf0AEkjgL._SL500_.jpg" alt="Product Image"></a><p>Wine Country Gift Baskets Gourmet Feast Perfect For Family, Friends, Co-Workers, Loved Ones and Clients</p><p>$59.95</p><a href="https://www.amazon.com/dp/B009LHPJ1S?tag=eloabder-20&linkCode=osi&th=1&psc=1">View Product</a></div><div class="product"><a href="https://www.amazon.com/dp/B004D9XYWU?tag=eloabder-20&linkCode=osi&th=1&psc=1"><img src="https://m.media-amazon.com/images/I/515H6eRSagL._SL500_.jpg" alt="Product Image"></a><p>A Gift Inside Chocolate, Caramel and Crunch Grand Gift Basket</p><p>$42.95</p><a href="https://www.amazon.com/dp/B004D9XYWU?tag=eloabder-20&linkCode=osi&th=1&psc=1">View Product</a></div><div class="product"><a href="https://www.amazon.com/dp/B00BY78O7Y?tag=eloabder-20&linkCode=osi&th=1&psc=1"><img src="https://m.media-amazon.com/images/I/51sFeewMqVL._SL500_.jpg" alt="Product Image"></a><p>The Bon Appetit Gourmet Gift Basket by Wine Country Gift Baskets Gift for Families College Students Appreciation Thank You Congratulations Get Well Soon Care Package</p><p>$49.95</p><a href="https://www.amazon.com/dp/B00BY78O7Y?tag=eloabder-20&linkCode=osi&th=1&psc=1">View Product</a></div><div class="product"><a href="https://www.amazon.com/dp/B07CHSN691?tag=eloabder-20&linkCode=osi&th=1&psc=1"><img src="https://m.media-amazon.com/images/I/51-Qvkf4yFL._SL500_.jpg" alt="Product Image"></a><p>Dried Fruit Gift Basket– Healthy Gourmet Snack Box - Holiday Food Tray - Variety Snacks - Birthday, Sympathy, Mom, Dad, Corporate Tray - Bonnie & Pop</p><p>$37.99</p><a href="https://www.amazon.com/dp/B07CHSN691?tag=eloabder-20&linkCode=osi&th=1&psc=1">View Product</a></div><div class="product"><a href="https://www.amazon.com/dp/B00FBGKCHE?tag=eloabder-20&linkCode=osi&th=1&psc=1"><img src="https://m.media-amazon.com/images/I/51anmoX7EkL._SL500_.jpg" alt="Product Image"></a><p>Broadway Basketeers Chocolate Gift Basket Snack Gifts for Women, Men, Families, College, Appreciation, Thank You, Birthday, Corporate, Get Well Soon, Sympathy Care Package</p><p>$48.70 ($48.70 / Count)</p><a href="https://www.amazon.com/dp/B00FBGKCHE?tag=eloabder-20&linkCode=osi&th=1&psc=1">View Product</a></div><div class="product"><a href="https://www.amazon.com/dp/B00BY78O60?tag=eloabder-20&linkCode=osi&th=1&psc=1"><img src="https://m.media-amazon.com/images/I/51vKfvc7JTL._SL500_.jpg" alt="Product Image"></a><p>Wine Country Gift Baskets The Connoisseur Gourmet Gift Basket Food Gift Basket for Families College Students Appreciation Thank You Congratulations Get Well Soon Care Package</p><p>$56.36</p><a href="https://www.amazon.com/dp/B00BY78O60?tag=eloabder-20&linkCode=osi&th=1&psc=1">View Product</a></div><div class="product"><a href="https://www.amazon.com/dp/B07FT598PM?tag=eloabder-20&linkCode=osi&th=1&psc=1"><img src="https://m.media-amazon.com/images/I/51OJVHYoRsL._SL500_.jpg" alt="Product Image"></a><p>Wine Country Gift Baskets Gourmet Deluxe Gift Basket</p><p>$99.95</p><a href="https://www.amazon.com/dp/B07FT598PM?tag=eloabder-20&linkCode=osi&th=1&psc=1">View Product</a></div>
<div class="product"><a href="https://www.amazon.com/dp/B0B5ZTZL6G?tag=eloabder-20&linkCode=osi&th=1&psc=1"><img src="https://m.media-amazon.com/images/I/51rZYLnRlVL._SL500_.jpg" alt="Product Image"></a><p>Reinmoson Tea Strainers for Loose Tea, Extra Fine Mesh Tea Infuser, 304 Stainless Steel & Updated Slim Threaded Lid, Loose Leaf Tea Steeper for Black Tea, Rooibos, etc</p><p>$9.99</p><a href="https://www.amazon.com/dp/B0B5ZTZL6G?tag=eloabder-20&linkCode=osi&th=1&psc=1">View Product</a></div><div class="product"><a href="https://www.amazon.com/dp/B00SBTK5KW?tag=eloabder-20&linkCode=osi&th=1&psc=1"><img src="https://m.media-amazon.com/images/I/414cqIbd9eL._SL500_.jpg" alt="Product Image"></a><p>Tea Forte Single Steeps Loose Leaf Lotus Tea Sampler, Assorted Variety Tea Box, Serve Pouches,15 Count (Pack of 1)</p><p>$18.00 ($9.33 / Ounce)</p><a href="https://www.amazon.com/dp/B00SBTK5KW?tag=eloabder-20&linkCode=osi&th=1&psc=1">View Product</a></div><div class="product"><a href="https://www.amazon.com/dp/B08VMR4MXN?tag=eloabder-20&linkCode=osi&th=1&psc=1"><img src="https://m.media-amazon.com/images/I/51qQv4-VV3L._SL500_.jpg" alt="Product Image"></a><p>Twinings Tea Sampler Set 12 Flavors Assortment 48 Assorted Tea Bags with 20 Honey Sticks for Tea, Straws and Naturally Caffeine Free Herbal Tea Set…</p><p>$22.96 ($22.96 / Count)</p><a href="https://www.amazon.com/dp/B08VMR4MXN?tag=eloabder-20&linkCode=osi&th=1&psc=1">View Product</a></div><div class="product"><a href="https://www.amazon.com/dp/B074T2FWJY?tag=eloabder-20&linkCode=osi&th=1&psc=1"><img src="https://m.media-amazon.com/images/I/41n1uoomGAL._SL500_.jpg" alt="Product Image"></a><p>10Pcs Heart Tea Infuser for Loose Leaf Tea Steeper - Tea Diffusers for Loose Tea Leaf Steeper Tea Strainers for Loose Tea Infuser Spoon - Tea Steeper for Loose Tea Strainer Heart Shaped Tea Infuser</p><p>$9.98 ($1.00 / Count)</p><a href="https://www.amazon.com/dp/B074T2FWJY?tag=eloabder-20&linkCode=osi&th=1&psc=1">View Product</a></div><div class="product"><a href="https://www.amazon.com/dp/B074L4MZRY?tag=eloabder-20&linkCode=osi&th=1&psc=1"><img src="https://m.media-amazon.com/images/I/418v4F8ZhkL._SL500_.jpg" alt="Product Image"></a><p>VAHDAM Perfect Measure Loose Leaf Tea Spoon | Premium Quality Stainless Steel Tea Scoop | Perfect Measuring Teaspoons To Brew 1 Cup Of Loose Leaf Tea & Matcha</p><p>$7.99</p><a href="https://www.amazon.com/dp/B074L4MZRY?tag=eloabder-20&linkCode=osi&th=1&psc=1">View Product</a></div><div class="product"><a href="https://www.amazon.com/dp/B09FF6P7BL?tag=eloabder-20&linkCode=osi&th=1&psc=1"><img src="https://m.media-amazon.com/images/I/41oGPC0w7ML._SL500_.jpg" alt="Product Image"></a><p>Cute Tea Infuser by OTOTO - Loose Leaf Tea Steeper, Tea Accessories, Tea Diffusers, Tea Infuser for Loose Leaf Tea, Tea Strainers, Cute Gifts, Tea Gift Set, Kitchen Gifts, Cooking Gadgets</p><p>$14.95</p><a href="https://www.amazon.com/dp/B09FF6P7BL?tag=eloabder-20&linkCode=osi&th=1&psc=1">View Product</a></div><div class="product"><a href="https://www.amazon.com/dp/B072XP4FQK?tag=eloabder-20&linkCode=osi&th=1&psc=1"><img src="https://m.media-amazon.com/images/I/31Lfv+7oU6L._SL500_.jpg" alt="Product Image"></a><p>Tea Infuser (Set of 2 Pyramid & Square) with Tea Scoop | Ultra Fine Tea Strainer for Loose Leaf Tea | Stainless Steel Tea Steeper for a Superior Brewing Experience</p><p>$9.99</p><a href="https://www.amazon.com/dp/B072XP4FQK?tag=eloabder-20&linkCode=osi&th=1&psc=1">View Product</a></div><div class="product"><a href="https://www.amazon.com/dp/B0D2SCT4C4?tag=eloabder-20&linkCode=osi&th=1&psc=1"><img src="https://m.media-amazon.com/images/I/51vJnfc4-JL._SL500_.jpg" alt="Product Image"></a><p>Organic Tea Gift Set with Portable Kettle - 36 Piece Tea Gifts for Tea Lovers - Includes Insulated Mug, Assorted Organic Teas, Honey Sticks & Tea Accessories - Ultimate Brewing Experience</p><p>$56.90</p><a href="https://www.amazon.com/dp/B0D2SCT4C4?tag=eloabder-20&linkCode=osi&th=1&psc=1">View Product</a></div>
<div class="product"><a href="https://www.amazon.com/dp/B01NAV05XS?tag=eloabder-20&linkCode=osi&th=1&psc=1"><img src="https://m.media-amazon.com/images/I/51xpd-egLaL._SL500_.jpg" alt="Product Image"></a><p>Torani Variety Pack Caramel, French Vanilla, Vanilla & Hazelnut, 25.4 Ounces (Pack of 4)</p><p>$35.99 ($0.35 / Fl Oz)</p><a href="https://www.amazon.com/dp/B01NAV05XS?tag=eloabder-20&linkCode=osi&th=1&psc=1">View Product</a></div><div class="product"><a href="https://www.amazon.com/dp/B084NVN1J6?tag=eloabder-20&linkCode=osi&th=1&psc=1"><img src="https://m.media-amazon.com/images/I/51Vz7p8hhyL._SL500_.jpg" alt="Product Image"></a><p>Bones Coffee Company Cookies 'N Dreams Coffee Beans, Cookies & Cream Flavor, Low Acid Flavored Coffee, Made with Arabica Coffee Beans, Medium Roast Gourmet Coffee (12 oz)</p><p>$17.99 ($1.50 / Ounce)</p><a href="https://www.amazon.com/dp/B084NVN1J6?tag=eloabder-20&linkCode=osi&th=1&psc=1">View Product</a></div><div class="product"><a href="https://www.amazon.com/dp/B0C2DHCBD6?tag=eloabder-20&linkCode=osi&th=1&psc=1"><img src="https://m.media-amazon.com/images/I/51wa33jmF7L._SL500_.jpg" alt="Product Image"></a><p>Torani Puremade Sauce Variety Pack, 4 Flavors, 16.5 Ounces Bottle (Set of 4)</p><p>$25.99 ($0.39 / Ounce)</p><a href="https://www.amazon.com/dp/B0C2DHCBD6?tag=eloabder-20&linkCode=osi&th=1&psc=1">View Product</a></div><div class="product"><a href="https://www.amazon.com/dp/B000S75D66?tag=eloabder-20&linkCode=osi&th=1&psc=1"><img src="https://m.media-amazon.com/images/I/41AZMaoxbWL._SL500_.jpg" alt="Product Image"></a><p>illy Ground Coffee Moka - 100% Arabica Flavored Coffee Ground - Rich Aromatic Coffee Grounds Profile – Classico Medium Roast - Notes of Caramel, Orange Blossom & Jasmine - No Preservatives – 8.8 Ounce</p><p>$13.85 ($1.57 / Ounce)</p><a href="https://www.amazon.com/dp/B000S75D66?tag=eloabder-20&linkCode=osi&th=1&psc=1">View Product</a></div><div class="product"><a href="https://www.amazon.com/dp/B0BBY6V5T3?tag=eloabder-20&linkCode=osi&th=1&psc=1"><img src="https://m.media-amazon.com/images/I/515wvEFTD7L._SL500_.jpg" alt="Product Image"></a><p>Bones Coffee Company NEW World Tour Sample Pack | Ground Coffee Beans Sampler Gift Box Set | 4 oz Pack of 5 Assorted Single-Origin Gourmet Coffee Gifts | Medium Roast Coffee Beverages (Ground)</p><p>$34.99 ($1.75 / Ounce)</p><a href="https://www.amazon.com/dp/B0BBY6V5T3?tag=eloabder-20&linkCode=osi&th=1&psc=1">View Product</a></div>

<div class="product"><a href="https://www.amazon.com/dp/B01E4C982U?tag=eloabder-20&linkCode=osi&th=1&psc=1"><img src="https://m.media-amazon.com/images/I/51nAunBrSiL._SL500_.jpg" alt="Product Image"></a><p>Green Tea leaves Sencha, JAS Certified Organic, Japanese Tea, Uji-Kyoto, 80g Bag 【YAMASAN】</p><p>$14.70 ($5.25 / Ounce)</p><a href="https://www.amazon.com/dp/B01E4C982U?tag=eloabder-20&linkCode=osi&th=1&psc=1">View Product</a></div><div class="product"><a href="https://www.amazon.com/dp/B000SARJF6?tag=eloabder-20&linkCode=osi&th=1&psc=1"><img src="https://m.media-amazon.com/images/I/51hE2hmSzuL._SL500_.jpg" alt="Product Image"></a><p>Davidson's Tea Bulk, English Breakfast, 16 Ounce</p><p>$15.99 ($1.00 / Ounce)</p><a href="https://www.amazon.com/dp/B000SARJF6?tag=eloabder-20&linkCode=osi&th=1&psc=1">View Product</a></div><div class="product"><a href="https://www.amazon.com/dp/B008FOLQRE?tag=eloabder-20&linkCode=osi&th=1&psc=1"><img src="https://m.media-amazon.com/images/I/51F0rcvhhvL._SL500_.jpg" alt="Product Image"></a><p>Traditional Medicinals Organic Raspberry Leaf Herbal Tea, Eases Menstrual Cramps & Supports Healthy Pregnancy, (Pack of 1) - 16 Tea Bags</p><p>$4.92 ($5.79 / Ounce)</p><a href="https://www.amazon.com/dp/B008FOLQRE?tag=eloabder-20&linkCode=osi&th=1&psc=1">View Product</a></div><div class="product"><a href="https://www.amazon.com/dp/B00136MKEO?tag=eloabder-20&linkCode=osi&th=1&psc=1"><img src="https://m.media-amazon.com/images/I/41Ll68Q3iLL._SL500_.jpg" alt="Product Image"></a><p>Ahmad Tea Earl Grey Aromatic Loose Tea, Ceylon Caddy, 17.6 Oz</p><p>$14.87 ($0.84 / Ounce)</p><a href="https://www.amazon.com/dp/B00136MKEO?tag=eloabder-20&linkCode=osi&th=1&psc=1">View Product</a></div><div class="product"><a href="https://www.amazon.com/dp/B087G3NQGN?tag=eloabder-20&linkCode=osi&th=1&psc=1"><img src="https://m.media-amazon.com/images/I/51wev+SayvL._SL500_.jpg" alt="Product Image"></a><p>TIAN HU SHAN Premium Green Tea Loose Leaf 16 Ounce (454g)</p><p>$14.98 ($0.94 / Ounce)</p><a href="https://www.amazon.com/dp/B087G3NQGN?tag=eloabder-20&linkCode=osi&th=1&psc=1">View Product</a></div><div class="product"><a href="https://www.amazon.com/dp/B007Y94GN2?tag=eloabder-20&linkCode=osi&th=1&psc=1"><img src="https://m.media-amazon.com/images/I/51hqdPaNJYL._SL500_.jpg" alt="Product Image"></a><p>The Tao of Tea, Hibiscus Ginger Tea, Loose Leaf, 3.0 Ounce Tin to make 50 cups</p><p>$10.90 ($3.63 / Ounce)</p><a href="https://www.amazon.com/dp/B007Y94GN2?tag=eloabder-20&linkCode=osi&th=1&psc=1">View Product</a></div><div class="product"><a href="https://www.amazon.com/dp/B0D3WN5RG3?tag=eloabder-20&linkCode=osi&th=1&psc=1"><img src="https://m.media-amazon.com/images/I/5109jIe8NoL._SL500_.jpg" alt="Product Image"></a><p>Mevlana Ceylon Tea, Loose Leaf, 1 Lbs - Best Ceylon Black Tea Leaves from Sri Lanka - Loose Leaf Black Tea</p><p>$14.99 ($0.94 / Ounce)</p><a href="https://www.amazon.com/dp/B0D3WN5RG3?tag=eloabder-20&linkCode=osi&th=1&psc=1">View Product</a></div><div class="product"><a href="https://www.amazon.com/dp/B087G345SM?tag=eloabder-20&linkCode=osi&th=1&psc=1"><img src="https://m.media-amazon.com/images/I/51gQfgKqklL._SL500_.jpg" alt="Product Image"></a><p>TIAN HU SHAN Premium Oolong Tea Loose Leaf 14 Ounce (400g)</p><p>$14.99 ($1.07 / Ounce)</p><a href="https://www.amazon.com/dp/B087G345SM?tag=eloabder-20&linkCode=osi&th=1&psc=1">View Product</a></div>
<div class="product"><a href="https://www.amazon.com/dp/B08XWVFTKS?tag=eloabder-20&linkCode=osi&th=1&psc=1"><img src="https://m.media-amazon.com/images/I/41hJk3cTdnL._SL500_.jpg" alt="Product Image"></a><p>Lindt Gourmet Chocolate Truffles Gift Box, Assorted Chocolate Truffles, Great for gift giving, 14.7 Ounces</p><p>$24.99 ($1.70 / Ounce)</p><a href="https://www.amazon.com/dp/B08XWVFTKS?tag=eloabder-20&linkCode=osi&th=1&psc=1">View Product</a></div>
<div class="product"><a href="https://www.amazon.com/dp/B0CJ3XYPV3?tag=eloabder-20&linkCode=osi&th=1&psc=1"><img src="https://m.media-amazon.com/images/I/519ufxoFyDL._SL500_.jpg" alt="Product Image"></a><p>Blue House VARIETY Handcrafted Gourmet Caramel Candies Gift Box, Maple, Raspberry, Coffee, and Sea Salt</p><p>$26.98 ($1.35 / Count)</p><a href="https://www.amazon.com/dp/B0CJ3XYPV3?tag=eloabder-20&linkCode=osi&th=1&psc=1">View Product</a></div><div class="product"><a href="https://www.amazon.com/dp/B06VW4Z7B1?tag=eloabder-20&linkCode=osi&th=1&psc=1"><img src="https://m.media-amazon.com/images/I/516NdD4b5nL._SL500_.jpg" alt="Product Image"></a><p>BALI'S BEST Coffee Candy - Original Flavor | 1lb Jar | Rich, Smooth Taste | Indulge in Gourmet Coffee Delight - For Coffee Lovers, Delicious Treat for Any Occasion</p><p>$9.87 ($0.62 / Ounce)</p><a href="https://www.amazon.com/dp/B06VW4Z7B1?tag=eloabder-20&linkCode=osi&th=1&psc=1">View Product</a></div><div class="product"><a href="https://www.amazon.com/dp/B086N119VC?tag=eloabder-20&linkCode=osi&th=1&psc=1"><img src="https://m.media-amazon.com/images/I/41xKAcovvCS._SL500_.jpg" alt="Product Image"></a><p>Cerez Pazari Turkish Delight Candy with Assorted Mix Flavours 16 oz Gourmet Medium Size Snacks Gift Box | No Nuts Sweet Luxury Traditional Confectionery Vegan Lokum Loukoumi Approx.42 Pcs</p><p>$13.49 ($0.96 / Ounce)</p><a href="https://www.amazon.com/dp/B086N119VC?tag=eloabder-20&linkCode=osi&th=1&psc=1">View Product</a></div>
<div class="product"><a href="https://www.amazon.com/dp/B07CJLPR4P?tag=eloabder-20&linkCode=osi&th=1&psc=1"><img src="https://m.media-amazon.com/images/I/41vviwnqT4L._SL500_.jpg" alt="Product Image"></a><p>Funky Chunky Gourmet Popcorn Sampler Variety Pack with all 5 flavors: Sea Salt Caramel, Nutty Choco Pop, Peanut Butter Cup, Chip Zel Pop, and Chocolate Pretzel, 2 oz (5 Bags)</p><p>$20.00 ($2.00 / Ounce)</p><a href="https://www.amazon.com/dp/B07CJLPR4P?tag=eloabder-20&linkCode=osi&th=1&psc=1">View Product</a></div><div class="product"><a href="https://www.amazon.com/dp/B0CB1Q5YQ1?tag=eloabder-20&linkCode=osi&th=1&psc=1"><img src="https://m.media-amazon.com/images/I/61Xzv3ZgRIL._SL500_.jpg" alt="Product Image"></a><p>Italian Cracker Assortment - Pack of 30 - Snack Size Cracker Packs - Great Mother's Day Gift - Gourmet Artisan Cracker Variety Pack - Rosemary, Olive, Sesame, Poppy & Sesame, Pizza Flavors - Gourmet Crackers for Charcuterie Party - Cracker Gift Box - Kosher, Preservative Free</p><p>$29.99 ($34.01 / Ounce)</p><a href="https://www.amazon.com/dp/B0CB1Q5YQ1?tag=eloabder-20&linkCode=osi&th=1&psc=1">View Product</a></div><div class="product"><a href="https://www.amazon.com/dp/B0BLMMSPLW?tag=eloabder-20&linkCode=osi&th=1&psc=1"><img src="https://m.media-amazon.com/images/I/61jdT7ZVojL._SL500_.jpg" alt="Product Image"></a><p>International Snack Box, 30 Pcs Premium Foreign Rare Snack Food Gifts with Suprise Item,European Snacks for Adults and Kids for Easter Day</p><p>$39.95 ($0.62 / Ounce)</p><a href="https://www.amazon.com/dp/B0BLMMSPLW?tag=eloabder-20&linkCode=osi&th=1&psc=1">View Product</a></div><div class="product"><a href="https://www.amazon.com/dp/B07Z9SBTTC?tag=eloabder-20&linkCode=osi&th=1&psc=1"><img src="https://m.media-amazon.com/images/I/51P13LVLpjL._SL500_.jpg" alt="Product Image"></a><p>Sahale Snacks Glazed Mix Nut Blend Variety Pack, 1.5 Oz Grab & Go Bags (12 Total Packs) - Four Different Dry-Roasted Deluxe Mixed Nuts Blends Included - Non-GMO Kosher & Certified Gluten-Free Snacks</p><p>$42.20 ($2.34 / Ounce)</p><a href="https://www.amazon.com/dp/B07Z9SBTTC?tag=eloabder-20&linkCode=osi&th=1&psc=1">View Product</a></div><div class="product"><a href="https://www.amazon.com/dp/B00LAQ4Z1I?tag=eloabder-20&linkCode=osi&th=1&psc=1"><img src="https://m.media-amazon.com/images/I/41PkJ7khWFL._SL500_.jpg" alt="Product Image"></a><p>Sheila G's Brownie Brittle – Chocolate Chip & Salted Caramel Thin and Crispy Sweet Snacks (Pack of 20, 1 oz), Rich Gourmet Brownie Bites Dessert</p><p>$29.70 ($1.48 / Ounce)</p><a href="https://www.amazon.com/dp/B00LAQ4Z1I?tag=eloabder-20&linkCode=osi&th=1&psc=1">View Product</a></div><div class="product"><a href="https://www.amazon.com/dp/B09GW1NT5C?tag=eloabder-20&linkCode=osi&th=1&psc=1"><img src="https://m.media-amazon.com/images/I/613yB5WvmhL._SL500_.jpg" alt="Product Image"></a><p>CRAVEBOX Gourmet Specialty Snacks Box Care Package Boxes for College Students Adults Healthy Cookies Bar Organic Variety Gift Pack Assortment Basket Mix Sampler Treat Final Exam Office Men Women Halloween Back to School</p><p>$36.95 ($36.95 / Count)</p><a href="https://www.amazon.com/dp/B09GW1NT5C?tag=eloabder-20&linkCode=osi&th=1&psc=1">View Product</a></div>
<div class="product"><a href="https://www.amazon.com/dp/B00MPQ5ZOS?tag=eloabder-20&linkCode=osi&th=1&psc=1"><img src="https://m.media-amazon.com/images/I/51rC2bMIM5L._SL500_.jpg" alt="Product Image"></a><p>BetterBody Foods Organic Chia Seeds 2 lbs, 32 Oz, with Omega-3, Non-GMO, Gluten Free, Keto Diet Friendly, Vegan, Good Source of Fiber</p><p>$14.26 ($0.45 / Ounce)</p><a href="https://www.amazon.com/dp/B00MPQ5ZOS?tag=eloabder-20&linkCode=osi&th=1&psc=1">View Product</a></div><div class="product"><a href="https://www.amazon.com/dp/B000R7V3DE?tag=eloabder-20&linkCode=osi&th=1&psc=1"><img src="https://m.media-amazon.com/images/I/51YhGUGB+2L._SL500_.jpg" alt="Product Image"></a><p>Pacific Foods Organic Free Range Chicken Broth, 8 oz Carton (Pack of 4)</p><p>$3.39 ($0.11 / Fl Oz)</p><a href="https://www.amazon.com/dp/B000R7V3DE?tag=eloabder-20&linkCode=osi&th=1&psc=1">View Product</a></div><div class="product"><a href="https://www.amazon.com/dp/B073ZNGZ7F?tag=eloabder-20&linkCode=osi&th=1&psc=1"><img src="https://m.media-amazon.com/images/I/51PZf9bpVIL._SL500_.jpg" alt="Product Image"></a><p>BetterBody Foods Organic Quinoa, Vegan, Complete Plant Protein, Gluten Free, Low Glycemic Rice Replacement, 24 ounce</p><p>$15.63 ($0.65 / Fl Oz)</p><a href="https://www.amazon.com/dp/B073ZNGZ7F?tag=eloabder-20&linkCode=osi&th=1&psc=1">View Product</a></div><div class="product"><a href="https://www.amazon.com/dp/B01N3365YI?tag=eloabder-20&linkCode=osi&th=1&psc=1"><img src="https://m.media-amazon.com/images/I/41N0Mk2m0pL._SL500_.jpg" alt="Product Image"></a><p>NOW Foods, Organic Pumpkin Seeds, Raw and Unsalted, Excellent Source of Protein and Iron, Certified Non-GMO, Keto-Friendly Snack, 12-Ounce (Packaging May Vary)</p><p>$6.99 ($0.58 / Ounce)</p><a href="https://www.amazon.com/dp/B01N3365YI?tag=eloabder-20&linkCode=osi&th=1&psc=1">View Product</a></div><div class="product"><a href="https://www.amazon.com/dp/B0CMW5KTLL?tag=eloabder-20&linkCode=osi&th=1&psc=1"><img src="https://m.media-amazon.com/images/I/51skmBt-7dL._SL500_.jpg" alt="Product Image"></a><p>Kate’s Real Food Organic Granola Bars - Snack & Share Variety Pack (2.2 oz, Pack of 12) - Organic Energy Bars Made with Gluten Free Oats - Non GMO, Soy Free, Whole Grains, and All Natural</p><p>$33.88 ($1.28 / Ounce)</p><a href="https://www.amazon.com/dp/B0CMW5KTLL?tag=eloabder-20&linkCode=osi&th=1&psc=1">View Product</a></div><div class="product"><a href="https://www.amazon.com/dp/B008RLUXI8?tag=eloabder-20&linkCode=osi&th=1&psc=1"><img src="https://m.media-amazon.com/images/I/51cnqntGe8L._SL500_.jpg" alt="Product Image"></a><p>Annie's Organic Variety Pack, Cheddar Bunnies, Bunny Grahams and Cheddar Squares, 12 Pouches, 11 oz</p><p>$8.49 ($0.77 / Ounce)</p><a href="https://www.amazon.com/dp/B008RLUXI8?tag=eloabder-20&linkCode=osi&th=1&psc=1">View Product</a></div><div class="product"><a href="https://www.amazon.com/dp/B01IPZUZW4?tag=eloabder-20&linkCode=osi&th=1&psc=1"><img src="https://m.media-amazon.com/images/I/51F2XkB6b5L._SL500_.jpg" alt="Product Image"></a><p>BetterBody Foods Organic Cacao Powder, Rich Chocolate Flavor, Non-GMO, Gluten-Free, Cocoa, 16 ounce, 1 lb bag</p><p>$12.27 ($0.77 / Ounce)</p><a href="https://www.amazon.com/dp/B01IPZUZW4?tag=eloabder-20&linkCode=osi&th=1&psc=1">View Product</a></div><div class="product"><a href="https://www.amazon.com/dp/B016BC50VY?tag=eloabder-20&linkCode=osi&th=1&psc=1"><img src="https://m.media-amazon.com/images/I/51yOgUaWJ1L._SL500_.jpg" alt="Product Image"></a><p>Good Sense Roasted & Salted Organic Pumpkin Seeds (Pepitas), Non-GMO & All Natural, 6 Ounce Resealable Bag</p><p>$3.99 ($0.66 / Ounce)</p><a href="https://www.amazon.com/dp/B016BC50VY?tag=eloabder-20&linkCode=osi&th=1&psc=1">View Product</a></div><div class="product"><a href="https://www.amazon.com/dp/B0B5V77FSZ?tag=eloabder-20&linkCode=osi&th=1&psc=1"><img src="https://m.media-amazon.com/images/I/41qVxhNyX6L._SL500_.jpg" alt="Product Image"></a><p>Pacific Foods Organic Chicken and Wild Rice Soup, 16.3 oz Can</p><p>$2.87 ($0.18 / Ounce)</p><a href="https://www.amazon.com/dp/B0B5V77FSZ?tag=eloabder-20&linkCode=osi&th=1&psc=1">View Product</a></div>
<div class="product"><a href="https://www.amazon.com/dp/B00CBX8F3I?tag=eloabder-20&linkCode=osi&th=1&psc=1"><img src="https://m.media-amazon.com/images/I/51YgGi3uXNL._SL500_.jpg" alt="Product Image"></a><p>Glutino Gluten Free Table Crackers, Premium Squares, Original, 7 oz</p><p>$3.13 ($0.45 / Ounce)</p><a href="https://www.amazon.com/dp/B00CBX8F3I?tag=eloabder-20&linkCode=osi&th=1&psc=1">View Product</a></div><div class="product"><a href="https://www.amazon.com/dp/B0C64N6ZTC?tag=eloabder-20&linkCode=osi&th=1&psc=1"><img src="https://m.media-amazon.com/images/I/41jSEFaAtWL._SL500_.jpg" alt="Product Image"></a><p>Katz Gluten Free Toaster Pastries. Strawberry. Easy Breakfast Food Or Anytime Healthy Snacks For Adults & Kids. Gluten Free Snacks. Dairy Free, Nut Free, Peanut Free, Soy Free. Snacks For Adults Kosher Snacks. 8 OZ (Pack Of 2</p><p>$12.97 ($0.81 / Ounce)</p><a href="https://www.amazon.com/dp/B0C64N6ZTC?tag=eloabder-20&linkCode=osi&th=1&psc=1">View Product</a></div><div class="product"><a href="https://www.amazon.com/dp/B006OIWD7U?tag=eloabder-20&linkCode=osi&th=1&psc=1"><img src="https://m.media-amazon.com/images/I/51fcMhMMuFL._SL500_.jpg" alt="Product Image"></a><p>Kinnikinnick Gluten Free Angel Food Cake Mix, 16 Ounce</p><p>$9.00 ($0.56 / Ounce)</p><a href="https://www.amazon.com/dp/B006OIWD7U?tag=eloabder-20&linkCode=osi&th=1&psc=1">View Product</a></div><div class="product"><a href="https://www.amazon.com/dp/B00HKIBKQS?tag=eloabder-20&linkCode=osi&th=1&psc=1"><img src="https://m.media-amazon.com/images/I/41vcEf0YqVL._SL500_.jpg" alt="Product Image"></a><p>Lotus Foods Bulk Food Organic Millet & Brown Rice Ramen Noodles with Red Miso Soup, Gluten-Free Easy to Cook & Healthy Japanese Noodles with Instant Gourmet Broth, 2.8 Oz (Pack of 10)</p><p>$23.90 ($0.85 / Ounce)</p><a href="https://www.amazon.com/dp/B00HKIBKQS?tag=eloabder-20&linkCode=osi&th=1&psc=1">View Product</a></div><div class="product"><a href="https://www.amazon.com/dp/B09P8VQ62R?tag=eloabder-20&linkCode=osi&th=1&psc=1"><img src="https://m.media-amazon.com/images/I/517vF20bKYL._SL500_.jpg" alt="Product Image"></a><p>Gluten Free Sugar Free Butter Cookies 36 Count Traditional Danish Cookies, Premium Assorted Shortbread cookies for Diabetics (1 Pk, 11 Ounce)</p><p>$13.99 ($1.27 / Ounce)</p><a href="https://www.amazon.com/dp/B09P8VQ62R?tag=eloabder-20&linkCode=osi&th=1&psc=1">View Product</a></div><div class="product"><a href="https://www.amazon.com/dp/B07QFY8KVJ?tag=eloabder-20&linkCode=osi&th=1&psc=1"><img src="https://m.media-amazon.com/images/I/41A8K3x-WKL._SL500_.jpg" alt="Product Image"></a><p>Double Yolk Gluten Free Medium Egg Noodles,10 Ounce Bag (Pack of 2)</p><p>$20.00 ($1.00 / Ounce)</p><a href="https://www.amazon.com/dp/B07QFY8KVJ?tag=eloabder-20&linkCode=osi&th=1&psc=1">View Product</a></div><div class="product"><a href="https://www.amazon.com/dp/B017QPT0P2?tag=eloabder-20&linkCode=osi&th=1&psc=1"><img src="https://m.media-amazon.com/images/I/41bJSGh8ocS._SL500_.jpg" alt="Product Image"></a><p>Mom's Gluten Free Angel Food Cake Mix,1-Pack, Easy to Make, 12 Servings, Non GMO Delicious and Healthy Gluten Free Desserts</p><p>$9.99 ($0.55 / Ounce)</p><a href="https://www.amazon.com/dp/B017QPT0P2?tag=eloabder-20&linkCode=osi&th=1&psc=1">View Product</a></div>
<div class="product"><a href="https://www.amazon.com/dp/B08QG24L5V?tag=eloabder-20&linkCode=osi&th=1&psc=1"><img src="https://m.media-amazon.com/images/I/61+-HZ1es-L._SL500_.jpg" alt="Product Image"></a><p>Hellmann's Vegan Dressing and Spread Vegan 3 Ct for a Rich, Creamy Plant-Based Alternative to Mayo Same Great Taste, Plant Based, Free From Eggs 11.5 oz</p><p>$13.47 ($0.39 / Fl Oz)</p><a href="https://www.amazon.com/dp/B08QG24L5V?tag=eloabder-20&linkCode=osi&th=1&psc=1">View Product</a></div><div class="product"><a href="https://www.amazon.com/dp/B07PQ9D3WP?tag=eloabder-20&linkCode=osi&th=1&psc=1"><img src="https://m.media-amazon.com/images/I/519WO4YN0lL._SL500_.jpg" alt="Product Image"></a><p>Kapka Assorted Variety Indian Meals - 5 Pack - Ready to Eat Authentic Vegan Prepared Food - Just Add Water - Microwaveable Plant-Based Snacks for Breakfast, Lunch, Non-GMO, No Additives - 3.5oz Each</p><p>$22.99 ($1.31 / Ounce)</p><a href="https://www.amazon.com/dp/B07PQ9D3WP?tag=eloabder-20&linkCode=osi&th=1&psc=1">View Product</a></div><div class="product"><a href="https://www.amazon.com/dp/B093TNJY8D?tag=eloabder-20&linkCode=osi&th=1&psc=1"><img src="https://m.media-amazon.com/images/I/51imOXudzIL._SL500_.jpg" alt="Product Image"></a><p>TASTY BITE Mexican Protein Bowl, 8.8 Ounce, Pack of 6, Ready to Eat, Microwaveable, Vegan, 12g Plant Protein, Tangy Citrus</p><p>$21.96 ($0.42 / Ounce)</p><a href="https://www.amazon.com/dp/B093TNJY8D?tag=eloabder-20&linkCode=osi&th=1&psc=1">View Product</a></div><div class="product"><a href="https://www.amazon.com/dp/B0B23VJWWN?tag=eloabder-20&linkCode=osi&th=1&psc=1"><img src="https://m.media-amazon.com/images/I/519YN5vy+eL._SL500_.jpg" alt="Product Image"></a><p>Casa Verde | Variety flavours, 100% Natural food, Pack of 4, Real taste | 100% vegan & Non-GMO, Plant based, No preservatives</p><p>$26.99 ($0.77 / Ounce)</p><a href="https://www.amazon.com/dp/B0B23VJWWN?tag=eloabder-20&linkCode=osi&th=1&psc=1">View Product</a></div><div class="product"><a href="https://www.amazon.com/dp/B071JLJ9Q8?tag=eloabder-20&linkCode=osi&th=1&psc=1"><img src="https://m.media-amazon.com/images/I/51iqkJ5JbAL._SL500_.jpg" alt="Product Image"></a><p>Vegan Snacks Gift Basket for Adults Healthy Food Treats Variety Pack with Cookies, Protein Bars, Candy, Crispy Chips, Vegan Jerky, Fruit and Nut Blends - Ideal Vegan Snack Box Gift for Women & Men</p><p>$42.99 ($2.15 / Count)</p><a href="https://www.amazon.com/dp/B071JLJ9Q8?tag=eloabder-20&linkCode=osi&th=1&psc=1">View Product</a></div><div class="product"><a href="https://www.amazon.com/dp/B086PDWSNC?tag=eloabder-20&linkCode=osi&th=1&psc=1"><img src="https://m.media-amazon.com/images/I/51WO5dIKDjL._SL500_.jpg" alt="Product Image"></a><p>Kitchen & Love Best Sellers Variety Box 6-Pack | Vegan, Ready-to-Eat, No Refrigeration Required | Plant-Based, Gourmet Flavors</p><p>$27.99 ($0.59 / Ounce)</p><a href="https://www.amazon.com/dp/B086PDWSNC?tag=eloabder-20&linkCode=osi&th=1&psc=1">View Product</a></div><div class="product"><a href="https://www.amazon.com/dp/B08QG3CRNP?tag=eloabder-20&linkCode=osi&th=1&psc=1"><img src="https://m.media-amazon.com/images/I/617B3UIbxHL._SL500_.jpg" alt="Product Image"></a><p>Best Foods Vegan Dressing and Spread Vegan 1 ct for a Rich, Creamy Plant-Based Alternative to Mayo Same Great Taste, Plant Based, Free From Eggs 11.5 oz</p><p>$5.59 ($0.49 / Fl Oz)</p><a href="https://www.amazon.com/dp/B08QG3CRNP?tag=eloabder-20&linkCode=osi&th=1&psc=1">View Product</a></div><div class="product"><a href="https://www.amazon.com/dp/B09874VXSX?tag=eloabder-20&linkCode=osi&th=1&psc=1"><img src="https://m.media-amazon.com/images/I/51dRBp+9AzS._SL500_.jpg" alt="Product Image"></a><p>VEGAN VALLEY Cashew Nacho Cheeze Sauce, 14.5 oz - Shelf Stable, Tangy Vegan Nacho Cheeze -Certified Gluten-Free, Kosher, Dairy Free Cheeze -Non-GMO Plant-Based Cheeze Great As Vegan Pasta Sauce, Dip</p><p>$12.97 ($0.89 / Ounce)</p><a href="https://www.amazon.com/dp/B09874VXSX?tag=eloabder-20&linkCode=osi&th=1&psc=1">View Product</a></div><div class="product"><a href="https://www.amazon.com/dp/B076XR11WH?tag=eloabder-20&linkCode=osi&th=1&psc=1"><img src="https://m.media-amazon.com/images/I/41cpFCG2iiL._SL500_.jpg" alt="Product Image"></a><p>NOOCH IT! Fair Trade Dairy-Free Cashew Grated Cheeze | Vegan Parmesan ● Tasty Cheese Alternative | 4oz (Vegan "Parm", Gluten-Free)</p><p>$10.99 ($2.75 / Ounce)</p><a href="https://www.amazon.com/dp/B076XR11WH?tag=eloabder-20&linkCode=osi&th=1&psc=1">View Product</a></div>
<div class="product"><a href="https://www.amazon.com/dp/B09GFBR6MW?tag=eloabder-20&linkCode=osi&th=1&psc=1"><img src="https://m.media-amazon.com/images/I/51Jn8cqk0AL._SL500_.jpg" alt="Product Image"></a><p>Keto Almond Flour Crackers Variety Pack - Gluten Free, Low Carb, No Sugar</p><p>$14.99 ($2.22 / Ounce)</p><a href="https://www.amazon.com/dp/B09GFBR6MW?tag=eloabder-20&linkCode=osi&th=1&psc=1">View Product</a></div><div class="product"><a href="https://www.amazon.com/dp/B07TYW7CQ8?tag=eloabder-20&linkCode=osi&th=1&psc=1"><img src="https://m.media-amazon.com/images/I/51HQ0o0qxrL._SL500_.jpg" alt="Product Image"></a><p>Tillamook Country Smoker Keto Friendly Zero Sugar Smoked Sausages, Original, 10 Ounce</p><p>$11.49 ($1.15 / Ounce)</p><a href="https://www.amazon.com/dp/B07TYW7CQ8?tag=eloabder-20&linkCode=osi&th=1&psc=1">View Product</a></div><div class="product"><a href="https://www.amazon.com/dp/B09VXNV7ZZ?tag=eloabder-20&linkCode=osi&th=1&psc=1"><img src="https://m.media-amazon.com/images/I/51GQQjKLByL._SL500_.jpg" alt="Product Image"></a><p>Keto Strawberry Jam, No Sugar Added - Monk Fruit Sweetened, Gluten Free Spread from ChocZero, 12 oz</p><p>$9.99 ($0.83 / Ounce)</p><a href="https://www.amazon.com/dp/B09VXNV7ZZ?tag=eloabder-20&linkCode=osi&th=1&psc=1">View Product</a></div><div class="product"><a href="https://www.amazon.com/dp/B09GJ1RDS8?tag=eloabder-20&linkCode=osi&th=1&psc=1"><img src="https://m.media-amazon.com/images/I/61fQrPm63ML._SL500_.jpg" alt="Product Image"></a><p>Ratio Soft Baked Bars, Chocolate Brownie, 1g Sugar, Keto Friendly, 5.34 OZ (6 Bars)</p><p>$7.43 ($1.39 / Ounce)</p><a href="https://www.amazon.com/dp/B09GJ1RDS8?tag=eloabder-20&linkCode=osi&th=1&psc=1">View Product</a></div><div class="product"><a href="https://www.amazon.com/dp/B08ZS5VQ4P?tag=eloabder-20&linkCode=osi&th=1&psc=1"><img src="https://m.media-amazon.com/images/I/41bWBXP6BWL._SL500_.jpg" alt="Product Image"></a><p>Legendary Foods 20 gr Protein Pastry - Low Carb Tasty Protein Bar Alternative, Keto Friendly, No Sugar Added High Protein Breakfast Snacks, Gluten Free Keto Food - Brown Sugar Cinnamon (8-Pack)</p><p>$24.95 ($1.42 / Ounce)</p><a href="https://www.amazon.com/dp/B08ZS5VQ4P?tag=eloabder-20&linkCode=osi&th=1&psc=1">View Product</a></div><div class="product"><a href="https://www.amazon.com/dp/B08SHZGKD9?tag=eloabder-20&linkCode=osi&th=1&psc=1"><img src="https://m.media-amazon.com/images/I/51z4hGA4oGL._SL500_.jpg" alt="Product Image"></a><p>ChocZero Milk Chocolate Hazelnut Spread - Keto Friendly, No Sugar Added, Best Low Carb Dessert, Perfect Topping for Almond Flour Pancakes, Naturally Sweetened with Monk Fruit (1 jar, 12 oz)</p><p>$9.59 ($0.80 / Ounce)</p><a href="https://www.amazon.com/dp/B08SHZGKD9?tag=eloabder-20&linkCode=osi&th=1&psc=1">View Product</a></div><div class="product"><a href="https://www.amazon.com/dp/B078YD277Z?tag=eloabder-20&linkCode=osi&th=1&psc=1"><img src="https://m.media-amazon.com/images/I/413KVQlVNYL._SL500_.jpg" alt="Product Image"></a><p>Twin Peaks Low Carb, Keto Friendly Protein Puffs, Nacho Cheese (300g, 21g Protein, 2g Carbs)</p><p>$26.98 ($2.55 / Ounce)</p><a href="https://www.amazon.com/dp/B078YD277Z?tag=eloabder-20&linkCode=osi&th=1&psc=1">View Product</a></div><div class="product"><a href="https://www.amazon.com/dp/B09HYCR8H8?tag=eloabder-20&linkCode=osi&th=1&psc=1"><img src="https://m.media-amazon.com/images/I/51-9H1RUjjL._SL500_.jpg" alt="Product Image"></a><p>Ratio Coconut Almond Granola Cereal, 1g Sugar, Keto Friendly, 8 OZ Resealable Cereal Bag</p><p>$6.98 ($0.87 / Ounce)</p><a href="https://www.amazon.com/dp/B09HYCR8H8?tag=eloabder-20&linkCode=osi&th=1&psc=1">View Product</a></div><div class="product"><a href="https://www.amazon.com/dp/B09L78DG1T?tag=eloabder-20&linkCode=osi&th=1&psc=1"><img src="https://m.media-amazon.com/images/I/41zLTQtCMFL._SL500_.jpg" alt="Product Image"></a><p>Keto Biscuit Zero Carb Mix - Keto and Gluten Free Biscuit Baking Mix - 0g Net Carbs Per Biscuit - Sweetened with Allulose - No Erythritol, Easy to Bake - No Sugar Alcohols - No Nut Flours - Makes 12 Biscuits (23g Mix)</p><p>$12.99 ($1.33 / Ounce)</p><a href="https://www.amazon.com/dp/B09L78DG1T?tag=eloabder-20&linkCode=osi&th=1&psc=1">View Product</a></div>
<div class="product"><a href="https://www.amazon.com/dp/B07D3NS8NW?tag=eloabder-20&linkCode=osi&th=1&psc=1"><img src="https://m.media-amazon.com/images/I/5119qXbMHbL._SL500_.jpg" alt="Product Image"></a><p>Chomps Grass-Fed and Finished Original Beef Jerky Snack Sticks 10-Pack - Keto, Paleo, Whole30, 10g Lean Meat Protein, Gluten-Free, Zero Sugar Food, Non-GMO</p><p>$23.99 ($2.09 / Ounce)</p><a href="https://www.amazon.com/dp/B07D3NS8NW?tag=eloabder-20&linkCode=osi&th=1&psc=1">View Product</a></div><div class="product"><a href="https://www.amazon.com/dp/B01MD0T6G0?tag=eloabder-20&linkCode=osi&th=1&psc=1"><img src="https://m.media-amazon.com/images/I/410g9hhT61L._SL500_.jpg" alt="Product Image"></a><p>Paleo Powder Autoimmune Protocol All Purpose Seasoning | The Original Paleo Aip Seasoning Great for All Paleo Diets | Certified Keto Food, Paleo Whole 30, Aip Food, Gluten Free Seasoning</p><p>$10.99 ($2.75 / Ounce)</p><a href="https://www.amazon.com/dp/B01MD0T6G0?tag=eloabder-20&linkCode=osi&th=1&psc=1">View Product</a></div><div class="product"><a href="https://www.amazon.com/dp/B0844YJVX3?tag=eloabder-20&linkCode=osi&th=1&psc=1"><img src="https://m.media-amazon.com/images/I/51ejTPkppoL._SL500_.jpg" alt="Product Image"></a><p>Kevin's Natural Foods Paleo Simmer Sauce Variety Pack - Stir-Fry Sauce, Gluten Free, No Preservatives, Non-GMO - 3 Pack (Teriyaki/Thai Coconut/Korean BBQ)</p><p>$15.00 ($0.71 / Ounce)</p><a href="https://www.amazon.com/dp/B0844YJVX3?tag=eloabder-20&linkCode=osi&th=1&psc=1">View Product</a></div><div class="product"><a href="https://www.amazon.com/dp/B097CGVXGZ?tag=eloabder-20&linkCode=osi&th=1&psc=1"><img src="https://m.media-amazon.com/images/I/51q6lfDMpKL._SL500_.jpg" alt="Product Image"></a><p>Thunderbird Real Food Bars - Gluten Free, Paleo, Vegan Snack Food Bar Variety Pack - 102 Ounce</p><p>$18.99 ($1.86 / Ounce)</p><a href="https://www.amazon.com/dp/B097CGVXGZ?tag=eloabder-20&linkCode=osi&th=1&psc=1">View Product</a></div><div class="product"><a href="https://www.amazon.com/dp/B07B6N46RZ?tag=eloabder-20&linkCode=osi&th=1&psc=1"><img src="https://m.media-amazon.com/images/I/51VZNI8wYuL._SL500_.jpg" alt="Product Image"></a><p>Caveman Foods Dark Chocolate Almond Coconut (12 Count Box) 1.4 Ounce, Nutrition Bar , NON GMO, GULTEN Free, Paleo Friendly Dark Coconut Dark Chocolate Coconut bars</p><p>$18.55 ($1.10 / Ounce)</p><a href="https://www.amazon.com/dp/B07B6N46RZ?tag=eloabder-20&linkCode=osi&th=1&psc=1">View Product</a></div><div class="product"><a href="https://www.amazon.com/dp/B07TBB5XBT?tag=eloabder-20&linkCode=osi&th=1&psc=1"><img src="https://m.media-amazon.com/images/I/41C-Kn4zXqL._SL500_.jpg" alt="Product Image"></a><p>Paleo AIP Seasoned Breading Mix | Cassava Root with AIP Seasoning Paleo Mix for all Paleo Diets | Certified Keto Food, Gluten Free, No MSG, No Additives, No Anti-Caking Agents, No Added Sugar.</p><p>$11.99 ($1.50 / Ounce)</p><a href="https://www.amazon.com/dp/B07TBB5XBT?tag=eloabder-20&linkCode=osi&th=1&psc=1">View Product</a></div><div class="product"><a href="https://www.amazon.com/dp/B01II47Y94?tag=eloabder-20&linkCode=osi&th=1&psc=1"><img src="https://m.media-amazon.com/images/I/51qQs0vK2+L._SL500_.jpg" alt="Product Image"></a><p>Bearded Brothers Organic Vegan Protein Energy Bars - Gluten & Soy Free Paleo | Non GMO, Low Glycemic, Plant Based Protein, High Fiber | 12pk Six Flavor Variety</p><p>$30.99 ($1.70 / Ounce)</p><a href="https://www.amazon.com/dp/B01II47Y94?tag=eloabder-20&linkCode=osi&th=1&psc=1">View Product</a></div><div class="product"><a href="https://www.amazon.com/dp/B081XYV62N?tag=eloabder-20&linkCode=osi&th=1&psc=1"><img src="https://m.media-amazon.com/images/I/61EH9U076rL._SL500_.jpg" alt="Product Image"></a><p>Paleo Snacks Variety Pack for Adult | Healthy Snack Box [25 Count] Holiday Gift Basket Gluten Free | Mix of Whole Foods, Protein Bars, Crackers, Chips, Puffs, Fruit & Nuts by Snack Attack</p><p>$51.99</p><a href="https://www.amazon.com/dp/B081XYV62N?tag=eloabder-20&linkCode=osi&th=1&psc=1">View Product</a></div><div class="product"><a href="https://www.amazon.com/dp/B07NXF79QB?tag=eloabder-20&linkCode=osi&th=1&psc=1"><img src="https://m.media-amazon.com/images/I/41+l-WTpxlL._SL500_.jpg" alt="Product Image"></a><p>BetterBody Foods Avocado Oil Mayonnaise, Non-GMO Mayo Spread Made with Cage-Free Eggs, Paleo (15 Ounces)</p><p>$7.98 ($0.53 / Fl Oz)</p><a href="https://www.amazon.com/dp/B07NXF79QB?tag=eloabder-20&linkCode=osi&th=1&psc=1">View Product</a></div>
<div class="product"><a href="https://www.amazon.com/dp/B08R6DZXYV?tag=eloabder-20&linkCode=osi&th=1&psc=1"><img src="https://m.media-amazon.com/images/I/514+AzE-ZdL._SL500_.jpg" alt="Product Image"></a><p>The Only Bean - Crunchy Roasted Edamame Beans (Sea Salt) - Keto Snacks (2g Net) - High Protein Healthy Snacks (14g Protein) - Low Carb & Calorie, Gluten-Free Snack, Vegan Food - 4 oz (3 Pack)</p><p>$13.97 ($1.16 / Ounce)</p><a href="https://www.amazon.com/dp/B08R6DZXYV?tag=eloabder-20&linkCode=osi&th=1&psc=1">View Product</a></div><div class="product"><a href="https://www.amazon.com/dp/B081K2H9MT?tag=eloabder-20&linkCode=osi&th=1&psc=1"><img src="https://m.media-amazon.com/images/I/51AY70sTn+L._SL500_.jpg" alt="Product Image"></a><p>Natural Heaven Hearts of Palm Pasta, Angel Hair Noodles - Low Carb Pasta, Gluten-Free, Paleo, Keto Pasta Noodles, Plant-Based Healthy Food, 9 Oz</p><p>$7.98 ($0.89 / Ounce)</p><a href="https://www.amazon.com/dp/B081K2H9MT?tag=eloabder-20&linkCode=osi&th=1&psc=1">View Product</a></div><div class="product"><a href="https://www.amazon.com/dp/B010LWGDMA?tag=eloabder-20&linkCode=osi&th=1&psc=1"><img src="https://m.media-amazon.com/images/I/51a0+d-4GQL._SL500_.jpg" alt="Product Image"></a><p>Atkins Endulge Caramel Nut Chew Bar, Dessert Favorite, 1g Sugar, Good Source of Fiber, Low Sugar, 10 Count</p><p>$12.49 ($1.04 / Ounce)</p><a href="https://www.amazon.com/dp/B010LWGDMA?tag=eloabder-20&linkCode=osi&th=1&psc=1">View Product</a></div><div class="product"><a href="https://www.amazon.com/dp/B092L4RYLD?tag=eloabder-20&linkCode=osi&th=1&psc=1"><img src="https://m.media-amazon.com/images/I/51OTsRP+TZL._SL500_.jpg" alt="Product Image"></a><p>Legendary Foods 20 gr Protein Pastry, Low Carb, Tasty Protein Bar Alternative, Keto Friendly, No Sugar Added, High Protein Breakfast Snacks, Gluten Free Keto Food - Hot Fudge (8-Pack)</p><p>$26.99 ($1.53 / Ounce)</p><a href="https://www.amazon.com/dp/B092L4RYLD?tag=eloabder-20&linkCode=osi&th=1&psc=1">View Product</a></div><div class="product"><a href="https://www.amazon.com/dp/B0B3YG1RSV?tag=eloabder-20&linkCode=osi&th=1&psc=1"><img src="https://m.media-amazon.com/images/I/419gDC2KO3L._SL500_.jpg" alt="Product Image"></a><p>King Arthur Baking Keto Pizza Crust Mix, 1g Net Carbs Per Serving, Low Carb & Keto Friendly, 10.25 oz</p><p>$5.49 ($0.54 / Ounce)</p><a href="https://www.amazon.com/dp/B0B3YG1RSV?tag=eloabder-20&linkCode=osi&th=1&psc=1">View Product</a></div><div class="product"><a href="https://www.amazon.com/dp/B0CJ5MXM5F?tag=eloabder-20&linkCode=osi&th=1&psc=1"><img src="https://m.media-amazon.com/images/I/51sa1DKliOL._SL500_.jpg" alt="Product Image"></a><p>BeyondTwistz Low Carb Pretzels, Garlic Butter, Keto Friendly, 2g Net Carbs, 18g Protein, Powered By HealthSense® High Fiber Wheat Flour, Family Size 8oz Bag, Pack of 1</p><p>$12.99 ($1.62 / Ounce)</p><a href="https://www.amazon.com/dp/B0CJ5MXM5F?tag=eloabder-20&linkCode=osi&th=1&psc=1">View Product</a></div><div class="product"><a href="https://www.amazon.com/dp/B0C95KJ8K6?tag=eloabder-20&linkCode=osi&th=1&psc=1"><img src="https://m.media-amazon.com/images/I/51mYAdV0dDL._SL500_.jpg" alt="Product Image"></a><p>Mr. Tortilla Low Carb Keto Soft Taco Shells, Vegan Healthy Snacks & Bread Alternative, 1 Net Carb 15 Calories Delicious Small Batch Kosher Wraps -(Multigrain, 12 Count)</p><p>$5.99 ($0.50 / Count)</p><a href="https://www.amazon.com/dp/B0C95KJ8K6?tag=eloabder-20&linkCode=osi&th=1&psc=1">View Product</a></div>

Aucun résultat trouvé.
<div class="product"><a href="https://www.amazon.com/dp/B07BQXJ123?tag=eloabder-20&linkCode=osi&th=1&psc=1"><img src="https://m.media-amazon.com/images/I/41h4IsgjbZL._SL500_.jpg" alt="Product Image"></a><p>Squirrel Brand Sweet Brown Butter Cashews, 3.5 Ounces Resealable Bag, Gluten Free, Vegetarian</p><p>$2.74 ($0.78 / Fl Oz)</p><a href="https://www.amazon.com/dp/B07BQXJ123?tag=eloabder-20&linkCode=osi&th=1&psc=1">View Product</a></div><div class="product"><a href="https://www.amazon.com/dp/B003P02EGU?tag=eloabder-20&linkCode=osi&th=1&psc=1"><img src="https://m.media-amazon.com/images/I/51aUMBXF71L._SL500_.jpg" alt="Product Image"></a><p>Sparkling Ice, Black Raspberry Sparkling Water, Zero Sugar Flavored Water, with Vitamins and Antioxidants, Low Calorie Beverage, 17 fl oz Bottles (Pack of 12)</p><p>$9.98 ($0.05 / Fl Oz)</p><a href="https://www.amazon.com/dp/B003P02EGU?tag=eloabder-20&linkCode=osi&th=1&psc=1">View Product</a></div><div class="product"><a href="https://www.amazon.com/dp/B0C6RG22VN?tag=eloabder-20&linkCode=osi&th=1&psc=1"><img src="https://m.media-amazon.com/images/I/31fjAuuWWNL._SL500_.jpg" alt="Product Image"></a><p>Bauducco Vanilla Wafers - Crispy Wafer Cookies With 3 Delicious, Indulgent, Decadent Layers of Vanilla Flavored Cream - Delicious Sweet Snack or Desert - 5.0 oz (Pack of 1)</p><p>$1.59 ($0.32 / Ounce)</p><a href="https://www.amazon.com/dp/B0C6RG22VN?tag=eloabder-20&linkCode=osi&th=1&psc=1">View Product</a></div><div class="product"><a href="https://www.amazon.com/dp/B09W5ZVDD2?tag=eloabder-20&linkCode=osi&th=1&psc=1"><img src="https://m.media-amazon.com/images/I/41SSfHVmdrL._SL500_.jpg" alt="Product Image"></a><p>Cinnamon Toast Crunch Creamy Cinnamon Spread, 10 Ounce</p><p>$2.48 ($0.25 / Ounce)</p><a href="https://www.amazon.com/dp/B09W5ZVDD2?tag=eloabder-20&linkCode=osi&th=1&psc=1">View Product</a></div><div class="product"><a href="https://www.amazon.com/dp/B00L2MWLMK?tag=eloabder-20&linkCode=osi&th=1&psc=1"><img src="https://m.media-amazon.com/images/I/51dBawJ2u9L._SL500_.jpg" alt="Product Image"></a><p>Duncan Hines Dark Chocolate Fudge Brownie Mix, 18.2 OZ</p><p>$1.54 ($0.08 / Ounce)</p><a href="https://www.amazon.com/dp/B00L2MWLMK?tag=eloabder-20&linkCode=osi&th=1&psc=1">View Product</a></div><div class="product"><a href="https://www.amazon.com/dp/B004M15U12?tag=eloabder-20&linkCode=osi&th=1&psc=1"><img src="https://m.media-amazon.com/images/I/51WF3t7pADL._SL500_.jpg" alt="Product Image"></a><p>PLANTERS Deluxe Salted Whole Cashews, Party Snacks, Plant-Based Protein, Quick Snack for Adults, After School Snack, Roasted Cashew Flavored with Sea Salt, Bulk Nuts, Kosher, 1 lb 2.25oz Canister</p><p>$9.98 ($0.55 / Ounce)</p><a href="https://www.amazon.com/dp/B004M15U12?tag=eloabder-20&linkCode=osi&th=1&psc=1">View Product</a></div><div class="product"><a href="https://www.amazon.com/dp/B078J62RYJ?tag=eloabder-20&linkCode=osi&th=1&psc=1"><img src="https://m.media-amazon.com/images/I/51AXLNUF66L._SL500_.jpg" alt="Product Image"></a><p>PLANTERS Deluxe Mixed Nuts, Cashews, Almonds, Pecans, Pistachios, Hazelnuts, Roasted with Sea Salt, Party Snacks, Plant-Based Protein, Quick Snack for Adults, After School Snack, 27oz Container</p><p>$17.51 ($0.65 / Ounce)</p><a href="https://www.amazon.com/dp/B078J62RYJ?tag=eloabder-20&linkCode=osi&th=1&psc=1">View Product</a></div><div class="product"><a href="https://www.amazon.com/dp/B0BSB1D65T?tag=eloabder-20&linkCode=osi&th=1&psc=1"><img src="https://m.media-amazon.com/images/I/51u9sSRdlIL._SL500_.jpg" alt="Product Image"></a><p>PLANTERS Cashews Cinnamon & Brown Sugar, Party Snacks, 5 Oz Bag</p><p>$3.50 ($0.70 / Ounce)</p><a href="https://www.amazon.com/dp/B0BSB1D65T?tag=eloabder-20&linkCode=osi&th=1&psc=1">View Product</a></div><div class="product"><a href="https://www.amazon.com/dp/B0BN4LZ5P3?tag=eloabder-20&linkCode=osi&th=1&psc=1"><img src="https://m.media-amazon.com/images/I/51OLBHQEeSL._SL500_.jpg" alt="Product Image"></a><p>Planters Dry Roasted Bold & Savory Peanuts, Party Snacks, Plant-Based Protein, 16 Oz Jar</p><p>$2.98 ($0.19 / Ounce)</p><a href="https://www.amazon.com/dp/B0BN4LZ5P3?tag=eloabder-20&linkCode=osi&th=1&psc=1">View Product</a></div>

<div class="product"><a href="https://www.amazon.com/dp/B0CJQJYYVQ?tag=eloabder-20&linkCode=osi&th=1&psc=1"><img src="https://m.media-amazon.com/images/I/51mbf3FOrUL._SL500_.jpg" alt="Product Image"></a><p>Dried Fruit and Nuts Gift Baskets, 9 Healthy Varieties of Nuts & Dried Fruit Gifts, Gourmet Prime Candy Basket Delivery, Family Edible Food Ideas for All, Anniversary, Birthday, Care Package, Corporate Gifts</p><p>$24.99 ($24.99 / Count)</p><a href="https://www.amazon.com/dp/B0CJQJYYVQ?tag=eloabder-20&linkCode=osi&th=1&psc=1">View Product</a></div><div class="product"><a href="https://www.amazon.com/dp/B0BRYN42RF?tag=eloabder-20&linkCode=osi&th=1&psc=1"><img src="https://m.media-amazon.com/images/I/61sztsxabsL._SL500_.jpg" alt="Product Image"></a><p>Dried Fruit & Nuts Gift Basket Arrangement Platter, Gourmet Food Snack Box, For Fathers Day, Birthday Care Package, Healthy Kosher - Her Him - 12 Snackberry Assortment (Single)</p><p>$24.99 ($1.03 / Ounce)</p><a href="https://www.amazon.com/dp/B0BRYN42RF?tag=eloabder-20&linkCode=osi&th=1&psc=1">View Product</a></div><div class="product"><a href="https://www.amazon.com/dp/B0CZ4H5N2S?tag=eloabder-20&linkCode=osi&th=1&psc=1"><img src="https://m.media-amazon.com/images/I/51NLO50v2cL._SL500_.jpg" alt="Product Image"></a><p>Variety Dried Fuit Gift Basket, Fathers Day Gift Basket, Gift Box for Birthday. Anniversary, Get Well Gift, Gift for Him, Her and Family, Snackberry (1 Pack)</p><p>$9.99 ($0.62 / Ounce)</p><a href="https://www.amazon.com/dp/B0CZ4H5N2S?tag=eloabder-20&linkCode=osi&th=1&psc=1">View Product</a></div><div class="product"><a href="https://www.amazon.com/dp/B09HW1C373?tag=eloabder-20&linkCode=osi&th=1&psc=1"><img src="https://m.media-amazon.com/images/I/418cDyDC0eL._SL500_.jpg" alt="Product Image"></a><p>Farm Fresh Assorted Nuts Gift Basket - Artfully Arranged Gourmet Nuts and Dried Fruit Collection - Prime Arrangement Platter - Makes a Delicious, Healthy Gift Basket For Holidays, Parties, Corporate Gifts, and More</p><p>$12.99 ($12.99 / Count)</p><a href="https://www.amazon.com/dp/B09HW1C373?tag=eloabder-20&linkCode=osi&th=1&psc=1">View Product</a></div><div class="product"><a href="https://www.amazon.com/dp/B0CRD2MWB9?tag=eloabder-20&linkCode=osi&th=1&psc=1"><img src="https://m.media-amazon.com/images/I/51tT9Jj4hKL._SL500_.jpg" alt="Product Image"></a><p>Happy Birthday Dried Fruit & Nuts Gift Basket Arrangement Platter, Gourmet Food Snack Box, Birthday Care Package, Healthy Kosher, Her Him (9 Assortments)</p><p>$19.99 ($19.99 / Count)</p><a href="https://www.amazon.com/dp/B0CRD2MWB9?tag=eloabder-20&linkCode=osi&th=1&psc=1">View Product</a></div><div class="product"><a href="https://www.amazon.com/dp/B0CHCJK5GN?tag=eloabder-20&linkCode=osi&th=1&psc=1"><img src="https://m.media-amazon.com/images/I/61dpK7BoYbL._SL500_.jpg" alt="Product Image"></a><p>Broadway Basketeers Deluxe Thank You Dried Fruit And Nuts Gift Basket - A Premium Healthy Appreciation Gift - Corporate, Family & Friends</p><p>$32.06</p><a href="https://www.amazon.com/dp/B0CHCJK5GN?tag=eloabder-20&linkCode=osi&th=1&psc=1">View Product</a></div>
<div class="product"><a href="https://www.amazon.com/dp/B078SZHZ82?tag=eloabder-20&linkCode=osi&th=1&psc=1"><img src="https://m.media-amazon.com/images/I/51S82IO04jL._SL500_.jpg" alt="Product Image"></a><p>DEL MONTE FRESH CUT BLUE LAKE Cut Green Beans Canned Vegetables,14.5 Ounce (Pack of 12)</p><p>$12.99 ($0.07 / Ounce)</p><a href="https://www.amazon.com/dp/B078SZHZ82?tag=eloabder-20&linkCode=osi&th=1&psc=1">View Product</a></div>
<div class="product"><a href="https://www.amazon.com/dp/B0C94YG17L?tag=eloabder-20&linkCode=osi&th=1&psc=1"><img src="https://m.media-amazon.com/images/I/51VfC5jp4OL._SL500_.jpg" alt="Product Image"></a><p>Hickory Farms Farmhouse Sausage & Cheese Medium Gift Box | Gourmet Food Basket | Charcuterie | Father's Day Gift | Perfect For Family, Birthday, Sympathy, Congratulations, Retirement, Thinking of You, Father's Day Gift</p><p>$34.99 ($34.99 / Count)</p><a href="https://www.amazon.com/dp/B0C94YG17L?tag=eloabder-20&linkCode=osi&th=1&psc=1">View Product</a></div><div class="product"><a href="https://www.amazon.com/dp/B00K35V3F8?tag=eloabder-20&linkCode=osi&th=1&psc=1"><img src="https://m.media-amazon.com/images/I/41bd0TKnKfL._SL500_.jpg" alt="Product Image"></a><p>Farmers' Market Charcuterie Gift for Summer, Wisconsin Cheese, Hickory Smoked Meat, Shelf Stable, Gourmet Meat and Cheese Platter, Large Original</p><p>$39.99</p><a href="https://www.amazon.com/dp/B00K35V3F8?tag=eloabder-20&linkCode=osi&th=1&psc=1">View Product</a></div><div class="product"><a href="https://www.amazon.com/dp/B0994V3KXV?tag=eloabder-20&linkCode=osi&th=1&psc=1"><img src="https://m.media-amazon.com/images/I/61Zr7E45qvL._SL500_.jpg" alt="Product Image"></a><p>Wisconsin Cheese Company - Specialty 100% Wisconsin Cheese Block Assortment 4 oz. (Pack of 7 Blocks) Cheddar, Pepper Jack, Swiss, Gouda, Cheddar Salami, Smoked Cheddar & Tomato Basil Cheese - Cheese Sampler Gift Set</p><p>$39.99 ($1.43 / Ounce)</p><a href="https://www.amazon.com/dp/B0994V3KXV?tag=eloabder-20&linkCode=osi&th=1&psc=1">View Product</a></div><div class="product"><a href="https://www.amazon.com/dp/B009Y7I2F0?tag=eloabder-20&linkCode=osi&th=1&psc=1"><img src="https://m.media-amazon.com/images/I/41VgrnxieeL._SL500_.jpg" alt="Product Image"></a><p>Wisconsin Cheese Company - 100% Wisconsin Cheddar & Pepper Jack Cheese and Cracker Gift Basket. Large Gourmet Gift Box Assortment. Great for Charcuterie Boards & Gifts.</p><p>$29.99 ($2.11 / Ounce)</p><a href="https://www.amazon.com/dp/B009Y7I2F0?tag=eloabder-20&linkCode=osi&th=1&psc=1">View Product</a></div><div class="product"><a href="https://www.amazon.com/dp/B00FY43IJ2?tag=eloabder-20&linkCode=osi&th=1&psc=1"><img src="https://m.media-amazon.com/images/I/41QN9RXV4RL._SL500_.jpg" alt="Product Image"></a><p>California Delicious Gourmet Cheeseboard Gift, 8 piece set</p><p>$47.98 ($6.00 / Count)</p><a href="https://www.amazon.com/dp/B00FY43IJ2?tag=eloabder-20&linkCode=osi&th=1&psc=1">View Product</a></div><div class="product"><a href="https://www.amazon.com/dp/B0CRM55TF8?tag=eloabder-20&linkCode=osi&th=1&psc=1"><img src="https://m.media-amazon.com/images/I/51Vz3kt14-L._SL500_.jpg" alt="Product Image"></a><p>Farmers' Market Cheese Block Assortment 7oz 6-Pack, Shelf Stable, Pasteurized, Locally Sourced Wisconsin Cheese (Assortment, 6 Count)</p><p>$29.99 ($0.71 / Ounce)</p><a href="https://www.amazon.com/dp/B0CRM55TF8?tag=eloabder-20&linkCode=osi&th=1&psc=1">View Product</a></div>
<div class="product"><a href="https://www.amazon.com/dp/B006GXQHKW?tag=eloabder-20&linkCode=osi&th=1&psc=1"><img src="https://m.media-amazon.com/images/I/41gffgWPG4L._SL500_.jpg" alt="Product Image"></a><p>Old Wisconsin Premium Summer Sausage, 100% Natural Meat, Charcuterie, Ready to Eat, High Protein, Low Carb, Keto, Gluten Free, Original Flavor, 8 Ounce</p><p>$6.09 ($0.76 / Count)</p><a href="https://www.amazon.com/dp/B006GXQHKW?tag=eloabder-20&linkCode=osi&th=1&psc=1">View Product</a></div><div class="product"><a href="https://www.amazon.com/dp/B07PNM9SNJ?tag=eloabder-20&linkCode=osi&th=1&psc=1"><img src="https://m.media-amazon.com/images/I/51XUGii8qrL._SL500_.jpg" alt="Product Image"></a><p>Meat Shredz - Premium Dried Pulled Pork (Variety, 6 Pack) | Gluten Free | High Protein & Low Sugar | Bacon Bits | Dehydrated Backpacking & Camping Food | Shredded, Dried Jerky Chew Snack</p><p>$42.95 ($52.06 / lb)</p><a href="https://www.amazon.com/dp/B07PNM9SNJ?tag=eloabder-20&linkCode=osi&th=1&psc=1">View Product</a></div><div class="product"><a href="https://www.amazon.com/dp/B0CVQWPGC5?tag=eloabder-20&linkCode=osi&th=1&psc=1"><img src="https://m.media-amazon.com/images/I/41M9k0m4dOL._SL500_.jpg" alt="Product Image"></a><p>Olympic Delights Premium Meats and Cheese Gift Box by Dan the Sausageman featuring Summer Sausage, Stuffed Olives, Crackers and Mustard</p><p>$68.95</p><a href="https://www.amazon.com/dp/B0CVQWPGC5?tag=eloabder-20&linkCode=osi&th=1&psc=1">View Product</a></div><div class="product"><a href="https://www.amazon.com/dp/B000FIUQAQ?tag=eloabder-20&linkCode=osi&th=1&psc=1"><img src="https://m.media-amazon.com/images/I/51-jFNA-ZgL._SL500_.jpg" alt="Product Image"></a><p>Hormel Premium No Salt Added Canned Chunk Chicken Breast in Water, 5 Ounce (Pack of 12)</p><p>$25.44 ($0.42 / Ounce)</p><a href="https://www.amazon.com/dp/B000FIUQAQ?tag=eloabder-20&linkCode=osi&th=1&psc=1">View Product</a></div><div class="product"><a href="https://www.amazon.com/dp/B07Y936YWY?tag=eloabder-20&linkCode=osi&th=1&psc=1"><img src="https://m.media-amazon.com/images/I/51cpUvuRIzL._SL500_.jpg" alt="Product Image"></a><p>Jack Link's Beef Jerky, Sweet & Hot, ½ Pounder Bag - Flavorful Meat Snack, 9g of Protein and 80 Calories, Made with Premium Beef - 96 Percent Fat Free, No Added MSG or Nitrates/Nitrites</p><p>$9.99 ($1.25 / Ounce)</p><a href="https://www.amazon.com/dp/B07Y936YWY?tag=eloabder-20&linkCode=osi&th=1&psc=1">View Product</a></div><div class="product"><a href="https://www.amazon.com/dp/B000FK7G20?tag=eloabder-20&linkCode=osi&th=1&psc=1"><img src="https://m.media-amazon.com/images/I/414A4Q9AvAL._SL500_.jpg" alt="Product Image"></a><p>Swanson White and Dark Premium Chunk Canned Chicken Breast in Water, Fully Cooked Chicken, 9.75 OZ Can (Case of 12)</p><p>$35.76 ($0.31 / Ounce)</p><a href="https://www.amazon.com/dp/B000FK7G20?tag=eloabder-20&linkCode=osi&th=1&psc=1">View Product</a></div>
<div class="product"><a href="https://www.amazon.com/dp/B072126PMY?tag=eloabder-20&linkCode=osi&th=1&psc=1"><img src="https://m.media-amazon.com/images/I/51nw4J9x8YL._SL500_.jpg" alt="Product Image"></a><p>Simple Mills Almond Flour Baking Mix, Artisan Bread Mix - Gluten Free, Plant Based, Paleo Friendly, 10.4 Ounce (Pack of 3)</p><p>$23.97 ($0.77 / Ounce)</p><a href="https://www.amazon.com/dp/B072126PMY?tag=eloabder-20&linkCode=osi&th=1&psc=1">View Product</a></div><div class="product"><a href="https://www.amazon.com/dp/B081VPXGJS?tag=eloabder-20&linkCode=osi&th=1&psc=1"><img src="https://m.media-amazon.com/images/I/51j0-+rAaZL._SL500_.jpg" alt="Product Image"></a><p>Essential Baking Company Organic Artisan Sourdough Bread, 18.2 Ounce (Pack of 3)</p><p>$28.65 ($0.52 / Ounce)</p><a href="https://www.amazon.com/dp/B081VPXGJS?tag=eloabder-20&linkCode=osi&th=1&psc=1">View Product</a></div><div class="product"><a href="https://www.amazon.com/dp/B08HSPX7LM?tag=eloabder-20&linkCode=osi&th=1&psc=1"><img src="https://m.media-amazon.com/images/I/41RUhxZCnNL._SL500_.jpg" alt="Product Image"></a><p>Giusto's Vita-Grain All-Natural Artisan Malted Unbleached Bread Flour, 5lb Bag</p><p>$10.95 ($0.14 / Ounce)</p><a href="https://www.amazon.com/dp/B08HSPX7LM?tag=eloabder-20&linkCode=osi&th=1&psc=1">View Product</a></div>
<div class="product"><a href="https://www.amazon.com/dp/B001DDD4DS?tag=eloabder-20&linkCode=osi&th=1&psc=1"><img src="https://m.media-amazon.com/images/I/51osI10x5HL._SL500_.jpg" alt="Product Image"></a><p>Mantova Flavored Extra Virgin Olive Oil Variety Pack: Garlic, Basil, Chili, Lemon Organic Extra Virgin Olive Oil, 8.5-Ounce Per Bottle (Pack of 4) Great Gift Item</p><p>$36.99 ($1.09 / Fl Oz)</p><a href="https://www.amazon.com/dp/B001DDD4DS?tag=eloabder-20&linkCode=osi&th=1&psc=1">View Product</a></div><div class="product"><a href="https://www.amazon.com/dp/B001DDD4E2?tag=eloabder-20&linkCode=osi&th=1&psc=1"><img src="https://m.media-amazon.com/images/I/51cFWLj1kiL._SL500_.jpg" alt="Product Image"></a><p>Mantova Grand’Aroma Flavored Extra Virgin Olive Oils, Variety Gift Set, made in Italy, cold-pressed, 100% natural, heart-healthy, for grilling, barbequing, smoking, and cooking, 8.5 oz (Pack of 4)</p><p>$39.99 ($1.18 / Fl Oz)</p><a href="https://www.amazon.com/dp/B001DDD4E2?tag=eloabder-20&linkCode=osi&th=1&psc=1">View Product</a></div><div class="product"><a href="https://www.amazon.com/dp/B087S41Y1W?tag=eloabder-20&linkCode=osi&th=1&psc=1"><img src="https://m.media-amazon.com/images/I/518tVUgnUkL._SL500_.jpg" alt="Product Image"></a><p>Benissimo Herb Infused Cooking Oil Chef Pack, All Natural Italiano, Roasted Garlic, Mediterranean Garlic, Balsamic Garlic</p><p>$26.99 ($0.79 / Fl Oz)</p><a href="https://www.amazon.com/dp/B087S41Y1W?tag=eloabder-20&linkCode=osi&th=1&psc=1">View Product</a></div><div class="product"><a href="https://www.amazon.com/dp/B08CY8R7TF?tag=eloabder-20&linkCode=osi&th=1&psc=1"><img src="https://m.media-amazon.com/images/I/61pbDfsr-8L._SL500_.jpg" alt="Product Image"></a><p>Infused Extra Virgin Olive Oil Gift Box Set, First Cold Pressed, Variety Pack, 4 bottles x 8.5 fl.oz (250ml), Naturally Infused for Dipping & Tasting, (Gift Box Included), Chili, Garlic, Basil, Rosemary, BASSO1904</p><p>$35.99 ($1.06 / Fl Oz)</p><a href="https://www.amazon.com/dp/B08CY8R7TF?tag=eloabder-20&linkCode=osi&th=1&psc=1">View Product</a></div><div class="product"><a href="https://www.amazon.com/dp/B009HRQ47U?tag=eloabder-20&linkCode=osi&th=1&psc=1"><img src="https://m.media-amazon.com/images/I/41PaTko-dvL._SL500_.jpg" alt="Product Image"></a><p>TruffleHunter - English, Black & White Truffle Oil Set - 3.38 Oz x 3</p><p>$29.70 ($0.10 / Fl Oz)</p><a href="https://www.amazon.com/dp/B009HRQ47U?tag=eloabder-20&linkCode=osi&th=1&psc=1">View Product</a></div><div class="product"><a href="https://www.amazon.com/dp/B07ZZLZBF8?tag=eloabder-20&linkCode=osi&th=1&psc=1"><img src="https://m.media-amazon.com/images/I/51fpIYH949L._SL500_.jpg" alt="Product Image"></a><p>Viva Oliva Six 60ml (2oz) Variety Gift Set - Premium Flavored Extra Virgin Olive Oils (Tuscan Herb, Basil, Mushroom & Sage) and All Natural Balsamic Vinegars (18 Year Traditional, Grapefruit, Black Mission Fig)</p><p>$43.95 ($3.61 / Fl Oz)</p><a href="https://www.amazon.com/dp/B07ZZLZBF8?tag=eloabder-20&linkCode=osi&th=1&psc=1">View Product</a></div><div class="product"><a href="https://www.amazon.com/dp/B0B2LS1J8F?tag=eloabder-20&linkCode=osi&th=1&psc=1"><img src="https://m.media-amazon.com/images/I/41q4RRhEqPL._SL500_.jpg" alt="Product Image"></a><p>Infused Olive Oil Gift Sets - Organic Puglia Olive Oil Sampler Gift Set. Ideal for Italian Gifts and Edible Gift Baskets. Gourmet Olive Oil Gift Box of 5 x 3.45 Fl.Oz.</p><p>$53.80 ($3.16 / Fl Oz)</p><a href="https://www.amazon.com/dp/B0B2LS1J8F?tag=eloabder-20&linkCode=osi&th=1&psc=1">View Product</a></div><div class="product"><a href="https://www.amazon.com/dp/B08P967SSX?tag=eloabder-20&linkCode=osi&th=1&psc=1"><img src="https://m.media-amazon.com/images/I/51HyprLyr5L._SL500_.jpg" alt="Product Image"></a><p>Viva Oliva Four 60ml (2oz) Variety Gift Set - Premium Flavored Extra Virgin Olive Oils (Tuscan Herb & Basil) and All Natural Balsamic Vinegars (18 Year Traditional & Black Mission Fig)</p><p>$33.95 ($4.18 / Fl Oz)</p><a href="https://www.amazon.com/dp/B08P967SSX?tag=eloabder-20&linkCode=osi&th=1&psc=1">View Product</a></div><div class="product"><a href="https://www.amazon.com/dp/B0078DPMQY?tag=eloabder-20&linkCode=osi&th=1&psc=1"><img src="https://m.media-amazon.com/images/I/31qLwvo1tML._SL500_.jpg" alt="Product Image"></a><p>Benissimo Oil Roasted Garlic, 8.1 Ounces</p><p>$11.99 ($1.48 / Ounce)</p><a href="https://www.amazon.com/dp/B0078DPMQY?tag=eloabder-20&linkCode=osi&th=1&psc=1">View Product</a></div>
<div class="product"><a href="https://www.amazon.com/dp/B07MGKCV5Y?tag=eloabder-20&linkCode=osi&th=1&psc=1"><img src="https://m.media-amazon.com/images/I/31tE+o2DanL._SL500_.jpg" alt="Product Image"></a><p>Iberia All Natural Distilled White Vinegar, 1 Gallon - 5% Acidity</p><p>$12.99 ($0.10 / Fl Oz)</p><a href="https://www.amazon.com/dp/B07MGKCV5Y?tag=eloabder-20&linkCode=osi&th=1&psc=1">View Product</a></div><div class="product"><a href="https://www.amazon.com/dp/B07985NMQD?tag=eloabder-20&linkCode=osi&th=1&psc=1"><img src="https://m.media-amazon.com/images/I/41ElEDybjlL._SL500_.jpg" alt="Product Image"></a><p>Lucy's Family Owned - Natural Distilled White Vinegar, 1 Gallon (128 oz) - 5% Acidity (White Vinegar, 1 Gallon (128 fl oz.))</p><p>$17.99 ($0.14 / Fl Oz)</p><a href="https://www.amazon.com/dp/B07985NMQD?tag=eloabder-20&linkCode=osi&th=1&psc=1">View Product</a></div><div class="product"><a href="https://www.amazon.com/dp/B07F7MXPWD?tag=eloabder-20&linkCode=osi&th=1&psc=1"><img src="https://m.media-amazon.com/images/I/51GKn4NVqTL._SL500_.jpg" alt="Product Image"></a><p>Soeos Chinkiang Vinegar 16.9 fl oz (500ml), 3 Years Aged, Naturally Fermented, Mature Aged Black Vinegar, Chinese Black Vinegar, Zhenjiang Vinegar, Black Rice Vinegar, Black Vinegar Chinese.</p><p>$13.99 ($0.83 / Fl Oz)</p><a href="https://www.amazon.com/dp/B07F7MXPWD?tag=eloabder-20&linkCode=osi&th=1&psc=1">View Product</a></div><div class="product"><a href="https://www.amazon.com/dp/B001I7MVG0?tag=eloabder-20&linkCode=osi&th=1&psc=1"><img src="https://m.media-amazon.com/images/I/41HHUOECW2L._SL500_.jpg" alt="Product Image"></a><p>Bragg Organic Raw Apple Cider Vinegar, 32 Ounce - 1 Pack</p><p>$5.99 ($0.19 / Fl Oz)</p><a href="https://www.amazon.com/dp/B001I7MVG0?tag=eloabder-20&linkCode=osi&th=1&psc=1">View Product</a></div><div class="product"><a href="https://www.amazon.com/dp/B07W9HX3MV?tag=eloabder-20&linkCode=osi&th=1&psc=1"><img src="https://m.media-amazon.com/images/I/413FdgpxYrL._SL500_.jpg" alt="Product Image"></a><p>Calyptus 45% Pure Super Concentrated Vinegar | Dilutes to 9 Gallons | 9x Power Concentrate Vinegar | 1 Gallon</p><p>$26.99 ($0.21 / Fl Oz)</p><a href="https://www.amazon.com/dp/B07W9HX3MV?tag=eloabder-20&linkCode=osi&th=1&psc=1">View Product</a></div><div class="product"><a href="https://www.amazon.com/dp/B0052BFNLS?tag=eloabder-20&linkCode=osi&th=1&psc=1"><img src="https://m.media-amazon.com/images/I/31Tfk-0-ybL._SL500_.jpg" alt="Product Image"></a><p>Pompeian Gourmet Red Wine Vinegar, Perfect for Salad Dressings, Marinades & Sauces, Naturally Gluten Free, 30 Ounce</p><p>$4.91 ($0.16 / Fl Oz)</p><a href="https://www.amazon.com/dp/B0052BFNLS?tag=eloabder-20&linkCode=osi&th=1&psc=1">View Product</a></div><div class="product"><a href="https://www.amazon.com/dp/B00AAL6W2Y?tag=eloabder-20&linkCode=osi&th=1&psc=1"><img src="https://m.media-amazon.com/images/I/51dfgVE7orL._SL500_.jpg" alt="Product Image"></a><p>Mantova Organic Flavored Balsamic Vinegar of Modena 4-Variety Pack: Fig, Pear, Pomegranate, & Raspberry; Perfect for Gift Basket, Add to Pasta, Salad, Ice Cream and Cocktails, 8.5 oz per bottle</p><p>$27.99 ($0.82 / Fl Oz)</p><a href="https://www.amazon.com/dp/B00AAL6W2Y?tag=eloabder-20&linkCode=osi&th=1&psc=1">View Product</a></div><div class="product"><a href="https://www.amazon.com/dp/B0BGYTGT7X?tag=eloabder-20&linkCode=osi&th=1&psc=1"><img src="https://m.media-amazon.com/images/I/41huHEExA1L._SL500_.jpg" alt="Product Image"></a><p>Bragg Organic Apple Cider Vinegar With the Mother– Raw, Unfiltered All Natural Ingredients (64 Fl Oz (Pack of 1))</p><p>$13.68 ($0.21 / Fl Oz)</p><a href="https://www.amazon.com/dp/B0BGYTGT7X?tag=eloabder-20&linkCode=osi&th=1&psc=1">View Product</a></div><div class="product"><a href="https://www.amazon.com/dp/B08TZY2TZ8?tag=eloabder-20&linkCode=osi&th=1&psc=1"><img src="https://m.media-amazon.com/images/I/41YwKPQA9rL._SL500_.jpg" alt="Product Image"></a><p>Due Vittorie Oro Gold Balsamic Vinegar of Modena. Highest score from The Consortium of Modena With Cork Pourer - 8.45fl oz / 250ml</p><p>$17.00 ($2.01 / Fl Oz)</p><a href="https://www.amazon.com/dp/B08TZY2TZ8?tag=eloabder-20&linkCode=osi&th=1&psc=1">View Product</a></div>
<div class="product"><a href="https://www.amazon.com/dp/B07HMJWCNL?tag=eloabder-20&linkCode=osi&th=1&psc=1"><img src="https://m.media-amazon.com/images/I/51ayBrtgPUL._SL500_.jpg" alt="Product Image"></a><p>TRUFF Original Black Truffle Hot Sauce, Gourmet Hot Sauce with Ripe Chili Peppers, Black Truffle Oil, Agave Nectar, Unique Flavor Experience in a Bottle, 6 oz.</p><p>$14.99</p><a href="https://www.amazon.com/dp/B07HMJWCNL?tag=eloabder-20&linkCode=osi&th=1&psc=1">View Product</a></div><div class="product"><a href="https://www.amazon.com/dp/B083QT1TPX?tag=eloabder-20&linkCode=osi&th=1&psc=1"><img src="https://m.media-amazon.com/images/I/41mYuAlAFNL._SL500_.jpg" alt="Product Image"></a><p>TRUFF Hot Sauce Variety Pack, Gourmet Hot Sauce Set of Original, Hotter and Limited White Edition, Unique Flavor Experiences with Truffle, 3-Bottle Bundle, 3ct 6oz bottles</p><p>$67.99 ($3.78 / Ounce)</p><a href="https://www.amazon.com/dp/B083QT1TPX?tag=eloabder-20&linkCode=osi&th=1&psc=1">View Product</a></div><div class="product"><a href="https://www.amazon.com/dp/B0BV19S7TR?tag=eloabder-20&linkCode=osi&th=1&psc=1"><img src="https://m.media-amazon.com/images/I/51iGXyqK-pL._SL500_.jpg" alt="Product Image"></a><p>Le Sauce & Co., White Wine Lemon Garlic Gourmet Finishing Sauce (2-pack), Steakhouse Quality Gourmet Sauce, Lemon Sauce, Garlic Sauce, White Wine Sauce, Steak Sauce, Chicken sauce, Lemon Sauce, Cream Sauce,</p><p>$13.94 ($1.55 / Ounce)</p><a href="https://www.amazon.com/dp/B0BV19S7TR?tag=eloabder-20&linkCode=osi&th=1&psc=1">View Product</a></div><div class="product"><a href="https://www.amazon.com/dp/B078JBZBW5?tag=eloabder-20&linkCode=osi&th=1&psc=1"><img src="https://m.media-amazon.com/images/I/51J1qgzr8uL._SL500_.jpg" alt="Product Image"></a><p>Melinda’s Hot Sauce Variety Pack - Extra Spicy Gourmet Hot Sauce Gift Set with Variety of Heat Levels - Includes XXXXtra Reserve, Garlic Habanero, Extra Hot, Mango, Ghost Pepper- 5 oz, 5 Pack</p><p>$21.99 ($0.88 / Fl Oz)</p><a href="https://www.amazon.com/dp/B078JBZBW5?tag=eloabder-20&linkCode=osi&th=1&psc=1">View Product</a></div><div class="product"><a href="https://www.amazon.com/dp/B0BL864XMH?tag=eloabder-20&linkCode=osi&th=1&psc=1"><img src="https://m.media-amazon.com/images/I/51+63Ag8ApL._SL500_.jpg" alt="Product Image"></a><p>Dave's Gourmet Creamy Hot Sauce Variety 4-Pack - Moderate Heat for Flavoring Your Favorite Food</p><p>$30.99 ($0.97 / Ounce)</p><a href="https://www.amazon.com/dp/B0BL864XMH?tag=eloabder-20&linkCode=osi&th=1&psc=1">View Product</a></div>
<div class="product"><a href="https://www.amazon.com/dp/B07WT6GP2F?tag=eloabder-20&linkCode=osi&th=1&psc=1"><img src="https://m.media-amazon.com/images/I/41mEgBeglEL._SL500_.jpg" alt="Product Image"></a><p>Lindt Mini Pralines, Assorted Chocolate Pralines with Premium Filling, Great for gift giving, 6.2 oz Box</p><p>$16.49 ($2.66 / Ounce)</p><a href="https://www.amazon.com/dp/B07WT6GP2F?tag=eloabder-20&linkCode=osi&th=1&psc=1">View Product</a></div><div class="product"><a href="https://www.amazon.com/dp/B01BDI89SW?tag=eloabder-20&linkCode=osi&th=1&psc=1"><img src="https://m.media-amazon.com/images/I/61w5wYyxzKL._SL500_.jpg" alt="Product Image"></a><p>Ferrero Collection, 24 Count, Premium Gourmet Assorted Hazelnut Milk Chocolate, Dark Chocolate and Coconut, 9.1 oz</p><p>$11.97 ($1.32 / Ounce)</p><a href="https://www.amazon.com/dp/B01BDI89SW?tag=eloabder-20&linkCode=osi&th=1&psc=1">View Product</a></div><div class="product"><a href="https://www.amazon.com/dp/B0BHTWFQ5X?tag=eloabder-20&linkCode=osi&th=1&psc=1"><img src="https://m.media-amazon.com/images/I/41K-mIm1WNL._SL500_.jpg" alt="Product Image"></a><p>Lindt LINDOR Assorted Chocolate Truffles 90 Count Gift Box, Chocolate Candy with Smooth, Melting Truffle Center, 38.4 oz. Box</p><p>$33.95 ($0.88 / Ounce)</p><a href="https://www.amazon.com/dp/B0BHTWFQ5X?tag=eloabder-20&linkCode=osi&th=1&psc=1">View Product</a></div><div class="product"><a href="https://www.amazon.com/dp/B00UXI3PLU?tag=eloabder-20&linkCode=osi&th=1&psc=1"><img src="https://m.media-amazon.com/images/I/41Jw-Ek4+CL._SL500_.jpg" alt="Product Image"></a><p>Lindt LINDOR Milk Chocolate Candy Truffles, Milk Chocolate with Melting Truffle Center, 15.2 oz. Bag</p><p>$12.18 ($0.80 / Ounce)</p><a href="https://www.amazon.com/dp/B00UXI3PLU?tag=eloabder-20&linkCode=osi&th=1&psc=1">View Product</a></div>
<div class="product"><a href="https://www.amazon.com/dp/B000SDKDM4?tag=eloabder-20&linkCode=osi&th=1&psc=1"><img src="https://m.media-amazon.com/images/I/41L+oJp7MmL._SL500_.jpg" alt="Product Image"></a><p>Lavazza Super Crema Whole Bean Coffee Blend, light-Medium Espresso Roast, 2.2 Pound (Pack of 1) ,Premium Quality, Aromatic, Mild and creamy</p><p>$18.49 ($0.53 / Ounce)</p><a href="https://www.amazon.com/dp/B000SDKDM4?tag=eloabder-20&linkCode=osi&th=1&psc=1">View Product</a></div><div class="product"><a href="https://www.amazon.com/dp/B0721BGRS9?tag=eloabder-20&linkCode=osi&th=1&psc=1"><img src="https://m.media-amazon.com/images/I/41tHHVMfguL._SL500_.jpg" alt="Product Image"></a><p>Amazon Fresh, Dark Roast, Whole Bean Coffee, 32 Oz</p><p>$19.18 ($0.60 / Ounce)</p><a href="https://www.amazon.com/dp/B0721BGRS9?tag=eloabder-20&linkCode=osi&th=1&psc=1">View Product</a></div><div class="product"><a href="https://www.amazon.com/dp/B003GV7JFE?tag=eloabder-20&linkCode=osi&th=1&psc=1"><img src="https://m.media-amazon.com/images/I/41IKY6hLa9L._SL500_.jpg" alt="Product Image"></a><p>Eight O'Clock Coffee Whole Bean, The Original, 42 Ounce</p><p>$13.98</p><a href="https://www.amazon.com/dp/B003GV7JFE?tag=eloabder-20&linkCode=osi&th=1&psc=1">View Product</a></div><div class="product"><a href="https://www.amazon.com/dp/B07171HMF5?tag=eloabder-20&linkCode=osi&th=1&psc=1"><img src="https://m.media-amazon.com/images/I/41EBDHFVYVL._SL500_.jpg" alt="Product Image"></a><p>Mt. Comfort Coffee Organic Peru Medium Roast, 2.5 Pounds - Flavor Notes of Nutty, Chocolate, & Citrus - Sourced From Small, Peruvian Coffee Farms - Roasted Whole Beans</p><p>$23.19 ($0.58 / Ounce)</p><a href="https://www.amazon.com/dp/B07171HMF5?tag=eloabder-20&linkCode=osi&th=1&psc=1">View Product</a></div><div class="product"><a href="https://www.amazon.com/dp/B006Y7WAHE?tag=eloabder-20&linkCode=osi&th=1&psc=1"><img src="https://m.media-amazon.com/images/I/31VxnI1AuQL._SL500_.jpg" alt="Product Image"></a><p>Cameron's Coffee Roasted Whole Bean Coffee, Breakfast Blend, 32 Ounce, (Pack of 1)</p><p>$10.98 ($0.34 / Ounce)</p><a href="https://www.amazon.com/dp/B006Y7WAHE?tag=eloabder-20&linkCode=osi&th=1&psc=1">View Product</a></div><div class="product"><a href="https://www.amazon.com/dp/B0002E2GQU?tag=eloabder-20&linkCode=osi&th=1&psc=1"><img src="https://m.media-amazon.com/images/I/41f+StbrprL._SL500_.jpg" alt="Product Image"></a><p>Lavazza Crema E Aroma Whole Bean Coffee Blend, 2.2-Pound Bag , Balanced medium roast with an intense, earthy flavor and long lasting crema, Non-GMO</p><p>$17.99 ($0.51 / Ounce)</p><a href="https://www.amazon.com/dp/B0002E2GQU?tag=eloabder-20&linkCode=osi&th=1&psc=1">View Product</a></div><div class="product"><a href="https://www.amazon.com/dp/B005OJ4X32?tag=eloabder-20&linkCode=osi&th=1&psc=1"><img src="https://m.media-amazon.com/images/I/31GzxEGJ-1L._SL500_.jpg" alt="Product Image"></a><p>Lavazza Espresso Barista Gran Crema Whole Bean Coffee Blend, Medium Espresso Roast, Oz Bag (Packaging May Vary) - 2.2 LB, 35.2 Ounce</p><p>$17.99 ($0.51 / Ounce)</p><a href="https://www.amazon.com/dp/B005OJ4X32?tag=eloabder-20&linkCode=osi&th=1&psc=1">View Product</a></div><div class="product"><a href="https://www.amazon.com/dp/B003YVRX5W?tag=eloabder-20&linkCode=osi&th=1&psc=1"><img src="https://m.media-amazon.com/images/I/41Ioxmr1WhL._SL500_.jpg" alt="Product Image"></a><p>Tim Hortons Whole Bean Original, Medium Roast Coffee, Made with 100% Arabica Beans, 32 Ounce Bag</p><p>$15.68 ($0.49 / Ounce)</p><a href="https://www.amazon.com/dp/B003YVRX5W?tag=eloabder-20&linkCode=osi&th=1&psc=1">View Product</a></div><div class="product"><a href="https://www.amazon.com/dp/B016RY0LWO?tag=eloabder-20&linkCode=osi&th=1&psc=1"><img src="https://m.media-amazon.com/images/I/41I6lHKpWrL._SL500_.jpg" alt="Product Image"></a><p>Lavazza Espresso Italiano Whole Bean Coffee Blend, Medium Roast,Premium Quality Arabic, 2.2 Pound (Pack of 1) (Packaging may vary)</p><p>$14.98 ($0.43 / Ounce)</p><a href="https://www.amazon.com/dp/B016RY0LWO?tag=eloabder-20&linkCode=osi&th=1&psc=1">View Product</a></div>
<div class="product"><a href="https://www.amazon.com/dp/B09ZMVM3XJ?tag=eloabder-20&linkCode=osi&th=1&psc=1"><img src="https://m.media-amazon.com/images/I/51IRO3xhEKL._SL500_.jpg" alt="Product Image"></a><p>Gardenika Organic Loose Leaf Tea Sampler – 8 Pack, 1 LB – Herbal and Naturally Caffeine-Free Set - Ayurvedic Assortment Blend</p><p>$29.95 ($29.95 / Count)</p><a href="https://www.amazon.com/dp/B09ZMVM3XJ?tag=eloabder-20&linkCode=osi&th=1&psc=1">View Product</a></div><div class="product"><a href="https://www.amazon.com/dp/B0CVTGJHK9?tag=eloabder-20&linkCode=osi&th=1&psc=1"><img src="https://m.media-amazon.com/images/I/51J-jqFqytL._SL500_.jpg" alt="Product Image"></a><p>Lyon DIY Tea Blending Set-16 Tin Variety Pack-Premium Herbal Tea & Exotic Floral/Fruit Flavor Infusers - Create 75+ Cups w/Assorted Teas, Oolong, Chamomile, Rose, Peach & More</p><p>$44.95 ($6.25 / Ounce)</p><a href="https://www.amazon.com/dp/B0CVTGJHK9?tag=eloabder-20&linkCode=osi&th=1&psc=1">View Product</a></div><div class="product"><a href="https://www.amazon.com/dp/B01AJBV0US?tag=eloabder-20&linkCode=osi&th=1&psc=1"><img src="https://m.media-amazon.com/images/I/516u5DAm7GL._SL500_.jpg" alt="Product Image"></a><p>Tiesta Tea - Lavender Chamomile | Soft Chamomile Herbal Tea | Premium Loose Leaf Tea Blend | Non Caffeinated Herbal Tea | Make Hot or Iced Tea & Brews Up to 25 Cups - 0.9 Ounce Resealable Pouch</p><p>$4.99 ($5.54 / Ounce)</p><a href="https://www.amazon.com/dp/B01AJBV0US?tag=eloabder-20&linkCode=osi&th=1&psc=1">View Product</a></div><div class="product"><a href="https://www.amazon.com/dp/B08VF85JJF?tag=eloabder-20&linkCode=osi&th=1&psc=1"><img src="https://m.media-amazon.com/images/I/517Ac4bB6FL._SL500_.jpg" alt="Product Image"></a><p>Tiesta Tea Top 8 Favorites Sampler Set, Up to 80 Cups, High to No Caffeine, Hot & Iced Tea, Loose Leaf Tea Variety Pack with Green, Herbal, Black & Chai Tea, 8 Sample Pouches</p><p>$22.95 ($3.59 / Ounce)</p><a href="https://www.amazon.com/dp/B08VF85JJF?tag=eloabder-20&linkCode=osi&th=1&psc=1">View Product</a></div><div class="product"><a href="https://www.amazon.com/dp/B08MWDTNTZ?tag=eloabder-20&linkCode=osi&th=1&psc=1"><img src="https://m.media-amazon.com/images/I/51M1TNYBU7L._SL500_.jpg" alt="Product Image"></a><p>Tetley British Blend Premium Black Tea, 320 Tea Bags, Rainforest Alliance Certified, 320 Count (Pack of 1)</p><p>$15.92 ($0.05 / Count)</p><a href="https://www.amazon.com/dp/B08MWDTNTZ?tag=eloabder-20&linkCode=osi&th=1&psc=1">View Product</a></div><div class="product"><a href="https://www.amazon.com/dp/B086R8PDZV?tag=eloabder-20&linkCode=osi&th=1&psc=1"><img src="https://m.media-amazon.com/images/I/41nHau5YdVL._SL500_.jpg" alt="Product Image"></a><p>Buddha Teas - Organic Mushroom Wellness Blend - Herbal Tea - For Health & Wellbeing - With Antioxidants & Minerals - Clean Ingredients - Caffeine Free - OU Kosher & Non-GMO - 18 Tea Bags (Pack of 1).</p><p>$8.25 ($0.46 / Count)</p><a href="https://www.amazon.com/dp/B086R8PDZV?tag=eloabder-20&linkCode=osi&th=1&psc=1">View Product</a></div><div class="product"><a href="https://www.amazon.com/dp/B07CGW59KH?tag=eloabder-20&linkCode=osi&th=1&psc=1"><img src="https://m.media-amazon.com/images/I/611h06lvlUL._SL500_.jpg" alt="Product Image"></a><p>Loose Leaf Tea Sampler Create Your Own Tea Blend Starter Kit w/Sencha, Rooibos, China Black, & Ginger, Lavender, Rose, Lemongrass, Hibiscus Spices</p><p>$29.99</p><a href="https://www.amazon.com/dp/B07CGW59KH?tag=eloabder-20&linkCode=osi&th=1&psc=1">View Product</a></div><div class="product"><a href="https://www.amazon.com/dp/B0CT8JGNB8?tag=eloabder-20&linkCode=osi&th=1&psc=1"><img src="https://m.media-amazon.com/images/I/411PWQNU6BL._SL500_.jpg" alt="Product Image"></a><p>120 Premium Turmeric, Ginger, Cinnamon Blend Tea Bags, 100% Natural & No Additives & Caffeine Free.</p><p>$14.95 ($0.12 / Count)</p><a href="https://www.amazon.com/dp/B0CT8JGNB8?tag=eloabder-20&linkCode=osi&th=1&psc=1">View Product</a></div><div class="product"><a href="https://www.amazon.com/dp/B00OS96DVY?tag=eloabder-20&linkCode=osi&th=1&psc=1"><img src="https://m.media-amazon.com/images/I/51-sK6ajnML._SL500_.jpg" alt="Product Image"></a><p>Harney & Sons Tower of London Black Tea with Vanilla, Black Currant, Caramel, and Honey | 30 sachets, Historic Royal Palaces Collection</p><p>$10.33 ($3.90 / Ounce)</p><a href="https://www.amazon.com/dp/B00OS96DVY?tag=eloabder-20&linkCode=osi&th=1&psc=1">View Product</a></div><div class="product"><a href="https://www.amazon.com/dp/B0BHYBHVJ6?tag=eloabder-20&linkCode=osi&th=1&psc=1"><img src="https://m.media-amazon.com/images/I/51F9trJcmdL._SL500_.jpg" alt="Product Image"></a><p>Organic Sleep Blend Herbal Tea - 50 Packets - Natural Chamomile, Peppermint, Fennel And Tulsi Teabags - USDA Certified 100% Non-GMO - Decaffeinated Designer Gift Tin</p><p>$8.69 ($0.17 / Count)</p><a href="https://www.amazon.com/dp/B0BHYBHVJ6?tag=eloabder-20&linkCode=osi&th=1&psc=1">View Product</a></div>
<div class="product"><a href="https://www.amazon.com/dp/B0BVXD8CX3?tag=eloabder-20&linkCode=osi&th=1&psc=1"><img src="https://m.media-amazon.com/images/I/51hkEiL7c8L._SL500_.jpg" alt="Product Image"></a><p>Simply Organic Herbs, Spices and Seasonings Assorted Variety Sampler Gift Set - By Veher (24-Pack)</p><p>$142.95 ($5.96 / Ounce)</p><a href="https://www.amazon.com/dp/B0BVXD8CX3?tag=eloabder-20&linkCode=osi&th=1&psc=1">View Product</a></div><div class="product"><a href="https://www.amazon.com/dp/B094WXH3KP?tag=eloabder-20&linkCode=osi&th=1&psc=1"><img src="https://m.media-amazon.com/images/I/51mqUk3dM1L._SL500_.jpg" alt="Product Image"></a><p>eonou Encore Seasonings and Spices 10 pk - Premium Cooking Spices and Herbs (Oregano, Rosemary, Basil, Parsley, Italian Seasoning, Cumin, Steak Spice, Chopped Onion, Onion Powder, Thyme)</p><p>$19.99 ($2.00 / Count)</p><a href="https://www.amazon.com/dp/B094WXH3KP?tag=eloabder-20&linkCode=osi&th=1&psc=1">View Product</a></div><div class="product"><a href="https://www.amazon.com/dp/B072N9BLHS?tag=eloabder-20&linkCode=osi&th=1&psc=1"><img src="https://m.media-amazon.com/images/I/519zkN7EgWL._SL500_.jpg" alt="Product Image"></a><p>The Spice Way Herbes De Provence - | 4oz | fresh herbs and spice seasoning</p><p>$6.99 ($1.75 / Ounce)</p><a href="https://www.amazon.com/dp/B072N9BLHS?tag=eloabder-20&linkCode=osi&th=1&psc=1">View Product</a></div><div class="product"><a href="https://www.amazon.com/dp/B0761Z81ZK?tag=eloabder-20&linkCode=osi&th=1&psc=1"><img src="https://m.media-amazon.com/images/I/51tYgb8ntBL._SL500_.jpg" alt="Product Image"></a><p>McCormick Grill Mates Roasted Garlic & Herb Seasoning, 9.25 oz</p><p>$7.43 ($0.80 / Ounce)</p><a href="https://www.amazon.com/dp/B0761Z81ZK?tag=eloabder-20&linkCode=osi&th=1&psc=1">View Product</a></div><div class="product"><a href="https://www.amazon.com/dp/B00CQ7K9J2?tag=eloabder-20&linkCode=osi&th=1&psc=1"><img src="https://m.media-amazon.com/images/I/317BBm1p-TL._SL500_.jpg" alt="Product Image"></a><p>Bragg Sprinkle Herbs and Spices - Salt Free Seasoning, 1.5oz, Single</p><p>$6.99 ($4.66 / Ounce)</p><a href="https://www.amazon.com/dp/B00CQ7K9J2?tag=eloabder-20&linkCode=osi&th=1&psc=1">View Product</a></div><div class="product"><a href="https://www.amazon.com/dp/B003H2S2KI?tag=eloabder-20&linkCode=osi&th=1&psc=1"><img src="https://m.media-amazon.com/images/I/41mr0wk+3mL._SL500_.jpg" alt="Product Image"></a><p>Badia Herbs De Provence, 8 Ounces</p><p>$6.26 ($0.78 / Ounce)</p><a href="https://www.amazon.com/dp/B003H2S2KI?tag=eloabder-20&linkCode=osi&th=1&psc=1">View Product</a></div><div class="product"><a href="https://www.amazon.com/dp/B0BQ4VRJBL?tag=eloabder-20&linkCode=osi&th=1&psc=1"><img src="https://m.media-amazon.com/images/I/41ZxLNNd8mL._SL500_.jpg" alt="Product Image"></a><p>Weber Roasted Garlic & Herb Seasoning, 5.5 Ounce Shaker</p><p>$2.82 ($0.51 / Ounce)</p><a href="https://www.amazon.com/dp/B0BQ4VRJBL?tag=eloabder-20&linkCode=osi&th=1&psc=1">View Product</a></div><div class="product"><a href="https://www.amazon.com/dp/B08KRC7V7J?tag=eloabder-20&linkCode=osi&th=1&psc=1"><img src="https://m.media-amazon.com/images/I/4170CYnZ9WL._SL500_.jpg" alt="Product Image"></a><p>McCormick Salt Free Garlic and Herb Seasoning, 4.37 oz</p><p>$4.68 ($1.07 / Ounce)</p><a href="https://www.amazon.com/dp/B08KRC7V7J?tag=eloabder-20&linkCode=osi&th=1&psc=1">View Product</a></div><div class="product"><a href="https://www.amazon.com/dp/B00IX4WUTY?tag=eloabder-20&linkCode=osi&th=1&psc=1"><img src="https://m.media-amazon.com/images/I/51TAH1ijkqS._SL500_.jpg" alt="Product Image"></a><p>Bragg Sprinkle Herbs and Spices Seasoning, 1.5oz, 3 Pack</p><p>$20.27 ($13.51 / Ounce)</p><a href="https://www.amazon.com/dp/B00IX4WUTY?tag=eloabder-20&linkCode=osi&th=1&psc=1">View Product</a></div>
<div class="product"><a href="https://www.amazon.com/dp/B0BWSKYV63?tag=eloabder-20&linkCode=osi&th=1&psc=1"><img src="https://m.media-amazon.com/images/I/51Q5Je2yRhL._SL500_.jpg" alt="Product Image"></a><p>Welch's Fruit Snacks, Mixed Fruit, Perfect Easter Basket Stuffers, Gluten Free, Bulk Pack, Individual Single Serve Bags, 0.8 oz (Pack of 40)</p><p>$7.99 ($0.25 / Ounce)</p><a href="https://www.amazon.com/dp/B0BWSKYV63?tag=eloabder-20&linkCode=osi&th=1&psc=1">View Product</a></div><div class="product"><a href="https://www.amazon.com/dp/B08826B2XL?tag=eloabder-20&linkCode=osi&th=1&psc=1"><img src="https://m.media-amazon.com/images/I/61DT5pSYXFL._SL500_.jpg" alt="Product Image"></a><p>Frito Lay Ultimate Classic Snacks Package, Variety Assortment of Chips, Cookies, Crackers, & Nuts, (Pack of 40) (Packaging May Vary)</p><p>$26.91</p><a href="https://www.amazon.com/dp/B08826B2XL?tag=eloabder-20&linkCode=osi&th=1&psc=1">View Product</a></div><div class="product"><a href="https://www.amazon.com/dp/B013OY25GA?tag=eloabder-20&linkCode=osi&th=1&psc=1"><img src="https://m.media-amazon.com/images/I/51FlSjX95aL._SL500_.jpg" alt="Product Image"></a><p>Snack Pack Chocolate and Vanilla Flavored Pudding Cups Family Pack, 12 Count Pudding Cups (6 Pack)</p><p>$3.27 ($0.01 / Ounce)</p><a href="https://www.amazon.com/dp/B013OY25GA?tag=eloabder-20&linkCode=osi&th=1&psc=1">View Product</a></div><div class="product"><a href="https://www.amazon.com/dp/B0BWSLB73Z?tag=eloabder-20&linkCode=osi&th=1&psc=1"><img src="https://m.media-amazon.com/images/I/51RWXG4OG6L._SL500_.jpg" alt="Product Image"></a><p>Welch's Fruit Snacks, Fruit Punch & Island Fruits Variety Pack, Perfect for School Lunches, Gluten Free, Bulk Pack, 0.8 oz Individual Single Serve Bags (Pack of 40)</p><p>$8.49 ($0.21 / Count)</p><a href="https://www.amazon.com/dp/B0BWSLB73Z?tag=eloabder-20&linkCode=osi&th=1&psc=1">View Product</a></div><div class="product"><a href="https://www.amazon.com/dp/B09FFXR2VV?tag=eloabder-20&linkCode=osi&th=1&psc=1"><img src="https://m.media-amazon.com/images/I/51SZiftXwcL._SL500_.jpg" alt="Product Image"></a><p>The Only Bean Crunchy Dry Roasted Edamame Snacks (Sea Salt), Keto Snack Food, High Protein (11g) Healthy Snacks, Low Carb Gluten Free Office Vegan Food 100 Calorie Snack Pack, 0.9oz 10 Pack</p><p>$12.72 ($1.41 / Ounce)</p><a href="https://www.amazon.com/dp/B09FFXR2VV?tag=eloabder-20&linkCode=osi&th=1&psc=1">View Product</a></div><div class="product"><a href="https://www.amazon.com/dp/B072151Q32?tag=eloabder-20&linkCode=osi&th=1&psc=1"><img src="https://m.media-amazon.com/images/I/41Rlgfdz90L._SL500_.jpg" alt="Product Image"></a><p>Dole Fruit Bowls No Sugar Added Variety Pack Snacks, Peaches, Mandarin Oranges & Cherry Mixed Fruit, 4oz 12 Cups, Gluten & Dairy Free, Bulk Lunch Snacks for Kids & Adults</p><p>$6.74 ($0.56 / Count)</p><a href="https://www.amazon.com/dp/B072151Q32?tag=eloabder-20&linkCode=osi&th=1&psc=1">View Product</a></div><div class="product"><a href="https://www.amazon.com/dp/B084RDDFGR?tag=eloabder-20&linkCode=osi&th=1&psc=1"><img src="https://m.media-amazon.com/images/I/41eLMpoHGkL._SL500_.jpg" alt="Product Image"></a><p>Kellogg's Rice Krispies Treats, Crispy Marshmallow Squares, Original, School Lunch Snack, 41.9oz Case (54 Count)</p><p>$13.49 ($0.32 / Ounce)</p><a href="https://www.amazon.com/dp/B084RDDFGR?tag=eloabder-20&linkCode=osi&th=1&psc=1">View Product</a></div><div class="product"><a href="https://www.amazon.com/dp/B00G2XNSWQ?tag=eloabder-20&linkCode=osi&th=1&psc=1"><img src="https://m.media-amazon.com/images/I/411XH1pQP8L._SL500_.jpg" alt="Product Image"></a><p>Nutella & GO! Bulk 12 Pack, Hazelnut and Cocoa Spread with Breadsticks, Snack Cups for Kids, 1.8 oz Each</p><p>$11.99 ($0.56 / Ounce)</p><a href="https://www.amazon.com/dp/B00G2XNSWQ?tag=eloabder-20&linkCode=osi&th=1&psc=1">View Product</a></div><div class="product"><a href="https://www.amazon.com/dp/B00KR7PKTC?tag=eloabder-20&linkCode=osi&th=1&psc=1"><img src="https://m.media-amazon.com/images/I/414UW7g-s5L._SL500_.jpg" alt="Product Image"></a><p>Cheez-It Cheese Crackers, Baked Snack Crackers, Lunch Snacks, Variety Pack, 12.1oz Box (12 Packs)</p><p>$5.82 ($0.48 / Ounce)</p><a href="https://www.amazon.com/dp/B00KR7PKTC?tag=eloabder-20&linkCode=osi&th=1&psc=1">View Product</a></div><div class="product"><a href="https://www.amazon.com/dp/B078D7MGY5?tag=eloabder-20&linkCode=osi&th=1&psc=1"><img src="https://m.media-amazon.com/images/I/41ttxloA1AL._SL500_.jpg" alt="Product Image"></a><p>Pringles Potato Crisps Chips, Lunch Snacks, On-the-Go Snacks, Snack Stacks, Variety Pack, 19.3oz Box (27 Cups)</p><p>$12.99 ($0.67 / Ounce)</p><a href="https://www.amazon.com/dp/B078D7MGY5?tag=eloabder-20&linkCode=osi&th=1&psc=1">View Product</a></div>
<div class="product"><a href="https://www.amazon.com/dp/B0C5YLP6PC?tag=eloabder-20&linkCode=osi&th=1&psc=1"><img src="https://m.media-amazon.com/images/I/41Ru-8CxkhL._SL500_.jpg" alt="Product Image"></a><p>3 Pack, Gluten Free Potato Gnocchi, Cooks in 2-3 minutes, (3 x 1 lb), Italian Gnocchi, Product of Italy, NON GMO, Eggs Free, Vegan, by L'Oro Del Sud</p><p>$17.99 ($1.12 / Ounce)</p><a href="https://www.amazon.com/dp/B0C5YLP6PC?tag=eloabder-20&linkCode=osi&th=1&psc=1">View Product</a></div><div class="product"><a href="https://www.amazon.com/dp/B09Q98H64R?tag=eloabder-20&linkCode=osi&th=1&psc=1"><img src="https://m.media-amazon.com/images/I/5101NV4WQOL._SL500_.jpg" alt="Product Image"></a><p>Kraft Gluten Free Original Mac & Cheese Macaroni and Cheese Dinner, 4 ct Pack, 1.9 oz Cups</p><p>$6.49 ($0.85 / Ounce)</p><a href="https://www.amazon.com/dp/B09Q98H64R?tag=eloabder-20&linkCode=osi&th=1&psc=1">View Product</a></div><div class="product"><a href="https://www.amazon.com/dp/B0BRBWXDTK?tag=eloabder-20&linkCode=osi&th=1&psc=1"><img src="https://m.media-amazon.com/images/I/41Di2iNnMJL._SL500_.jpg" alt="Product Image"></a><p>Katz Gluten Free Oatmeal Crème Pies| Dairy Free, Nut Free, Soy Free, Gluten Free | Kosher (1 Pack 6.3 Ounce)</p><p>$12.99 ($2.16 / Ounce)</p><a href="https://www.amazon.com/dp/B0BRBWXDTK?tag=eloabder-20&linkCode=osi&th=1&psc=1">View Product</a></div><div class="product"><a href="https://www.amazon.com/dp/B01JJ9H1Q8?tag=eloabder-20&linkCode=osi&th=1&psc=1"><img src="https://m.media-amazon.com/images/I/41EC1yykptL._SL500_.jpg" alt="Product Image"></a><p>King Arthur, Measure for Measure Flour, Certified Gluten-Free, Non-GMO Project Verified, Certified Kosher, 3 Pounds, Packaging May Vary</p><p>$8.62 ($0.18 / Ounce)</p><a href="https://www.amazon.com/dp/B01JJ9H1Q8?tag=eloabder-20&linkCode=osi&th=1&psc=1">View Product</a></div><div class="product"><a href="https://www.amazon.com/dp/B07CL1SRNB?tag=eloabder-20&linkCode=osi&th=1&psc=1"><img src="https://m.media-amazon.com/images/I/51jpv3MCzgL._SL500_.jpg" alt="Product Image"></a><p>Snyder's of Hanover, Gluten Free Pretzels, 8 Oz</p><p>$4.89 ($0.61 / Ounce)</p><a href="https://www.amazon.com/dp/B07CL1SRNB?tag=eloabder-20&linkCode=osi&th=1&psc=1">View Product</a></div><div class="product"><a href="https://www.amazon.com/dp/B004TSXNIA?tag=eloabder-20&linkCode=osi&th=1&psc=1"><img src="https://m.media-amazon.com/images/I/5137tUox+SL._SL500_.jpg" alt="Product Image"></a><p>Annie's Gluten Free Cocoa and Vanilla Bunny Cookies, 6.75 oz</p><p>$4.22 ($0.62 / Ounce)</p><a href="https://www.amazon.com/dp/B004TSXNIA?tag=eloabder-20&linkCode=osi&th=1&psc=1">View Product</a></div><div class="product"><a href="https://www.amazon.com/dp/B00GI9B84O?tag=eloabder-20&linkCode=osi&th=1&psc=1"><img src="https://m.media-amazon.com/images/I/41e7kO-b3WS._SL500_.jpg" alt="Product Image"></a><p>Mom's Place Gluten Free Beef Stroganoff Mix</p><p>$5.99 ($5.99 / Count)</p><a href="https://www.amazon.com/dp/B00GI9B84O?tag=eloabder-20&linkCode=osi&th=1&psc=1">View Product</a></div><div class="product"><a href="https://www.amazon.com/dp/B0BXQWVL1Q?tag=eloabder-20&linkCode=osi&th=1&psc=1"><img src="https://m.media-amazon.com/images/I/413idrGl7fL._SL500_.jpg" alt="Product Image"></a><p>Simple Mills Almond Flour Snack Bars (Chocolate Brownie) with Organic Coconut Oil, Chia Seeds, Sunflower Seeds, and Flax Seeds, 6oz, 1 Count</p><p>$4.50 ($0.75 / Ounce)</p><a href="https://www.amazon.com/dp/B0BXQWVL1Q?tag=eloabder-20&linkCode=osi&th=1&psc=1">View Product</a></div><div class="product"><a href="https://www.amazon.com/dp/B09Z9QV2CT?tag=eloabder-20&linkCode=osi&th=1&psc=1"><img src="https://m.media-amazon.com/images/I/41pnXqKjS7L._SL500_.jpg" alt="Product Image"></a><p>Mom's Place Gluten Free Biscuits & Gravy Mix</p><p>$8.99 ($0.67 / Ounce)</p><a href="https://www.amazon.com/dp/B09Z9QV2CT?tag=eloabder-20&linkCode=osi&th=1&psc=1">View Product</a></div>
<div class="product"><a href="https://www.amazon.com/dp/B0BNZF5CCM?tag=eloabder-20&linkCode=osi&th=1&psc=1"><img src="https://m.media-amazon.com/images/I/61ZB1KesX-L._SL500_.jpg" alt="Product Image"></a><p>Midi International Snack Box | Premium Exotic Foreign Snacks | Unique Snack Food Gifts Included | Purple Theme Box | Candies from Around the World | 12 Full-Size + 1 Bonus Snacks</p><p>$14.95 ($14.95 / Count)</p><a href="https://www.amazon.com/dp/B0BNZF5CCM?tag=eloabder-20&linkCode=osi&th=1&psc=1">View Product</a></div><div class="product"><a href="https://www.amazon.com/dp/B08W72N8SM?tag=eloabder-20&linkCode=osi&th=1&psc=1"><img src="https://m.media-amazon.com/images/I/61UC7bprqkL._SL500_.jpg" alt="Product Image"></a><p>Midi International Snack Box | Premium Exotic Foreign Snacks | Unique Snack Food Gifts Included | Fantastic Space Theme | Candies from Around the World | 12 Full-Size + 1 Bonus Snacks</p><p>$14.99 ($1.25 / Count)</p><a href="https://www.amazon.com/dp/B08W72N8SM?tag=eloabder-20&linkCode=osi&th=1&psc=1">View Product</a></div><div class="product"><a href="https://www.amazon.com/dp/B0C6PRVVJY?tag=eloabder-20&linkCode=osi&th=1&psc=1"><img src="https://m.media-amazon.com/images/I/61o8Z3EzSnL._SL500_.jpg" alt="Product Image"></a><p>International Exotic Snack Box Variety Pack, 22 Count Premium Foreign Rare Snack Food Gifts with Suprise Item for Fun, Mystery Box of Snacks, European Snacks for Adults and Kids</p><p>$29.95</p><a href="https://www.amazon.com/dp/B0C6PRVVJY?tag=eloabder-20&linkCode=osi&th=1&psc=1">View Product</a></div><div class="product"><a href="https://www.amazon.com/dp/B09T7B3QFJ?tag=eloabder-20&linkCode=osi&th=1&psc=1"><img src="https://m.media-amazon.com/images/I/61Xx7pPJCkL._SL500_.jpg" alt="Product Image"></a><p>Universal Yums International Snack Box | Variety Pack Of Chips, Candy, Chocolates, And Snacks From Around The World | Foreign Snacks For Office, Family, Gifts, And Parties | (50 Exotic Snacks)</p><p>$49.50</p><a href="https://www.amazon.com/dp/B09T7B3QFJ?tag=eloabder-20&linkCode=osi&th=1&psc=1">View Product</a></div><div class="product"><a href="https://www.amazon.com/dp/B08W71KXLS?tag=eloabder-20&linkCode=osi&th=1&psc=1"><img src="https://m.media-amazon.com/images/I/61dcTJQFmBL._SL500_.jpg" alt="Product Image"></a><p>Midi International Snack Box | Premium Exotic Foreign Snacks | Unique Snack Food Gifts Included | Picnic Box Theme | Candies from Around the World | 12 Full-Size + 1 Bonus Snacks</p><p>$14.99 ($14.99 / Count)</p><a href="https://www.amazon.com/dp/B08W71KXLS?tag=eloabder-20&linkCode=osi&th=1&psc=1">View Product</a></div><div class="product"><a href="https://www.amazon.com/dp/B09TG6WCBC?tag=eloabder-20&linkCode=osi&th=1&psc=1"><img src="https://m.media-amazon.com/images/I/61lmk368l0L._SL500_.jpg" alt="Product Image"></a><p>Midi International Snack Box (Fairy Tale Themed) | Snacks Variety Pack of International Treats | Foreign Snack Box Offering Unique Experience | Mix Care Pack of Turkish Candies | 12 Full-Size Snacks</p><p>$14.99 ($1.00 / Ounce)</p><a href="https://www.amazon.com/dp/B09TG6WCBC?tag=eloabder-20&linkCode=osi&th=1&psc=1">View Product</a></div><div class="product"><a href="https://www.amazon.com/dp/B0BNZCVDYQ?tag=eloabder-20&linkCode=osi&th=1&psc=1"><img src="https://m.media-amazon.com/images/I/61aTXvWjbSL._SL500_.jpg" alt="Product Image"></a><p>Midi International Snack Box | Premium Exotic Foreign Snacks | Unique Snack Food Gifts Included | Orange Nebula Space Theme | Candies from Around the World | 12 Full-Size + 1 Bonus Snacks</p><p>$14.99 ($14.99 / Count)</p><a href="https://www.amazon.com/dp/B0BNZCVDYQ?tag=eloabder-20&linkCode=osi&th=1&psc=1">View Product</a></div><div class="product"><a href="https://www.amazon.com/dp/B0CK8DWXS2?tag=eloabder-20&linkCode=osi&th=1&psc=1"><img src="https://m.media-amazon.com/images/I/511Z-FX62TL._SL500_.jpg" alt="Product Image"></a><p>Mega International Snack Box | Premium Exotic Foreign Snacks | Unique Snack Food Gifts Included | Try Extraordinary Turkish Snacks | Candies from Around the World | 32+1 Full-Size Snacks</p><p>$39.95 ($1.00 / Ounce)</p><a href="https://www.amazon.com/dp/B0CK8DWXS2?tag=eloabder-20&linkCode=osi&th=1&psc=1">View Product</a></div><div class="product"><a href="https://www.amazon.com/dp/B0CGRMR7VN?tag=eloabder-20&linkCode=osi&th=1&psc=1"><img src="https://m.media-amazon.com/images/I/51PgWRUNnkL._SL500_.jpg" alt="Product Image"></a><p>Turkish Foreign Snack Box, Gourmet Turkish Food Gift Box, Variety of Unique Sweets and Savory Snacks from Turkey - International Snacks Box - Full Sized Snacks - 24ct</p><p>$23.99 ($1.00 / Count)</p><a href="https://www.amazon.com/dp/B0CGRMR7VN?tag=eloabder-20&linkCode=osi&th=1&psc=1">View Product</a></div>
<div class="product"><a href="https://www.amazon.com/dp/B001EQ5NHE?tag=eloabder-20&linkCode=osi&th=1&psc=1"><img src="https://m.media-amazon.com/images/I/51Kg06c5YuL._SL500_.jpg" alt="Product Image"></a><p>Spam Classic, 12 Ounce Can (Pack of 12)</p><p>$28.32 ($0.20 / Ounce)</p><a href="https://www.amazon.com/dp/B001EQ5NHE?tag=eloabder-20&linkCode=osi&th=1&psc=1">View Product</a></div><div class="product"><a href="https://www.amazon.com/dp/B08DQ6422D?tag=eloabder-20&linkCode=osi&th=1&psc=1"><img src="https://m.media-amazon.com/images/I/51-xOj2EbVL._SL500_.jpg" alt="Product Image"></a><p>Del Monte Cut Blue Lake Green Beans With No Added Salt 14.5 Oz,(Pack of 4)</p><p>$5.28 ($0.09 / Ounce)</p><a href="https://www.amazon.com/dp/B08DQ6422D?tag=eloabder-20&linkCode=osi&th=1&psc=1">View Product</a></div><div class="product"><a href="https://www.amazon.com/dp/B089PMW6C3?tag=eloabder-20&linkCode=osi&th=1&psc=1"><img src="https://m.media-amazon.com/images/I/41fKtFm2RAL._SL500_.jpg" alt="Product Image"></a><p>SpaghettiOs Canned Pasta with Meatballs, 15.6 oz Can (Pack of 12)</p><p>$11.44 ($0.06 / Ounce)</p><a href="https://www.amazon.com/dp/B089PMW6C3?tag=eloabder-20&linkCode=osi&th=1&psc=1">View Product</a></div><div class="product"><a href="https://www.amazon.com/dp/B006VS7C60?tag=eloabder-20&linkCode=osi&th=1&psc=1"><img src="https://m.media-amazon.com/images/I/51adZb-RUeL._SL500_.jpg" alt="Product Image"></a><p>Campbell’s Pork and Beans, 11 Oz Can (Case of 24)</p><p>$20.64 ($0.08 / Ounce)</p><a href="https://www.amazon.com/dp/B006VS7C60?tag=eloabder-20&linkCode=osi&th=1&psc=1">View Product</a></div><div class="product"><a href="https://www.amazon.com/dp/B00CPDWTBI?tag=eloabder-20&linkCode=osi&th=1&psc=1"><img src="https://m.media-amazon.com/images/I/61M2-LCC5uL._SL500_.jpg" alt="Product Image"></a><p>DEL MONTE FRESH CUT Whole New Canned Potatoes, Canned Vegetables, 12 Pack, 14.5 oz Can</p><p>$17.76 ($0.10 / Ounce)</p><a href="https://www.amazon.com/dp/B00CPDWTBI?tag=eloabder-20&linkCode=osi&th=1&psc=1">View Product</a></div><div class="product"><a href="https://www.amazon.com/dp/B00TFPKEZM?tag=eloabder-20&linkCode=osi&th=1&psc=1"><img src="https://m.media-amazon.com/images/I/51VTHItyaXL._SL500_.jpg" alt="Product Image"></a><p>Del Monte Canned Fresh Cut French Style Green Beans, 8 Ounce (Pack of 12)</p><p>$16.68 ($0.17 / Ounce)</p><a href="https://www.amazon.com/dp/B00TFPKEZM?tag=eloabder-20&linkCode=osi&th=1&psc=1">View Product</a></div><div class="product"><a href="https://www.amazon.com/dp/B08WR5J62L?tag=eloabder-20&linkCode=osi&th=1&psc=1"><img src="https://m.media-amazon.com/images/I/51QjonsN18L._SL500_.jpg" alt="Product Image"></a><p>Chicken of the Sea Chunk Light Tuna in Water, Wild Caught Tuna, 5-Ounce Cans (Pack of 10)</p><p>$8.90 ($2.85 / lb)</p><a href="https://www.amazon.com/dp/B08WR5J62L?tag=eloabder-20&linkCode=osi&th=1&psc=1">View Product</a></div><div class="product"><a href="https://www.amazon.com/dp/B01MQ6BDM0?tag=eloabder-20&linkCode=osi&th=1&psc=1"><img src="https://m.media-amazon.com/images/I/51chxbCoRfL._SL500_.jpg" alt="Product Image"></a><p>Libby's Vienna Sausage in Chicken Broth, Canned Sausage, 4.6 OZ (Pack of 24)</p><p>$23.52 ($0.98 / Count)</p><a href="https://www.amazon.com/dp/B01MQ6BDM0?tag=eloabder-20&linkCode=osi&th=1&psc=1">View Product</a></div><div class="product"><a href="https://www.amazon.com/dp/B01NBFQ8TF?tag=eloabder-20&linkCode=osi&th=1&psc=1"><img src="https://m.media-amazon.com/images/I/41ijyPglLPL._SL500_.jpg" alt="Product Image"></a><p>Bush's Best Baked Beans, Country Style with Bacon and Brown Sugar, 8.3 OZ (Pack of 12)</p><p>$20.28 ($1.69 / Count)</p><a href="https://www.amazon.com/dp/B01NBFQ8TF?tag=eloabder-20&linkCode=osi&th=1&psc=1">View Product</a></div><div class="product"><a href="https://www.amazon.com/dp/B019YHSNGC?tag=eloabder-20&linkCode=osi&th=1&psc=1"><img src="https://m.media-amazon.com/images/I/51oHYkvLL0L._SL500_.jpg" alt="Product Image"></a><p>Bumble Bee Chunk Light Tuna In Water, 5 oz Cans (Pack of 24) - Wild Caught Skipjack Tuna - 23g Protein Per Serving - MSC Certified Sustainable Seafood, Non-GMO, Gluten Free, Kosher</p><p>$23.36 ($0.19 / Ounce)</p><a href="https://www.amazon.com/dp/B019YHSNGC?tag=eloabder-20&linkCode=osi&th=1&psc=1">View Product</a></div>
<div class="product"><a href="https://www.amazon.com/dp/B07KQNNW9K?tag=eloabder-20&linkCode=osi&th=1&psc=1"><img src="https://m.media-amazon.com/images/I/51EVSxp535L._SL500_.jpg" alt="Product Image"></a><p>HORMEL COMPLEATS Protein Variety Pack Microwave Trays (Pack of 5)</p><p>$14.99 ($0.33 / Ounce)</p><a href="https://www.amazon.com/dp/B07KQNNW9K?tag=eloabder-20&linkCode=osi&th=1&psc=1">View Product</a></div><div class="product"><a href="https://www.amazon.com/dp/B000V1JVAI?tag=eloabder-20&linkCode=osi&th=1&psc=1"><img src="https://m.media-amazon.com/images/I/51moeAwg0qL._SL500_.jpg" alt="Product Image"></a><p>HORMEL COMPLEATS Meatloaf & Gravy With Mashed Potatoes Microwave Tray, 9 oz. (6 Pack)</p><p>$13.68 ($0.25 / Ounce)</p><a href="https://www.amazon.com/dp/B000V1JVAI?tag=eloabder-20&linkCode=osi&th=1&psc=1">View Product</a></div><div class="product"><a href="https://www.amazon.com/dp/B001E55YXS?tag=eloabder-20&linkCode=osi&th=1&psc=1"><img src="https://m.media-amazon.com/images/I/51f7Q-awP2L._SL500_.jpg" alt="Product Image"></a><p>HORMEL COMPLEATS Beef Pot Roast Microwave Tray, 9 Ounce (Pack of 6)</p><p>$13.68 ($0.25 / Ounce)</p><a href="https://www.amazon.com/dp/B001E55YXS?tag=eloabder-20&linkCode=osi&th=1&psc=1">View Product</a></div><div class="product"><a href="https://www.amazon.com/dp/B001E52XGO?tag=eloabder-20&linkCode=osi&th=1&psc=1"><img src="https://m.media-amazon.com/images/I/513-IE78MvL._SL500_.jpg" alt="Product Image"></a><p>HORMEL COMPLEATS Turkey & Dressing Microwave Tray, 10 oz. (6 Pack)</p><p>$13.68 ($0.23 / Ounce)</p><a href="https://www.amazon.com/dp/B001E52XGO?tag=eloabder-20&linkCode=osi&th=1&psc=1">View Product</a></div><div class="product"><a href="https://www.amazon.com/dp/B01JLWGOCA?tag=eloabder-20&linkCode=osi&th=1&psc=1"><img src="https://m.media-amazon.com/images/I/41JtN2c2Y3L._SL500_.jpg" alt="Product Image"></a><p>Idahoan Four Cheese Mashed Potatoes, Made with Gluten-Free 100-Percent Real Idaho Potatoes, 1.5 oz Cup (Pack of 10)</p><p>$11.23 ($0.75 / Ounce)</p><a href="https://www.amazon.com/dp/B01JLWGOCA?tag=eloabder-20&linkCode=osi&th=1&psc=1">View Product</a></div><div class="product"><a href="https://www.amazon.com/dp/B08P3SVWFR?tag=eloabder-20&linkCode=osi&th=1&psc=1"><img src="https://m.media-amazon.com/images/I/51Q7KX85dtL._SL500_.jpg" alt="Product Image"></a><p>StarKist Premium White Chicken - 2.6 oz Pouch (Pack of 12)</p><p>$15.06 ($0.48 / Ounce)</p><a href="https://www.amazon.com/dp/B08P3SVWFR?tag=eloabder-20&linkCode=osi&th=1&psc=1">View Product</a></div><div class="product"><a href="https://www.amazon.com/dp/B001E52WAG?tag=eloabder-20&linkCode=osi&th=1&psc=1"><img src="https://m.media-amazon.com/images/I/51dV9dBtkEL._SL500_.jpg" alt="Product Image"></a><p>Dinty Moore Beef Stew, 9-Ounce Packages (Pack of 6)</p><p>$17.34 ($0.32 / Ounce)</p><a href="https://www.amazon.com/dp/B001E52WAG?tag=eloabder-20&linkCode=osi&th=1&psc=1">View Product</a></div><div class="product"><a href="https://www.amazon.com/dp/B0BTQWY5LL?tag=eloabder-20&linkCode=osi&th=1&psc=1"><img src="https://m.media-amazon.com/images/I/61dN-t0ureL._SL500_.jpg" alt="Product Image"></a><p>MISS OLIVE'S Variety Pack Microwavable Low Sodium Ready Meals (Bundle of 6)-1 of each flavor</p><p>$26.49 ($0.63 / Ounce)</p><a href="https://www.amazon.com/dp/B0BTQWY5LL?tag=eloabder-20&linkCode=osi&th=1&psc=1">View Product</a></div><div class="product"><a href="https://www.amazon.com/dp/B0111Y7PO2?tag=eloabder-20&linkCode=osi&th=1&psc=1"><img src="https://m.media-amazon.com/images/I/51ReJtj0zJL._SL500_.jpg" alt="Product Image"></a><p>HORMEL COMPLEATS Rice & Chicken Microwave Tray, 7.5 Ounces (Pack of 7)</p><p>$15.96 ($0.30 / Ounce)</p><a href="https://www.amazon.com/dp/B0111Y7PO2?tag=eloabder-20&linkCode=osi&th=1&psc=1">View Product</a></div><div class="product"><a href="https://www.amazon.com/dp/B09GL33XZG?tag=eloabder-20&linkCode=osi&th=1&psc=1"><img src="https://m.media-amazon.com/images/I/41tbj+XvZLL._SL500_.jpg" alt="Product Image"></a><p>HMR Ultimate Entrée Pack | Pre-packaged Lunch or Dinner to Support Weight Loss | Pack of 17 Ready to Eat Meals | 10-20 grams of Protein per Entrée | Low Calorie Food | 7-8oz Servings per Meal</p><p>$89.99</p><a href="https://www.amazon.com/dp/B09GL33XZG?tag=eloabder-20&linkCode=osi&th=1&psc=1">View Product</a></div>
<div class="product"><a href="https://www.amazon.com/dp/B00I9VBMLI?tag=eloabder-20&linkCode=osi&th=1&psc=1"><img src="https://m.media-amazon.com/images/I/51kyWWI+vRL._SL500_.jpg" alt="Product Image"></a><p>Chef Boyardee Beef Ravioli, 15 oz, 4 Pack</p><p>$4.48 ($0.07 / Count)</p><a href="https://www.amazon.com/dp/B00I9VBMLI?tag=eloabder-20&linkCode=osi&th=1&psc=1">View Product</a></div>
<div class="product"><a href="https://www.amazon.com/dp/B0CJCXLDSP?tag=eloabder-20&linkCode=osi&th=1&psc=1"><img src="https://m.media-amazon.com/images/I/41uUHvJRp2L._SL500_.jpg" alt="Product Image"></a><p>ARM & HAMMER Baking Soda Made in USA, Ideal for Baking, Pure & Natural, 2.7lb Bag</p><p>$7.99 ($0.18 / Ounce)</p><a href="https://www.amazon.com/dp/B0CJCXLDSP?tag=eloabder-20&linkCode=osi&th=1&psc=1">View Product</a></div><div class="product"><a href="https://www.amazon.com/dp/B07JFLXZQV?tag=eloabder-20&linkCode=osi&th=1&psc=1"><img src="https://m.media-amazon.com/images/I/41mGwlHTcmL._SL500_.jpg" alt="Product Image"></a><p>Vanilla Bean Paste for Baking and Cooking - Gourmet Madagascar Bourbon Blend made with Real Vanilla Seeds - 4 Ounces</p><p>$14.99 ($3.75 / Ounce)</p><a href="https://www.amazon.com/dp/B07JFLXZQV?tag=eloabder-20&linkCode=osi&th=1&psc=1">View Product</a></div><div class="product"><a href="https://www.amazon.com/dp/B0046EJ570?tag=eloabder-20&linkCode=osi&th=1&psc=1"><img src="https://m.media-amazon.com/images/I/31TFd1IdsRL._SL500_.jpg" alt="Product Image"></a><p>Watkins All Natural Original Gourmet Baking Vanilla, with Pure Vanilla Extract, 11 Fl Oz (Pack of 1) - Packaging May Vary</p><p>$12.35 ($1.12 / Fl Oz)</p><a href="https://www.amazon.com/dp/B0046EJ570?tag=eloabder-20&linkCode=osi&th=1&psc=1">View Product</a></div><div class="product"><a href="https://www.amazon.com/dp/B00PMUNEK6?tag=eloabder-20&linkCode=osi&th=1&psc=1"><img src="https://m.media-amazon.com/images/I/41LZqR+JNZL._SL500_.jpg" alt="Product Image"></a><p>10 Organic Madagascar Vanilla Beans Whole Grade A Vanilla Pods for Vanilla Extract and Baking</p><p>$11.04 ($1.10 / Count)</p><a href="https://www.amazon.com/dp/B00PMUNEK6?tag=eloabder-20&linkCode=osi&th=1&psc=1">View Product</a></div><div class="product"><a href="https://www.amazon.com/dp/B0CBW3D9T7?tag=eloabder-20&linkCode=osi&th=1&psc=1"><img src="https://m.media-amazon.com/images/I/414XubDDPPL._SL500_.jpg" alt="Product Image"></a><p>Scratch Diastatic Malt Powder for Baking - (10oz) Dried Barley Malt for Baking Bread - Bread Improver - Premium Baking Ingredients for Breads, Pizzas, Pretzels, Desserts, Shakes and More</p><p>$8.95 ($0.90 / Ounce)</p><a href="https://www.amazon.com/dp/B0CBW3D9T7?tag=eloabder-20&linkCode=osi&th=1&psc=1">View Product</a></div><div class="product"><a href="https://www.amazon.com/dp/B00VEJOUXE?tag=eloabder-20&linkCode=osi&th=1&psc=1"><img src="https://m.media-amazon.com/images/I/41HmZhMPH1L._SL500_.jpg" alt="Product Image"></a><p>Bob's Red Mill Baking Soda - 1 Pound (Pack of 4), Non GMO, Gluten Free, Vegan, Kosher, Paleo Friendly</p><p>$13.10 ($0.20 / Ounce)</p><a href="https://www.amazon.com/dp/B00VEJOUXE?tag=eloabder-20&linkCode=osi&th=1&psc=1">View Product</a></div><div class="product"><a href="https://www.amazon.com/dp/B0CG7C5X2F?tag=eloabder-20&linkCode=osi&th=1&psc=1"><img src="https://m.media-amazon.com/images/I/41cN3OdncVL._SL500_.jpg" alt="Product Image"></a><p>Micro Ingredients Baking Soda Powder, 6lbs | Pure Sodium Bicarbonate | Bulk Food Grade Supply | Great for Cleaning, Cooking, Laundry, or Personal Care | Non-GMO, Filler Free</p><p>$13.95 ($0.15 / Ounce)</p><a href="https://www.amazon.com/dp/B0CG7C5X2F?tag=eloabder-20&linkCode=osi&th=1&psc=1">View Product</a></div><div class="product"><a href="https://www.amazon.com/dp/B075456XMK?tag=eloabder-20&linkCode=osi&th=1&psc=1"><img src="https://m.media-amazon.com/images/I/31YCnL21+nL._SL500_.jpg" alt="Product Image"></a><p>Pure Original Ingredients Baking Soda (2 lb) Sodium Bicarbonate (NaHCO3), Always Pure, No Fillers Or Additives.</p><p>$11.99 ($0.37 / Ounce)</p><a href="https://www.amazon.com/dp/B075456XMK?tag=eloabder-20&linkCode=osi&th=1&psc=1">View Product</a></div><div class="product"><a href="https://www.amazon.com/dp/B08FYKMRGT?tag=eloabder-20&linkCode=osi&th=1&psc=1"><img src="https://m.media-amazon.com/images/I/41TdlxCI0EL._SL500_.jpg" alt="Product Image"></a><p>King Arthur, Baking Sugar Alternative, Made with Plant-Based Ingredients, Keto-Friendly, 1-to-1 Substitute for Granulated Sugar, 12 Ounces</p><p>$9.95 ($0.83 / Ounce)</p><a href="https://www.amazon.com/dp/B08FYKMRGT?tag=eloabder-20&linkCode=osi&th=1&psc=1">View Product</a></div><div class="product"><a href="https://www.amazon.com/dp/B07KKL5Q68?tag=eloabder-20&linkCode=osi&th=1&psc=1"><img src="https://m.media-amazon.com/images/I/41G0eZnHIxL._SL500_.jpg" alt="Product Image"></a><p>Pure Original Ingredients Baking Soda (1 Gallon) Aluminum Free, Cooking, Baking, Cleaning</p><p>$30.99 ($0.19 / Ounce)</p><a href="https://www.amazon.com/dp/B07KKL5Q68?tag=eloabder-20&linkCode=osi&th=1&psc=1">View Product</a></div>
<div class="product"><a href="https://www.amazon.com/dp/B0029K0U90?tag=eloabder-20&linkCode=osi&th=1&psc=1"><img src="https://m.media-amazon.com/images/I/412vWjuj9tL._SL500_.jpg" alt="Product Image"></a><p>Mrs. Wages Pasta Sauce Canning Mix 5 Ounce (Pack of 6)</p><p>$19.32 ($0.64 / Ounce)</p><a href="https://www.amazon.com/dp/B0029K0U90?tag=eloabder-20&linkCode=osi&th=1&psc=1">View Product</a></div><div class="product"><a href="https://www.amazon.com/dp/B0005ZWUDU?tag=eloabder-20&linkCode=osi&th=1&psc=1"><img src="https://m.media-amazon.com/images/I/411oE+5BGYL._SL500_.jpg" alt="Product Image"></a><p>Classico Roasted Garlic Tomato Spaghetti Pasta Sauce (24 oz Jar)</p><p>$2.98 ($0.12 / Ounce)</p><a href="https://www.amazon.com/dp/B0005ZWUDU?tag=eloabder-20&linkCode=osi&th=1&psc=1">View Product</a></div><div class="product"><a href="https://www.amazon.com/dp/B00H3TKG6O?tag=eloabder-20&linkCode=osi&th=1&psc=1"><img src="https://m.media-amazon.com/images/I/41dtGUjEl7L._SL500_.jpg" alt="Product Image"></a><p>Classico Family Favorites Traditional Pasta Sauce (24 oz Jar)</p><p>$2.16 ($0.09 / Ounce)</p><a href="https://www.amazon.com/dp/B00H3TKG6O?tag=eloabder-20&linkCode=osi&th=1&psc=1">View Product</a></div><div class="product"><a href="https://www.amazon.com/dp/B088N719GQ?tag=eloabder-20&linkCode=osi&th=1&psc=1"><img src="https://m.media-amazon.com/images/I/412O4vvfLcL._SL500_.jpg" alt="Product Image"></a><p>Prego Traditional Pasta Sauce, 45 Oz Jar</p><p>$4.23 ($0.09 / Ounce)</p><a href="https://www.amazon.com/dp/B088N719GQ?tag=eloabder-20&linkCode=osi&th=1&psc=1">View Product</a></div><div class="product"><a href="https://www.amazon.com/dp/B00IAE65L6?tag=eloabder-20&linkCode=osi&th=1&psc=1"><img src="https://m.media-amazon.com/images/I/41keFWtHEbL._SL500_.jpg" alt="Product Image"></a><p>Prego Traditional Pasta Sauce, 67 Oz Jar</p><p>$5.36 ($0.08 / Ounce)</p><a href="https://www.amazon.com/dp/B00IAE65L6?tag=eloabder-20&linkCode=osi&th=1&psc=1">View Product</a></div><div class="product"><a href="https://www.amazon.com/dp/B0CRXQZMWN?tag=eloabder-20&linkCode=osi&th=1&psc=1"><img src="https://m.media-amazon.com/images/I/41GWdkqzH0L._SL500_.jpg" alt="Product Image"></a><p>Prego Creamy Roasted Garlic Pesto Pasta Sauce, 14.5 oz Jar</p><p>$2.79 ($0.19 / Ounce)</p><a href="https://www.amazon.com/dp/B0CRXQZMWN?tag=eloabder-20&linkCode=osi&th=1&psc=1">View Product</a></div><div class="product"><a href="https://www.amazon.com/dp/B0033TSDKY?tag=eloabder-20&linkCode=osi&th=1&psc=1"><img src="https://m.media-amazon.com/images/I/416ipEt-ErS._SL500_.jpg" alt="Product Image"></a><p>Classico Four Cheese Alfredo Pasta Sauce (15 oz Jar)</p><p>$3.13 ($0.21 / Ounce)</p><a href="https://www.amazon.com/dp/B0033TSDKY?tag=eloabder-20&linkCode=osi&th=1&psc=1">View Product</a></div><div class="product"><a href="https://www.amazon.com/dp/B000Q3R6V2?tag=eloabder-20&linkCode=osi&th=1&psc=1"><img src="https://m.media-amazon.com/images/I/51DwtNnipoL._SL500_.jpg" alt="Product Image"></a><p>Hunt's Traditional Pasta Sauce, 24 oz</p><p>$1.34 ($0.06 / Ounce)</p><a href="https://www.amazon.com/dp/B000Q3R6V2?tag=eloabder-20&linkCode=osi&th=1&psc=1">View Product</a></div><div class="product"><a href="https://www.amazon.com/dp/B00XXGW39Y?tag=eloabder-20&linkCode=osi&th=1&psc=1"><img src="https://m.media-amazon.com/images/I/41FycYZ91BL._SL500_.jpg" alt="Product Image"></a><p>Classico Vodka Sauce Tomato Spaghetti Pasta Sauce (24 oz Jar)</p><p>$2.52 ($0.10 / Fl Oz)</p><a href="https://www.amazon.com/dp/B00XXGW39Y?tag=eloabder-20&linkCode=osi&th=1&psc=1">View Product</a></div><div class="product"><a href="https://www.amazon.com/dp/B07JVJR966?tag=eloabder-20&linkCode=osi&th=1&psc=1"><img src="https://m.media-amazon.com/images/I/412rjNSU1HL._SL500_.jpg" alt="Product Image"></a><p>Prego Traditional Pasta Sauce, 24 Oz Jar (Case of 12)</p><p>$29.76 ($0.10 / Fl Oz)</p><a href="https://www.amazon.com/dp/B07JVJR966?tag=eloabder-20&linkCode=osi&th=1&psc=1">View Product</a></div>
<div class="product"><a href="https://www.amazon.com/dp/B07GBS8GVH?tag=eloabder-20&linkCode=osi&th=1&psc=1"><img src="https://m.media-amazon.com/images/I/51Xpb2UbnAS._SL500_.jpg" alt="Product Image"></a><p>BEN'S ORIGINAL Ready Rice Whole Grain Brown Rice, Easy Dinner Side, 8.8 OZ Pouch (Pack of 6)</p><p>$13.08 ($0.25 / Ounce)</p><a href="https://www.amazon.com/dp/B07GBS8GVH?tag=eloabder-20&linkCode=osi&th=1&psc=1">View Product</a></div><div class="product"><a href="https://www.amazon.com/dp/B000YPKPV0?tag=eloabder-20&linkCode=osi&th=1&psc=1"><img src="https://m.media-amazon.com/images/I/51RKdJy7-TL._SL500_.jpg" alt="Product Image"></a><p>Rice-A-Roni Long grain & wild rice with herbs, 4.3 Ounce Pack of 12</p><p>$12.00 ($0.23 / Ounce)</p><a href="https://www.amazon.com/dp/B000YPKPV0?tag=eloabder-20&linkCode=osi&th=1&psc=1">View Product</a></div><div class="product"><a href="https://www.amazon.com/dp/B004NRLAVY?tag=eloabder-20&linkCode=osi&th=1&psc=1"><img src="https://m.media-amazon.com/images/I/51l35npdSyL._SL500_.jpg" alt="Product Image"></a><p>Nishiki Premium Rice, Medium Grain,15 Pound (Pack of 1)</p><p>$20.19 ($0.08 / Ounce)</p><a href="https://www.amazon.com/dp/B004NRLAVY?tag=eloabder-20&linkCode=osi&th=1&psc=1">View Product</a></div><div class="product"><a href="https://www.amazon.com/dp/B00MMTQAF6?tag=eloabder-20&linkCode=osi&th=1&psc=1"><img src="https://m.media-amazon.com/images/I/41uID5vVhuL._SL500_.jpg" alt="Product Image"></a><p>Mahatma Extra Long Grain White Rice, 10 Pound, Gluten-Free and Non-GMO, Rice Bulk Bag (Pack of 1)</p><p>$9.98 ($0.06 / Ounce)</p><a href="https://www.amazon.com/dp/B00MMTQAF6?tag=eloabder-20&linkCode=osi&th=1&psc=1">View Product</a></div><div class="product"><a href="https://www.amazon.com/dp/B00I330QEQ?tag=eloabder-20&linkCode=osi&th=1&psc=1"><img src="https://m.media-amazon.com/images/I/41eu-3nevsL._SL500_.jpg" alt="Product Image"></a><p>Authentic Royal - Naturally Aged Long Grain Indian White Basmati Rice - 15 lbs</p><p>$15.03 ($0.06 / Ounce)</p><a href="https://www.amazon.com/dp/B00I330QEQ?tag=eloabder-20&linkCode=osi&th=1&psc=1">View Product</a></div><div class="product"><a href="https://www.amazon.com/dp/B00CLGUKKG?tag=eloabder-20&linkCode=osi&th=1&psc=1"><img src="https://m.media-amazon.com/images/I/41mEtyqtEVL._SL500_.jpg" alt="Product Image"></a><p>Mahatma Whole-Grain Brown Rice, 32-Ounce Bag of Rice, Stovetop or Microwave Rice</p><p>$2.68 ($0.08 / Ounce)</p><a href="https://www.amazon.com/dp/B00CLGUKKG?tag=eloabder-20&linkCode=osi&th=1&psc=1">View Product</a></div><div class="product"><a href="https://www.amazon.com/dp/B0087HFXJ6?tag=eloabder-20&linkCode=osi&th=1&psc=1"><img src="https://m.media-amazon.com/images/I/51eYTUAUKZL._SL500_.jpg" alt="Product Image"></a><p>RiceSelect Royal Blend, Blend Of Texmati White, Brown, Red, And Wild Rice, Premium Gluten Free Rice, Non-GMO, 21 Ounce Jar</p><p>$6.98 ($0.33 / Ounce)</p><a href="https://www.amazon.com/dp/B0087HFXJ6?tag=eloabder-20&linkCode=osi&th=1&psc=1">View Product</a></div><div class="product"><a href="https://www.amazon.com/dp/B07HKTD2BD?tag=eloabder-20&linkCode=osi&th=1&psc=1"><img src="https://m.media-amazon.com/images/I/519+60cp2dL._SL500_.jpg" alt="Product Image"></a><p>Nishiki Premium 7 Grains Mix, 2 Pound</p><p>$14.49 ($0.45 / Ounce)</p><a href="https://www.amazon.com/dp/B07HKTD2BD?tag=eloabder-20&linkCode=osi&th=1&psc=1">View Product</a></div><div class="product"><a href="https://www.amazon.com/dp/B00G9U46DW?tag=eloabder-20&linkCode=osi&th=1&psc=1"><img src="https://m.media-amazon.com/images/I/51Xpb2UbnAS._SL500_.jpg" alt="Product Image"></a><p>BEN'S ORIGINAL Ready Rice Whole Grain Brown Rice, Easy Dinner Side, 8.8 OZ Pouch (Pack of 12)</p><p>$26.16 ($0.25 / Ounce)</p><a href="https://www.amazon.com/dp/B00G9U46DW?tag=eloabder-20&linkCode=osi&th=1&psc=1">View Product</a></div>
<div class="product"><a href="https://www.amazon.com/dp/B0D4KLB4HP?tag=eloabder-20&linkCode=osi&th=1&psc=1"><img src="https://m.media-amazon.com/images/I/51r7s+M2jqL._SL500_.jpg" alt="Product Image"></a><p>Chronos Condiment 150 bundle pack - 50 Single Serve Pouches of Each: Ketchup, Mustard, and Mayo - 150 Pack, Great for Picnics, Boxed Lunch, BBQ, Travel, and Parties</p><p>$21.97</p><a href="https://www.amazon.com/dp/B0D4KLB4HP?tag=eloabder-20&linkCode=osi&th=1&psc=1">View Product</a></div><div class="product"><a href="https://www.amazon.com/dp/B003XLOOCS?tag=eloabder-20&linkCode=osi&th=1&psc=1"><img src="https://m.media-amazon.com/images/I/51x0jDzOLjL._SL500_.jpg" alt="Product Image"></a><p>Heinz Tomato Ketchup, Relish, and Mustard Picnic Pack, 3 Count</p><p>$5.98 ($0.11 / Ounce)</p><a href="https://www.amazon.com/dp/B003XLOOCS?tag=eloabder-20&linkCode=osi&th=1&psc=1">View Product</a></div><div class="product"><a href="https://www.amazon.com/dp/B0992VW16R?tag=eloabder-20&linkCode=osi&th=1&psc=1"><img src="https://m.media-amazon.com/images/I/51eFgOarc1L._SL500_.jpg" alt="Product Image"></a><p>Grab-n-Go Condiment Packs - 50 Single Serve Pouches of Each: Ketchup, Mustard, Relish, and Mayo - Great for Picnics, Boxed Lunch, BBQ, Travel, Picnic and Parties (200 Condiment Packets Total)</p><p>$29.99 ($0.15 / Count)</p><a href="https://www.amazon.com/dp/B0992VW16R?tag=eloabder-20&linkCode=osi&th=1&psc=1">View Product</a></div><div class="product"><a href="https://www.amazon.com/dp/B0D3J9HHS2?tag=eloabder-20&linkCode=osi&th=1&psc=1"><img src="https://m.media-amazon.com/images/I/51VkOjMAkXL._SL500_.jpg" alt="Product Image"></a><p>Heinz Condiment Packets Variety 100 Pack- 25 Heinz Ketchup Packets, 25 Mayonnaise Packets, 25 Mustard Packets, and 25 Relish Packets. Ketchup Heinz, Mayo Packets.</p><p>$19.99 ($0.20 / Count)</p><a href="https://www.amazon.com/dp/B0D3J9HHS2?tag=eloabder-20&linkCode=osi&th=1&psc=1">View Product</a></div><div class="product"><a href="https://www.amazon.com/dp/B091DCC2CH?tag=eloabder-20&linkCode=osi&th=1&psc=1"><img src="https://m.media-amazon.com/images/I/415Iq4kWRXL._SL500_.jpg" alt="Product Image"></a><p>Hellmann's Real Mayonnaise Squeeze Bottle 3 Count a Rich Creamy Condiment Gluten Free, Made With 100% Cage-Free Eggs 20 oz</p><p>$11.90 ($0.20 / Fl Oz)</p><a href="https://www.amazon.com/dp/B091DCC2CH?tag=eloabder-20&linkCode=osi&th=1&psc=1">View Product</a></div><div class="product"><a href="https://www.amazon.com/dp/B0CMR2DML7?tag=eloabder-20&linkCode=osi&th=1&psc=1"><img src="https://m.media-amazon.com/images/I/61dFhpega1L._SL500_.jpg" alt="Product Image"></a><p>Crait Individual Condiment Packets Variety Pack of 50 Hot Sauce Packets with Mayo Packets, Ketchup Packets and Yellow Mustard Packets Single Serve</p><p>$15.00 ($0.30 / Count)</p><a href="https://www.amazon.com/dp/B0CMR2DML7?tag=eloabder-20&linkCode=osi&th=1&psc=1">View Product</a></div><div class="product"><a href="https://www.amazon.com/dp/B0D3JCR2XS?tag=eloabder-20&linkCode=osi&th=1&psc=1"><img src="https://m.media-amazon.com/images/I/51RtTP7u7aL._SL500_.jpg" alt="Product Image"></a><p>Hot Sauce Variety Pack of 48 Condiment Packets. 4 Each of 12 Flavors. Texas Pete Hot Sauce Packets, Mini Condiments, Mini Hot Sauce, Condiment Packets Variety Pack, Single Serve</p><p>$17.99 ($0.37 / Count)</p><a href="https://www.amazon.com/dp/B0D3JCR2XS?tag=eloabder-20&linkCode=osi&th=1&psc=1">View Product</a></div><div class="product"><a href="https://www.amazon.com/dp/B00XK3IYUW?tag=eloabder-20&linkCode=osi&th=1&psc=1"><img src="https://m.media-amazon.com/images/I/51T9Vgtx+bL._SL500_.jpg" alt="Product Image"></a><p>Heinz Condiment Packets Ketchup and Mustard (100 Total; 50 Each Flavor)</p><p>$13.10 ($0.60 / Ounce)</p><a href="https://www.amazon.com/dp/B00XK3IYUW?tag=eloabder-20&linkCode=osi&th=1&psc=1">View Product</a></div>
<div class="product"><a href="https://www.amazon.com/dp/B09DYZSHJR?tag=eloabder-20&linkCode=osi&th=1&psc=1"><img src="https://m.media-amazon.com/images/I/31fEqU5FfOL._SL500_.jpg" alt="Product Image"></a><p>DaVinci Gourmet Honey Syrup, 25.4 Fluid Ounce (Pack of 1)</p><p>$9.99 ($0.39 / Fl Oz)</p><a href="https://www.amazon.com/dp/B09DYZSHJR?tag=eloabder-20&linkCode=osi&th=1&psc=1">View Product</a></div><div class="product"><a href="https://www.amazon.com/dp/B09GW7TXH3?tag=eloabder-20&linkCode=osi&th=1&psc=1"><img src="https://m.media-amazon.com/images/I/31hUGuR-NsL._SL500_.jpg" alt="Product Image"></a><p>Glorybee, Premium Honey Syrup, Real Honey, No Artifical colors or flavors, 25.4 fl oz</p><p>$10.73 ($0.42 / Fl Oz)</p><a href="https://www.amazon.com/dp/B09GW7TXH3?tag=eloabder-20&linkCode=osi&th=1&psc=1">View Product</a></div><div class="product"><a href="https://www.amazon.com/dp/B07C1138N5?tag=eloabder-20&linkCode=osi&th=1&psc=1"><img src="https://m.media-amazon.com/images/I/31bISVR+FkL._SL500_.jpg" alt="Product Image"></a><p>Monin - Honey Syrup, Smooth Sweet Honey Flavor, Great for Teas, Lemonades, Cocktails, & Coffee, Gluten-Free, Non-GMO (1 Liter)</p><p>$19.13 ($0.57 / Fl Oz)</p><a href="https://www.amazon.com/dp/B07C1138N5?tag=eloabder-20&linkCode=osi&th=1&psc=1">View Product</a></div><div class="product"><a href="https://www.amazon.com/dp/B0D43FMJ8V?tag=eloabder-20&linkCode=osi&th=1&psc=1"><img src="https://m.media-amazon.com/images/I/41P8d3eueDL._SL500_.jpg" alt="Product Image"></a><p>Torani Salted Honey Butter Syrup for Coffee 25.4 Ounces Coffee Syrups and Flavors with Jimoco Pump Syrup Dispenser</p><p>$17.95 ($0.71 / Fl Oz)</p><a href="https://www.amazon.com/dp/B0D43FMJ8V?tag=eloabder-20&linkCode=osi&th=1&psc=1">View Product</a></div><div class="product"><a href="https://www.amazon.com/dp/B00IRRJBRQ?tag=eloabder-20&linkCode=osi&th=1&psc=1"><img src="https://m.media-amazon.com/images/I/31a3OJgvluL._SL500_.jpg" alt="Product Image"></a><p>Torani Honey Sweetener, 25.4 Ounce (Pack of 4)</p><p>$25.47 ($0.25 / Fl Oz)</p><a href="https://www.amazon.com/dp/B00IRRJBRQ?tag=eloabder-20&linkCode=osi&th=1&psc=1">View Product</a></div><div class="product"><a href="https://www.amazon.com/dp/B0BSMPDPZ9?tag=eloabder-20&linkCode=osi&th=1&psc=1"><img src="https://m.media-amazon.com/images/I/41A+L9ilEXL._SL500_.jpg" alt="Product Image"></a><p>Monin - Hot Honey Syrup, Robust Sweet & Spicy Flavors, Great for Lemonades, Teas, Cocktails, Culinary Recipes, & More, No Artificial Sweeteners, Gluten-Free, Non-GMO, Clean Label (1 Liter)</p><p>$17.99 ($0.53 / Fl Oz)</p><a href="https://www.amazon.com/dp/B0BSMPDPZ9?tag=eloabder-20&linkCode=osi&th=1&psc=1">View Product</a></div><div class="product"><a href="https://www.amazon.com/dp/B078YFLF9K?tag=eloabder-20&linkCode=osi&th=1&psc=1"><img src="https://m.media-amazon.com/images/I/41Gx-mwendL._SL500_.jpg" alt="Product Image"></a><p>Tippleman's Ginger Honey Syrup - Craft Cocktail Mixer - All Natural Complex Syrup for Cocktails and Non-Alcoholic Beverages - Margarita, Whiskey Sour, or Sweet Iced Tea - Makes 17 Cocktails</p><p>$24.99 ($1.92 / Fl Oz)</p><a href="https://www.amazon.com/dp/B078YFLF9K?tag=eloabder-20&linkCode=osi&th=1&psc=1">View Product</a></div><div class="product"><a href="https://www.amazon.com/dp/B07CWFJV6C?tag=eloabder-20&linkCode=osi&th=1&psc=1"><img src="https://m.media-amazon.com/images/I/41cmu+ltDxL._SL500_.jpg" alt="Product Image"></a><p>Robitussin Maximum Strength Honey Cough + Chest Congestion DM, Cough Medicine for Cough and Chest Congestion Relief Made with Real Honey- 4 Fl Oz Bottle</p><p>$11.74 ($2.94 / Fl Oz)</p><a href="https://www.amazon.com/dp/B07CWFJV6C?tag=eloabder-20&linkCode=osi&th=1&psc=1">View Product</a></div><div class="product"><a href="https://www.amazon.com/dp/B005S1LP28?tag=eloabder-20&linkCode=osi&th=1&psc=1"><img src="https://m.media-amazon.com/images/I/41DkU4bxBrL._SL500_.jpg" alt="Product Image"></a><p>Monin - Organic Honey Sweetener, Low-Calorie Liquid Sweetener, Sugar Substitute, Coffee Syrup, Made with Organic Honey, Simple Syrup for Cocktails, Iced Tea, & More, Clean Label (1 Liter)</p><p>$26.99 ($0.80 / Fl Oz)</p><a href="https://www.amazon.com/dp/B005S1LP28?tag=eloabder-20&linkCode=osi&th=1&psc=1">View Product</a></div>
<div class="product"><a href="https://www.amazon.com/dp/B0D3FYHWP7?tag=eloabder-20&linkCode=osi&th=1&psc=1"><img src="https://m.media-amazon.com/images/I/41W51dqWhAL._SL500_.jpg" alt="Product Image"></a><p>Blueprint Bryan Johnson Nutty Butter - Macadamia Nuts and Walnuts - Just 3 Ingredients - No Palm Oil - Keto and Low Carb Snack - No Added Sugar, Vegan, Non GMO, Keto and Paleo Friendly (8.8 ounces)</p><p>$11.00 ($1.25 / Ounce)</p><a href="https://www.amazon.com/dp/B0D3FYHWP7?tag=eloabder-20&linkCode=osi&th=1&psc=1">View Product</a></div><div class="product"><a href="https://www.amazon.com/dp/B0B34J7HHD?tag=eloabder-20&linkCode=osi&th=1&psc=1"><img src="https://m.media-amazon.com/images/I/31UpKhqk2QL._SL500_.jpg" alt="Product Image"></a><p>Octonuts Dry Roasted Pure Cashew 16oz Nut Butter 16oz - Pure Creamy Nut Butter - Gluten Free, Vegan, Kosher, Paleo, Non-GMO Nut Butters Single Ingredient</p><p>$11.99 ($0.75 / Ounce)</p><a href="https://www.amazon.com/dp/B0B34J7HHD?tag=eloabder-20&linkCode=osi&th=1&psc=1">View Product</a></div><div class="product"><a href="https://www.amazon.com/dp/B09NP7D465?tag=eloabder-20&linkCode=osi&th=1&psc=1"><img src="https://m.media-amazon.com/images/I/51+XSeELM2L._SL500_.jpg" alt="Product Image"></a><p>Crazy Go Nuts Walnut Butter - Plain w/ Sea Salt - Healthy Snacks, Keto, Vegan, Low Carb, Gluten Free, Superfood - Natural, Non-GMO, ALA, Omega 3 Fatty Acids, Good Fats and Antioxidants - 9.25 oz (1-Pack)</p><p>$10.99 ($1.19 / Ounce)</p><a href="https://www.amazon.com/dp/B09NP7D465?tag=eloabder-20&linkCode=osi&th=1&psc=1">View Product</a></div><div class="product"><a href="https://www.amazon.com/dp/B00KHAG1BK?tag=eloabder-20&linkCode=osi&th=1&psc=1"><img src="https://m.media-amazon.com/images/I/41nZVovN5oL._SL500_.jpg" alt="Product Image"></a><p>JUSTIN'S Classic Gluten-Free Almond Butter Squeeze Packs, 1.15 Ounce (Pack of 10)</p><p>$13.40 ($1.17 / Ounce)</p><a href="https://www.amazon.com/dp/B00KHAG1BK?tag=eloabder-20&linkCode=osi&th=1&psc=1">View Product</a></div><div class="product"><a href="https://www.amazon.com/dp/B01M06S98E?tag=eloabder-20&linkCode=osi&th=1&psc=1"><img src="https://m.media-amazon.com/images/I/41fCsKiYMdL._SL500_.jpg" alt="Product Image"></a><p>Organic Power Fuel Crunchy Nut Butter by NuttZo | 7 Nuts & Seeds Blend, Paleo, Non-GMO, Gluten-Free, Vegan, Kosher | 1g Sugar, 6g Protein | 26oz Jar</p><p>$21.99 ($0.85 / Ounce)</p><a href="https://www.amazon.com/dp/B01M06S98E?tag=eloabder-20&linkCode=osi&th=1&psc=1">View Product</a></div><div class="product"><a href="https://www.amazon.com/dp/B07CGZ2RJQ?tag=eloabder-20&linkCode=osi&th=1&psc=1"><img src="https://m.media-amazon.com/images/I/41eZiTYDVgL._SL500_.jpg" alt="Product Image"></a><p>Vör Pure Macadamia Nut Butter Spread (11oz) | Only One Ingredient</p><p>$18.99 ($1.73 / Ounce)</p><a href="https://www.amazon.com/dp/B07CGZ2RJQ?tag=eloabder-20&linkCode=osi&th=1&psc=1">View Product</a></div><div class="product"><a href="https://www.amazon.com/dp/B00X7W96OO?tag=eloabder-20&linkCode=osi&th=1&psc=1"><img src="https://m.media-amazon.com/images/I/41jU7bL5rFL._SL500_.jpg" alt="Product Image"></a><p>MaraNatha Creamy Roasted Caramel Almond Butter, No Stir, 12 Ounce Jar</p><p>$6.94 ($0.58 / Ounce)</p><a href="https://www.amazon.com/dp/B00X7W96OO?tag=eloabder-20&linkCode=osi&th=1&psc=1">View Product</a></div>
<div class="product"><a href="https://www.amazon.com/dp/B01CUS63OG?tag=eloabder-20&linkCode=osi&th=1&psc=1"><img src="https://m.media-amazon.com/images/I/51o0FJwMj8L._SL500_.jpg" alt="Product Image"></a><p>Anna and Sarah Tropical Dried Fruit Mix 2 Lbs</p><p>$17.99 ($9.00 / lb)</p><a href="https://www.amazon.com/dp/B01CUS63OG?tag=eloabder-20&linkCode=osi&th=1&psc=1">View Product</a></div><div class="product"><a href="https://www.amazon.com/dp/B09LZ7YCF7?tag=eloabder-20&linkCode=osi&th=1&psc=1"><img src="https://m.media-amazon.com/images/I/41XMLNKxlML._SL500_.jpg" alt="Product Image"></a><p>Dried Pineapple Chunks, 1 Pound. Dehydrated Pineapple Chunk, Dehydrated Pineapple Bulk, Dried Pineapple Bits. All Natural, Non-GMO, Lightly Sweetened Dried Pineapples, 16 oz.</p><p>$9.99 ($0.62 / oz)</p><a href="https://www.amazon.com/dp/B09LZ7YCF7?tag=eloabder-20&linkCode=osi&th=1&psc=1">View Product</a></div><div class="product"><a href="https://www.amazon.com/dp/B000M69QRU?tag=eloabder-20&linkCode=osi&th=1&psc=1"><img src="https://m.media-amazon.com/images/I/51EyH2xvyyS._SL500_.jpg" alt="Product Image"></a><p>Ocean Spray Craisins Dried Cranberries, Original, 48 Ounce</p><p>$7.62 ($0.16 / Fl Oz)</p><a href="https://www.amazon.com/dp/B000M69QRU?tag=eloabder-20&linkCode=osi&th=1&psc=1">View Product</a></div><div class="product"><a href="https://www.amazon.com/dp/B09YTMZ1GP?tag=eloabder-20&linkCode=osi&th=1&psc=1"><img src="https://m.media-amazon.com/images/I/51+y56cVq0L._SL500_.jpg" alt="Product Image"></a><p>Oregon Farm Fresh Snacks Dried Fruit Mix – 24oz Healthy Snacks - Fresh and Natural Fruit Trail Mix – Mixed Fruit Snacks for Adults and Kids – Ideal for Breakfast, Cakes, Snacks</p><p>$17.99 ($0.75 / Ounce)</p><a href="https://www.amazon.com/dp/B09YTMZ1GP?tag=eloabder-20&linkCode=osi&th=1&psc=1">View Product</a></div><div class="product"><a href="https://www.amazon.com/dp/B08Z5QXBK1?tag=eloabder-20&linkCode=osi&th=1&psc=1"><img src="https://m.media-amazon.com/images/I/51a0Oclr3nS._SL500_.jpg" alt="Product Image"></a><p>Dried Cherries Tart Cherry, 1lb. Montmorency Tart Cherries, Dried Sour Cherries Fresh, Montmorency Dried Tart Cherries, Dried Cherries, All-Natural Whole Sour Cherry 16 oz.</p><p>$14.28 ($0.89 / oz)</p><a href="https://www.amazon.com/dp/B08Z5QXBK1?tag=eloabder-20&linkCode=osi&th=1&psc=1">View Product</a></div><div class="product"><a href="https://www.amazon.com/dp/B00F34772M?tag=eloabder-20&linkCode=osi&th=1&psc=1"><img src="https://m.media-amazon.com/images/I/51AsgKQIMiL._SL500_.jpg" alt="Product Image"></a><p>A Gift Inside Sweet Bloom Dried Fruit Deluxe Tray Basket Arrangement for Holiday Birthday Healthy Snack Business Kosher</p><p>$33.20</p><a href="https://www.amazon.com/dp/B00F34772M?tag=eloabder-20&linkCode=osi&th=1&psc=1">View Product</a></div><div class="product"><a href="https://www.amazon.com/dp/B01N057EEP?tag=eloabder-20&linkCode=osi&th=1&psc=1"><img src="https://m.media-amazon.com/images/I/51MrelYxkML._SL500_.jpg" alt="Product Image"></a><p>Mavuno Harvest Organic Dried Fruit Variety Pack | Dried Mango, Pineapple, and Jackfruit | Healthy, Vegan, No Sugar Added, Non GMO Snacks for Kids & Adults | 2 Ounce, Pack of 3</p><p>$13.99 ($2.33 / Ounce)</p><a href="https://www.amazon.com/dp/B01N057EEP?tag=eloabder-20&linkCode=osi&th=1&psc=1">View Product</a></div><div class="product"><a href="https://www.amazon.com/dp/B08JWR4M3F?tag=eloabder-20&linkCode=osi&th=1&psc=1"><img src="https://m.media-amazon.com/images/I/41rjnxAN2FL._SL500_.jpg" alt="Product Image"></a><p>Sunrise Fresh Dried Sweet Cherries, Unsweetened, No Sugar Added, Fresh Fruit Flavor, 1 lb Bag</p><p>$14.49 ($0.91 / oz)</p><a href="https://www.amazon.com/dp/B08JWR4M3F?tag=eloabder-20&linkCode=osi&th=1&psc=1">View Product</a></div><div class="product"><a href="https://www.amazon.com/dp/B08YP8NQP4?tag=eloabder-20&linkCode=osi&th=1&psc=1"><img src="https://m.media-amazon.com/images/I/51GM51afRIS._SL500_.jpg" alt="Product Image"></a><p>Whole Dried Blueberries, No Sugar Added, Bulk, Dehydrated, Dried Unsweetened Blueberries, All Natural, Non-GMO, 1 Pound. - 16 oz.</p><p>$17.44 ($1.09 / oz)</p><a href="https://www.amazon.com/dp/B08YP8NQP4?tag=eloabder-20&linkCode=osi&th=1&psc=1">View Product</a></div>
<div class="product"><a href="https://www.amazon.com/dp/B084T1VWP5?tag=eloabder-20&linkCode=osi&th=1&psc=1"><img src="https://m.media-amazon.com/images/I/51o0utHF41L._SL500_.jpg" alt="Product Image"></a><p>Planters Pop & Pour Dry Roasted Sunflower Seeds, (4 - 5.85 oz. Jars)</p><p>$7.96 ($0.34 / Ounce)</p><a href="https://www.amazon.com/dp/B084T1VWP5?tag=eloabder-20&linkCode=osi&th=1&psc=1">View Product</a></div><div class="product"><a href="https://www.amazon.com/dp/B07TZX3KQZ?tag=eloabder-20&linkCode=osi&th=1&psc=1"><img src="https://m.media-amazon.com/images/I/41OvCvu5E9L._SL500_.jpg" alt="Product Image"></a><p>Yupik Organic Super 6 Seeds Mix, 2.2 lb, Non-GMO, Vegan</p><p>$11.99 ($0.34 / Ounce)</p><a href="https://www.amazon.com/dp/B07TZX3KQZ?tag=eloabder-20&linkCode=osi&th=1&psc=1">View Product</a></div><div class="product"><a href="https://www.amazon.com/dp/B07W7ZZJQB?tag=eloabder-20&linkCode=osi&th=1&psc=1"><img src="https://m.media-amazon.com/images/I/51jbKA5l0CL._SL500_.jpg" alt="Product Image"></a><p>Southern Style Nuts Gourmet Hunter Mix, 23 Ounces, Sesame Sticks, Peanuts, Sunflower Kernels, Almonds, Cashews, and Pepitas</p><p>$7.92 ($0.34 / Ounce)</p><a href="https://www.amazon.com/dp/B07W7ZZJQB?tag=eloabder-20&linkCode=osi&th=1&psc=1">View Product</a></div><div class="product"><a href="https://www.amazon.com/dp/B089LJB5F5?tag=eloabder-20&linkCode=osi&th=1&psc=1"><img src="https://m.media-amazon.com/images/I/51kS4PKIyZL._SL500_.jpg" alt="Product Image"></a><p>Fisher Oven Roasted Never Fried Deluxe Mixed Nuts, 24 Ounces (Pack of 1), Almonds, Cashews, Pecans, Pistachios, Snacks for Adults, Made With Sea Salt, No Added Oil, Artificial Ingredients or Preservatives, Trail Mix, Gluten Free</p><p>$17.09 ($0.71 / Ounce)</p><a href="https://www.amazon.com/dp/B089LJB5F5?tag=eloabder-20&linkCode=osi&th=1&psc=1">View Product</a></div><div class="product"><a href="https://www.amazon.com/dp/B077HZW2FX?tag=eloabder-20&linkCode=osi&th=1&psc=1"><img src="https://m.media-amazon.com/images/I/51AQx+2kfEL._SL500_.jpg" alt="Product Image"></a><p>BetterBody Foods Superfood Organic Super Seeds - Blend of Organic Chia Seeds, Milled Flax Seed, Hemp Hearts, Add to Smoothies Shakes & More, 1lb, 16 oz</p><p>$10.66 ($0.67 / Ounce)</p><a href="https://www.amazon.com/dp/B077HZW2FX?tag=eloabder-20&linkCode=osi&th=1&psc=1">View Product</a></div><div class="product"><a href="https://www.amazon.com/dp/B00PPKSZO8?tag=eloabder-20&linkCode=osi&th=1&psc=1"><img src="https://m.media-amazon.com/images/I/41Q7alFU8RL._SL500_.jpg" alt="Product Image"></a><p>PLANTERS Unsalted Mixed Nuts, Cashews, Almonds, Hazelnuts, Pecans, Pistachios no Shell, Party Snacks, Plant-Based Protein, Quick Snack for Adults, After School Snack, Kosher, 2.16lb Container</p><p>$17.26 ($0.50 / Fl Oz)</p><a href="https://www.amazon.com/dp/B00PPKSZO8?tag=eloabder-20&linkCode=osi&th=1&psc=1">View Product</a></div><div class="product"><a href="https://www.amazon.com/dp/B0CHLKJ7JM?tag=eloabder-20&linkCode=osi&th=1&psc=1"><img src="https://m.media-amazon.com/images/I/51sXps1S2KL._SL500_.jpg" alt="Product Image"></a><p>KIND Seeds Fruit & Nuts Snack Bar, Orange Cranberry | 5g Protein, High Fiber, Gluten Free Bars, 1.4 OZ, 12 Count</p><p>$14.96 ($1.25 / Count)</p><a href="https://www.amazon.com/dp/B0CHLKJ7JM?tag=eloabder-20&linkCode=osi&th=1&psc=1">View Product</a></div><div class="product"><a href="https://www.amazon.com/dp/B0CHLD9ZKL?tag=eloabder-20&linkCode=osi&th=1&psc=1"><img src="https://m.media-amazon.com/images/I/51l78v8NL9L._SL500_.jpg" alt="Product Image"></a><p>KIND Seeds Fruit & Nuts Snack Bar, Strawberry Sunflower Seed | 5g Protein, High Fiber, Gluten Free Bars, 1.4 OZ, 12 Count</p><p>$13.58 ($1.13 / Count)</p><a href="https://www.amazon.com/dp/B0CHLD9ZKL?tag=eloabder-20&linkCode=osi&th=1&psc=1">View Product</a></div><div class="product"><a href="https://www.amazon.com/dp/B079WN7C3F?tag=eloabder-20&linkCode=osi&th=1&psc=1"><img src="https://m.media-amazon.com/images/I/41YqpED33FL._SL500_.jpg" alt="Product Image"></a><p>GERBS Raw Super 7 Seed Snack Trail Mix 1 LBS. | Top 14 Food Allergy Free | Resealable Bulk Bag | Made in USA | Raw Pumpkin | Sunflower | Brown & Golden Flax | Black & White Chia | Hemp | Gluten Free</p><p>$14.99 ($0.94 / Ounce)</p><a href="https://www.amazon.com/dp/B079WN7C3F?tag=eloabder-20&linkCode=osi&th=1&psc=1">View Product</a></div><div class="product"><a href="https://www.amazon.com/dp/B00CYK8DOE?tag=eloabder-20&linkCode=osi&th=1&psc=1"><img src="https://m.media-amazon.com/images/I/41hvbaCdz6L._SL500_.jpg" alt="Product Image"></a><p>Oh! Nuts Roasted Salted Pumpkin Seeds | Resealable 2LB Bulk Bag of Unshelled Pepitas | All-Natural Protein Power for Gluten-Free & Vegan Snacking | Fresh & Healthy Keto Snacks</p><p>$18.81 ($0.59 / Ounce)</p><a href="https://www.amazon.com/dp/B00CYK8DOE?tag=eloabder-20&linkCode=osi&th=1&psc=1">View Product</a></div>

<div class="product"><a href="https://www.amazon.com/dp/B08TTFGPS5?tag=eloabder-20&linkCode=osi&th=1&psc=1"><img src="https://m.media-amazon.com/images/I/51LP-kQBLAL._SL500_.jpg" alt="Product Image"></a><p>Pine River Cheese Spreads - Variety Pack 3 8oz. Sharp Cheddar-Garlic & Herb-Swiss (24oz)</p><p>$21.93 ($0.91 / Ounce)</p><a href="https://www.amazon.com/dp/B08TTFGPS5?tag=eloabder-20&linkCode=osi&th=1&psc=1">View Product</a></div><div class="product"><a href="https://www.amazon.com/dp/B09GW71DPQ?tag=eloabder-20&linkCode=osi&th=1&psc=1"><img src="https://m.media-amazon.com/images/I/41BpjCgQpKL._SL500_.jpg" alt="Product Image"></a><p>Port Wine Cheese Spread 8 Ounce (Pack of 4)</p><p>$26.10 ($0.82 / Ounce)</p><a href="https://www.amazon.com/dp/B09GW71DPQ?tag=eloabder-20&linkCode=osi&th=1&psc=1">View Product</a></div><div class="product"><a href="https://www.amazon.com/dp/B006G4NCT0?tag=eloabder-20&linkCode=osi&th=1&psc=1"><img src="https://m.media-amazon.com/images/I/41-Krj0PbcL._SL500_.jpg" alt="Product Image"></a><p>Sharp Cheddar Cheese Spread 8 Ounce (Pack of 4)</p><p>$25.90 ($1.08 / Ounce)</p><a href="https://www.amazon.com/dp/B006G4NCT0?tag=eloabder-20&linkCode=osi&th=1&psc=1">View Product</a></div><div class="product"><a href="https://www.amazon.com/dp/B09SM3L7LN?tag=eloabder-20&linkCode=osi&th=1&psc=1"><img src="https://m.media-amazon.com/images/I/417W7hKPcvL._SL500_.jpg" alt="Product Image"></a><p>Cheese Snack Spread Variety 4 Pack</p><p>$34.00 ($1.06 / Ounce)</p><a href="https://www.amazon.com/dp/B09SM3L7LN?tag=eloabder-20&linkCode=osi&th=1&psc=1">View Product</a></div>
<div class="product"><a href="https://www.amazon.com/dp/B08CNRQ2C6?tag=eloabder-20&linkCode=osi&th=1&psc=1"><img src="https://m.media-amazon.com/images/I/41ps--esahL._SL500_.jpg" alt="Product Image"></a><p>HOIST Premium Military Hydration Electrolyte Drink, Powerful IV-Level Hydration, Clinically Proven Performance Drink, Peach Mango, 16 Fl Oz (Pack of 12)</p><p>$29.99 ($0.16 / Fl Oz)</p><a href="https://www.amazon.com/dp/B08CNRQ2C6?tag=eloabder-20&linkCode=osi&th=1&psc=1">View Product</a></div><div class="product"><a href="https://www.amazon.com/dp/B082BG3XYZ?tag=eloabder-20&linkCode=osi&th=1&psc=1"><img src="https://m.media-amazon.com/images/I/51+XFCzX3zL._SL500_.jpg" alt="Product Image"></a><p>UPTIME – Blueberry Pomegranate - Zero Sugar (12 Pack), Premium Energy Drink, 12oz Bottles, Natural Caffeine, Sparkling, Natural Flavors, 5 Calories…</p><p>$28.99 ($0.20 / Fl Oz)</p><a href="https://www.amazon.com/dp/B082BG3XYZ?tag=eloabder-20&linkCode=osi&th=1&psc=1">View Product</a></div><div class="product"><a href="https://www.amazon.com/dp/B0BSP3R4JX?tag=eloabder-20&linkCode=osi&th=1&psc=1"><img src="https://m.media-amazon.com/images/I/41TvMVYbcjL._SL500_.jpg" alt="Product Image"></a><p>Barcode Premium Hydration Drink - No Added Sugars, Variety Pack (12 Pack) - Plant-Based Beverage - Adaptogen Drink with Electrolytes for Immunity & Performance</p><p>$29.88 ($0.15 / Fl Oz)</p><a href="https://www.amazon.com/dp/B0BSP3R4JX?tag=eloabder-20&linkCode=osi&th=1&psc=1">View Product</a></div><div class="product"><a href="https://www.amazon.com/dp/B0CYL4CCKM?tag=eloabder-20&linkCode=osi&th=1&psc=1"><img src="https://m.media-amazon.com/images/I/514q0PPV9+L._SL500_.jpg" alt="Product Image"></a><p>ProBaller Ultra Premium Energy Drink - Wild Berry ZERO</p><p>$35.99 ($0.20 / Fl Oz)</p><a href="https://www.amazon.com/dp/B0CYL4CCKM?tag=eloabder-20&linkCode=osi&th=1&psc=1">View Product</a></div><div class="product"><a href="https://www.amazon.com/dp/B0D2BKB2J3?tag=eloabder-20&linkCode=osi&th=1&psc=1"><img src="https://m.media-amazon.com/images/I/41MbnJUx3LL._SL500_.jpg" alt="Product Image"></a><p>ProBaller Ultra Premium Energy Drink - Sugar Free</p><p>$35.99 ($0.20 / Fl Oz)</p><a href="https://www.amazon.com/dp/B0D2BKB2J3?tag=eloabder-20&linkCode=osi&th=1&psc=1">View Product</a></div><div class="product"><a href="https://www.amazon.com/dp/B0CYJXMRKS?tag=eloabder-20&linkCode=osi&th=1&psc=1"><img src="https://m.media-amazon.com/images/I/41gt6X6dVdL._SL500_.jpg" alt="Product Image"></a><p>Joggy Clean Energy Drink - 4-Pack Tart Cherry & Hibiscus - 150mg Organic Guayusa Caffeine - Zero Added Sugar, Vegan, Plant-Based, Natural Healthy Boost, Premium Beverage</p><p>$13.99 ($0.44 / Fl Oz)</p><a href="https://www.amazon.com/dp/B0CYJXMRKS?tag=eloabder-20&linkCode=osi&th=1&psc=1">View Product</a></div><div class="product"><a href="https://www.amazon.com/dp/B081QCCN21?tag=eloabder-20&linkCode=osi&th=1&psc=1"><img src="https://m.media-amazon.com/images/I/61k-oHxeO2L._SL500_.jpg" alt="Product Image"></a><p>Hawaiian Sun Premium Tropical Juice Drink Party Bundle of 10 Assorted Flavors (24 Cans Total)</p><p>$44.95 ($0.16 / Fl Oz )</p><a href="https://www.amazon.com/dp/B081QCCN21?tag=eloabder-20&linkCode=osi&th=1&psc=1">View Product</a></div><div class="product"><a href="https://www.amazon.com/dp/B0CCHW3Q8Q?tag=eloabder-20&linkCode=osi&th=1&psc=1"><img src="https://m.media-amazon.com/images/I/414+SPv3c5L._SL500_.jpg" alt="Product Image"></a><p>Camp Craft Cocktail Mix - Flo'rita | Premium Drink Mixer Infusion Kit with Dehydrated Fruit, Herbs and Vegan Sugar | 16 oz Glass Jar Mixer for Cocktails, Margaritas, and Mocktails - Serves 8</p><p>$25.00 ($1.56 / Fl Oz)</p><a href="https://www.amazon.com/dp/B0CCHW3Q8Q?tag=eloabder-20&linkCode=osi&th=1&psc=1">View Product</a></div><div class="product"><a href="https://www.amazon.com/dp/B0CVQN2NBB?tag=eloabder-20&linkCode=osi&th=1&psc=1"><img src="https://m.media-amazon.com/images/I/51bpS7Tlj2L._SL500_.jpg" alt="Product Image"></a><p>Starbucks Cold Brew Coffee, Vanilla Sweet Cream, 11 fl oz Cans (12 Pack), Premium Coffee Drink, Iced Coffee</p><p>$39.39 ($0.30 / Fl Oz)</p><a href="https://www.amazon.com/dp/B0CVQN2NBB?tag=eloabder-20&linkCode=osi&th=1&psc=1">View Product</a></div>
<div class="product"><a href="https://www.amazon.com/dp/B08PW3LK4T?tag=eloabder-20&linkCode=osi&th=1&psc=1"><img src="https://m.media-amazon.com/images/I/41TLoWBkNWL._SL500_.jpg" alt="Product Image"></a><p>Classic Ginger Beer, Regatta Craft Mixers, All-Natural Ingredients, Non-GMO, 7.5oz, Case of 24 Sleek Cans</p><p>$29.98 ($0.17 / Fl Oz)</p><a href="https://www.amazon.com/dp/B08PW3LK4T?tag=eloabder-20&linkCode=osi&th=1&psc=1">View Product</a></div><div class="product"><a href="https://www.amazon.com/dp/B08KTP2999?tag=eloabder-20&linkCode=osi&th=1&psc=1"><img src="https://m.media-amazon.com/images/I/41tC0pFgGtL._SL500_.jpg" alt="Product Image"></a><p>ABC Crafted Series Beer Making Kit | Beer Making Ingredients for Home Brewing | Yields 6 Gallons of Beer | Brown Ale</p><p>$25.00</p><a href="https://www.amazon.com/dp/B08KTP2999?tag=eloabder-20&linkCode=osi&th=1&psc=1">View Product</a></div><div class="product"><a href="https://www.amazon.com/dp/B01KSD9JKU?tag=eloabder-20&linkCode=osi&th=1&psc=1"><img src="https://m.media-amazon.com/images/I/517aGsVY9qL._SL500_.jpg" alt="Product Image"></a><p>Beer-infused Hot Sauce Variety 3-pack (Includes Asian Sriracha, Garlic Serrano, & Roasty Chipotle) - Craft Beer Gift, Hot Sauce Gift Set, Beer Sauce, BBQ Sauce, Beer Lover, Grill + Man Cave</p><p>$27.99 ($1.87 / Fl Oz)</p><a href="https://www.amazon.com/dp/B01KSD9JKU?tag=eloabder-20&linkCode=osi&th=1&psc=1">View Product</a></div><div class="product"><a href="https://www.amazon.com/dp/B0C9KKG6C6?tag=eloabder-20&linkCode=osi&th=1&psc=1"><img src="https://m.media-amazon.com/images/I/41Rxjjlu5+L._SL500_.jpg" alt="Product Image"></a><p>Plochman, Craft Beer Mustard (Brickstone), 11 oz, Blended Mustard</p><p>$6.99 ($0.64 / Ounce)</p><a href="https://www.amazon.com/dp/B0C9KKG6C6?tag=eloabder-20&linkCode=osi&th=1&psc=1">View Product</a></div><div class="product"><a href="https://www.amazon.com/dp/B01692UXRW?tag=eloabder-20&linkCode=osi&th=1&psc=1"><img src="https://m.media-amazon.com/images/I/51qUU-Fjx5L._SL500_.jpg" alt="Product Image"></a><p>BREW CANDY | Hoppy IPA + Roasty Stout + Honey Ale | Great Craft Beer Gift for Beer Drinkers and Candy Lovers | Perfect for the Man Cave, Brewery, Office, or Home | MADE IN USA</p><p>$9.99 ($2.50 / Ounce)</p><a href="https://www.amazon.com/dp/B01692UXRW?tag=eloabder-20&linkCode=osi&th=1&psc=1">View Product</a></div><div class="product"><a href="https://www.amazon.com/dp/B07L1M2P57?tag=eloabder-20&linkCode=osi&th=1&psc=1"><img src="https://m.media-amazon.com/images/I/415wGhwZDvL._SL500_.jpg" alt="Product Image"></a><p>Unique Snacks Sourdough Craft Beer Pretzel Rings, Delicious Homestyle Baked Snack Bag, Vegan, OU Kosher, and Non-GMO Food, No Artificial Flavor, 11 Oz. Bag, Pack of 6</p><p>$24.99 ($0.38 / Ounce)</p><a href="https://www.amazon.com/dp/B07L1M2P57?tag=eloabder-20&linkCode=osi&th=1&psc=1">View Product</a></div>
<div class="product"><a href="https://www.amazon.com/dp/B0CD79R3QZ?tag=eloabder-20&linkCode=osi&th=1&psc=1"><img src="https://m.media-amazon.com/images/I/21X3VVYgpXL._SL500_.jpg" alt="Product Image"></a><p>French Bloom Le Blanc Alcohol-Free Sparkling Wine, 750ml - Certified Organic, Vegan, Halal, Low Calorie, Sulfite Free - Made with Fine Organic Wine, No Preservatives or Added Sugar</p><p>$41.00 ($1.61 / Fl Oz)</p><a href="https://www.amazon.com/dp/B0CD79R3QZ?tag=eloabder-20&linkCode=osi&th=1&psc=1">View Product</a></div><div class="product"><a href="https://www.amazon.com/dp/B0D6HWD369?tag=eloabder-20&linkCode=osi&th=1&psc=1"><img src="https://m.media-amazon.com/images/I/31U1YybAm5L._SL500_.jpg" alt="Product Image"></a><p>Saint Viviana Non-Alcoholic Sauvignon Blanc, Crisp Dry White Wine with Fresh Fruit Flavor & Floral Notes, Made in Washington State, 24.6 Fl Oz Bottle</p><p>$22.99 ($0.93 / Fl Oz)</p><a href="https://www.amazon.com/dp/B0D6HWD369?tag=eloabder-20&linkCode=osi&th=1&psc=1">View Product</a></div><div class="product"><a href="https://www.amazon.com/dp/B0D244C3VJ?tag=eloabder-20&linkCode=osi&th=1&psc=1"><img src="https://m.media-amazon.com/images/I/416UnLmeDPL._SL500_.jpg" alt="Product Image"></a><p>Monari Marsala Fine Wine PDO Glaze| 9 Ounce, Pack of 6</p><p>$37.99 ($6.33 / Count)</p><a href="https://www.amazon.com/dp/B0D244C3VJ?tag=eloabder-20&linkCode=osi&th=1&psc=1">View Product</a></div><div class="product"><a href="https://www.amazon.com/dp/B0054KSA5I?tag=eloabder-20&linkCode=osi&th=1&psc=1"><img src="https://m.media-amazon.com/images/I/41Dk7Gmm5xL._SL500_.jpg" alt="Product Image"></a><p>Regina Fine Red Wine Vinegar, 12 Fl Oz</p><p>$12.94 ($1.08 / Fl Oz)</p><a href="https://www.amazon.com/dp/B0054KSA5I?tag=eloabder-20&linkCode=osi&th=1&psc=1">View Product</a></div><div class="product"><a href="https://www.amazon.com/dp/B0CC6JY2CM?tag=eloabder-20&linkCode=osi&th=1&psc=1"><img src="https://m.media-amazon.com/images/I/31FVY0Kg2cL._SL500_.jpg" alt="Product Image"></a><p>ST. REGIS Cabernet Sauvignon 25.4 Fl Oz (1 Pack) - Low Calorie and Sugar - Fruity & Spicy Rich Flavor from North of Spain Vineyards</p><p>$17.95 ($0.71 / Fl Oz)</p><a href="https://www.amazon.com/dp/B0CC6JY2CM?tag=eloabder-20&linkCode=osi&th=1&psc=1">View Product</a></div><div class="product"><a href="https://www.amazon.com/dp/B0CLYLY93H?tag=eloabder-20&linkCode=osi&th=1&psc=1"><img src="https://m.media-amazon.com/images/I/31cSVgLe1sL._SL500_.jpg" alt="Product Image"></a><p>Chateau del ISH Sparkling Rosé | Award-Winning Non-Alcoholic Sparkling Wine | De-Alcoholized Blend of Merlot & Pinot Noir Grapes | Only 9 grams of Sugar | 45 Calories per Serving | 750 ml Bottle</p><p>$23.99 ($0.94 / Fl Oz)</p><a href="https://www.amazon.com/dp/B0CLYLY93H?tag=eloabder-20&linkCode=osi&th=1&psc=1">View Product</a></div><div class="product"><a href="https://www.amazon.com/dp/B00075WK10?tag=eloabder-20&linkCode=osi&th=1&psc=1"><img src="https://m.media-amazon.com/images/I/41wn5BC9e3L._SL500_.jpg" alt="Product Image"></a><p>Mantova Italian White Wine Vinegar 17 oz (Pack of 2). Made with traditional methods and aged in fine wood casks, it retains the flavor of the wine, accented by the crisp character of the vinegar.</p><p>$12.97 ($7.21 / Fl Oz)</p><a href="https://www.amazon.com/dp/B00075WK10?tag=eloabder-20&linkCode=osi&th=1&psc=1">View Product</a></div><div class="product"><a href="https://www.amazon.com/dp/B0B6Y4LGT8?tag=eloabder-20&linkCode=osi&th=1&psc=1"><img src="https://m.media-amazon.com/images/I/31DYvJX17cL._SL500_.jpg" alt="Product Image"></a><p>Wander + Found Non-Alcoholic Wine, Pinot Noir, Award Winning Red Wine from Germany, Non-GMO Dealcoholized Wine, 750 ml (1 Bottle)</p><p>$25.99 ($1.02 / Fl Oz)</p><a href="https://www.amazon.com/dp/B0B6Y4LGT8?tag=eloabder-20&linkCode=osi&th=1&psc=1">View Product</a></div><div class="product"><a href="https://www.amazon.com/dp/B08FBLJFL3?tag=eloabder-20&linkCode=osi&th=1&psc=1"><img src="https://m.media-amazon.com/images/I/31xcotQJiQL._SL500_.jpg" alt="Product Image"></a><p>Lussory Organic Merlot Dealcoholized 0.0% Non-Alcoholic Red From Spain, Low Calories, Organic, Vegan (750ml, 1 Bottle)</p><p>$27.99 ($1.10 / Fl Oz)</p><a href="https://www.amazon.com/dp/B08FBLJFL3?tag=eloabder-20&linkCode=osi&th=1&psc=1">View Product</a></div>
<div class="product"><a href="https://www.amazon.com/dp/B08RD41V4Y?tag=eloabder-20&linkCode=osi&th=1&psc=1"><img src="https://m.media-amazon.com/images/I/41Ctrzm6OdL._SL500_.jpg" alt="Product Image"></a><p>Pure Organic Layered Fruit Bars Variety Pack 28 count (Pack of 1).</p><p>$13.99 ($0.40 / Ounce)</p><a href="https://www.amazon.com/dp/B08RD41V4Y?tag=eloabder-20&linkCode=osi&th=1&psc=1">View Product</a></div><div class="product"><a href="https://www.amazon.com/dp/B06X6JR48M?tag=eloabder-20&linkCode=osi&th=1&psc=1"><img src="https://m.media-amazon.com/images/I/51QhYDgoJFL._SL500_.jpg" alt="Product Image"></a><p>Nature's Garden Organic Trail Mix Snack Packs, Multi Pack 1.2 oz - Pack of 24 (Total 28.8 oz)</p><p>$14.89 ($0.52 / Ounce)</p><a href="https://www.amazon.com/dp/B06X6JR48M?tag=eloabder-20&linkCode=osi&th=1&psc=1">View Product</a></div><div class="product"><a href="https://www.amazon.com/dp/B0BQTL31PR?tag=eloabder-20&linkCode=osi&th=1&psc=1"><img src="https://m.media-amazon.com/images/I/512GxWL1ejL._SL500_.jpg" alt="Product Image"></a><p>Annie's Organic Birthday Cake Bunny Grahams and Cheddar Bunnies Snack Pack 36 Count, 36 oz</p><p>$16.99 ($0.47 / Ounce)</p><a href="https://www.amazon.com/dp/B0BQTL31PR?tag=eloabder-20&linkCode=osi&th=1&psc=1">View Product</a></div><div class="product"><a href="https://www.amazon.com/dp/B0C17SW6V1?tag=eloabder-20&linkCode=osi&th=1&psc=1"><img src="https://m.media-amazon.com/images/I/51JwHhUMp-L._SL500_.jpg" alt="Product Image"></a><p>Annie's Organic Bunny Fruit Snacks, Variety Pack, Gluten Free, 22 ct, 15.4 oz</p><p>$9.98 ($0.45 / Count)</p><a href="https://www.amazon.com/dp/B0C17SW6V1?tag=eloabder-20&linkCode=osi&th=1&psc=1">View Product</a></div><div class="product"><a href="https://www.amazon.com/dp/B079LY41VY?tag=eloabder-20&linkCode=osi&th=1&psc=1"><img src="https://m.media-amazon.com/images/I/51hNBmR-vOL._SL500_.jpg" alt="Product Image"></a><p>MadeGood Healthy Snacks Variety Pack (40 Count) Organic Assortment of Granola Bars, Granola Mini and Crispy Squares; Individually Wrapped Snacks</p><p>$29.99</p><a href="https://www.amazon.com/dp/B079LY41VY?tag=eloabder-20&linkCode=osi&th=1&psc=1">View Product</a></div><div class="product"><a href="https://www.amazon.com/dp/B0B88WYZVC?tag=eloabder-20&linkCode=osi&th=1&psc=1"><img src="https://m.media-amazon.com/images/I/41jnzaqqPlL._SL500_.jpg" alt="Product Image"></a><p>YumEarth Organic Fruit Snacks Box, 0.7 Ounce (Pack of 10)</p><p>$6.49 ($0.93 / Ounce)</p><a href="https://www.amazon.com/dp/B0B88WYZVC?tag=eloabder-20&linkCode=osi&th=1&psc=1">View Product</a></div><div class="product"><a href="https://www.amazon.com/dp/B087HBLXSM?tag=eloabder-20&linkCode=osi&th=1&psc=1"><img src="https://m.media-amazon.com/images/I/4103I3BvCSL._SL500_.jpg" alt="Product Image"></a><p>Tropical Fields Organic Crispy Coconut Rolls, 11 Oz</p><p>$9.94 ($0.90 / Ounce)</p><a href="https://www.amazon.com/dp/B087HBLXSM?tag=eloabder-20&linkCode=osi&th=1&psc=1">View Product</a></div><div class="product"><a href="https://www.amazon.com/dp/B08L4XZBS1?tag=eloabder-20&linkCode=osi&th=1&psc=1"><img src="https://m.media-amazon.com/images/I/51IN3a2zpZL._SL500_.jpg" alt="Product Image"></a><p>Annie's Organic Fruit Peel-A-Parts Fruit Snacks, Strawberry and Fruit Punch, 12 packs, 6.7 oz.</p><p>$9.99 ($0.83 / Count)</p><a href="https://www.amazon.com/dp/B08L4XZBS1?tag=eloabder-20&linkCode=osi&th=1&psc=1">View Product</a></div><div class="product"><a href="https://www.amazon.com/dp/B088PRVMXL?tag=eloabder-20&linkCode=osi&th=1&psc=1"><img src="https://m.media-amazon.com/images/I/51Lye-KMCNL._SL500_.jpg" alt="Product Image"></a><p>Gimme Seaweed - Sea Salt & Avocado Oil - 20 Count - Organic Roasted Seaweed Sheets - Keto, Vegan, Gluten Free - Great Source of Iodine & Omega 3’s - Healthy On-The-Go Snack for Kids & Adults</p><p>$14.43 ($4.51 / Ounce)</p><a href="https://www.amazon.com/dp/B088PRVMXL?tag=eloabder-20&linkCode=osi&th=1&psc=1">View Product</a></div><div class="product"><a href="https://www.amazon.com/dp/B0792LF5DZ?tag=eloabder-20&linkCode=osi&th=1&psc=1"><img src="https://m.media-amazon.com/images/I/51Ogpal4rKL._SL500_.jpg" alt="Product Image"></a><p>Simply, Variety Pack Snacks, 0.875 Ounce (Pack of 36)</p><p>$22.43 ($0.71 / Ounce)</p><a href="https://www.amazon.com/dp/B0792LF5DZ?tag=eloabder-20&linkCode=osi&th=1&psc=1">View Product</a></div>
<div class="product"><a href="https://www.amazon.com/dp/B07D83162X?tag=eloabder-20&linkCode=osi&th=1&psc=1"><img src="https://m.media-amazon.com/images/I/515OpZM7eUL._SL500_.jpg" alt="Product Image"></a><p>CLIF BAR - Energy Bars - Variety Pack - Made with Organic Oats - 9-11g Protein - Non-GMO - Plant Based - 2.4 oz. (16 Count)</p><p>$25.98 ($0.68 / Ounce)</p><a href="https://www.amazon.com/dp/B07D83162X?tag=eloabder-20&linkCode=osi&th=1&psc=1">View Product</a></div><div class="product"><a href="https://www.amazon.com/dp/B0CXQ6QP2B?tag=eloabder-20&linkCode=osi&th=1&psc=1"><img src="https://m.media-amazon.com/images/I/41zGg7iGu+L._SL500_.jpg" alt="Product Image"></a><p>CLIF BAR - Crunchy Peanut Butter - Made with Organic Oats - 11g Protein - Non-GMO - Plant Based - Energy Bars - 2.4 oz. (15 Pack)</p><p>$17.24 ($0.48 / Ounce)</p><a href="https://www.amazon.com/dp/B0CXQ6QP2B?tag=eloabder-20&linkCode=osi&th=1&psc=1">View Product</a></div><div class="product"><a href="https://www.amazon.com/dp/B00GJ82VK4?tag=eloabder-20&linkCode=osi&th=1&psc=1"><img src="https://m.media-amazon.com/images/I/51j2KOV9-+L._SL500_.jpg" alt="Product Image"></a><p>Pure Protein Bars, High Protein, Nutritious Snacks to Support Energy, Low Sugar, Gluten Free, Chocolate Peanut Butter, 1.76oz, 12 Count (Packaging May Vary)</p><p>$15.55 ($0.73 / Ounce)</p><a href="https://www.amazon.com/dp/B00GJ82VK4?tag=eloabder-20&linkCode=osi&th=1&psc=1">View Product</a></div><div class="product"><a href="https://www.amazon.com/dp/B084R2FJVV?tag=eloabder-20&linkCode=osi&th=1&psc=1"><img src="https://m.media-amazon.com/images/I/51mGjMQ-PjL._SL500_.jpg" alt="Product Image"></a><p>KIND Energy Bars, Chocolate Chunk, Healthy Snacks, Gluten Free, 30 Count</p><p>$35.45 ($0.56 / Ounce)</p><a href="https://www.amazon.com/dp/B084R2FJVV?tag=eloabder-20&linkCode=osi&th=1&psc=1">View Product</a></div><div class="product"><a href="https://www.amazon.com/dp/B0BHMRSNWX?tag=eloabder-20&linkCode=osi&th=1&psc=1"><img src="https://m.media-amazon.com/images/I/51mha5Z8vAL._SL500_.jpg" alt="Product Image"></a><p>Verb Energy - Variety Pack Caffeinated Snack Bars - 110-Calorie Low Sugar Energy Bar - Nutrition Bars - Vegan Snacks - Gluten Free Breakfast Bars with Organic Green Tea, 26g (Pack of 16)</p><p>$28.95 ($1.97 / Ounce)</p><a href="https://www.amazon.com/dp/B0BHMRSNWX?tag=eloabder-20&linkCode=osi&th=1&psc=1">View Product</a></div><div class="product"><a href="https://www.amazon.com/dp/B08939X5HL?tag=eloabder-20&linkCode=osi&th=1&psc=1"><img src="https://m.media-amazon.com/images/I/51RKwNvJZiL._SL500_.jpg" alt="Product Image"></a><p>Nature Valley Chewy Fruit and Nut Granola Bars, Trail Mix, 1.2 oz, 15 ct</p><p>$6.24 ($0.35 / Ounce)</p><a href="https://www.amazon.com/dp/B08939X5HL?tag=eloabder-20&linkCode=osi&th=1&psc=1">View Product</a></div><div class="product"><a href="https://www.amazon.com/dp/B004XEDS5I?tag=eloabder-20&linkCode=osi&th=1&psc=1"><img src="https://m.media-amazon.com/images/I/51dc89OLXjL._SL500_.jpg" alt="Product Image"></a><p>CLIF BAR - Chocolate Chip - Made with Organic Oats - Non-GMO - Plant Based - Energy Bars - 2.4 oz. (12 Pack)</p><p>$15.17 ($0.53 / Ounce)</p><a href="https://www.amazon.com/dp/B004XEDS5I?tag=eloabder-20&linkCode=osi&th=1&psc=1">View Product</a></div><div class="product"><a href="https://www.amazon.com/dp/B07HHK51J9?tag=eloabder-20&linkCode=osi&th=1&psc=1"><img src="https://m.media-amazon.com/images/I/41h0pofx49L._SL500_.jpg" alt="Product Image"></a><p>Quantum Energy Square: Energy Bar with Caffeine & 10g Protein. Delicious Healthy Snack On The Go. (Vegan, Gluten-free, Soy-free, Dairy-free). Flavor: Variety 8Pk</p><p>$19.95 ($1.48 / Ounce)</p><a href="https://www.amazon.com/dp/B07HHK51J9?tag=eloabder-20&linkCode=osi&th=1&psc=1">View Product</a></div><div class="product"><a href="https://www.amazon.com/dp/B0BY3NL6N3?tag=eloabder-20&linkCode=osi&th=1&psc=1"><img src="https://m.media-amazon.com/images/I/61a84haNQXL._SL500_.jpg" alt="Product Image"></a><p>Atkins Soft Baked Energy Bars, Blueberry, 15g Protein,2g Sugar, Excellent Source of Fiber, Low Carb, 4 Packs (5 Bars Each)</p><p>$40.00 ($2.00 / Count)</p><a href="https://www.amazon.com/dp/B0BY3NL6N3?tag=eloabder-20&linkCode=osi&th=1&psc=1">View Product</a></div><div class="product"><a href="https://www.amazon.com/dp/B0767X1YGZ?tag=eloabder-20&linkCode=osi&th=1&psc=1"><img src="https://m.media-amazon.com/images/I/41wLM+HSd7L._SL500_.jpg" alt="Product Image"></a><p>SKRATCH LABS Energy Bar | Cherry + Pistachio (12 pack) | Plant Based Healthy Snack | Low Sugar - 5g Protein | non-gmo, gluten free, soy free, vegan, kosher</p><p>$29.95 ($1.41 / Ounce)</p><a href="https://www.amazon.com/dp/B0767X1YGZ?tag=eloabder-20&linkCode=osi&th=1&psc=1">View Product</a></div>
<div class="product"><a href="https://www.amazon.com/dp/B00819SSGK?tag=eloabder-20&linkCode=osi&th=1&psc=1"><img src="https://m.media-amazon.com/images/I/51OoPlQlUFL._SL500_.jpg" alt="Product Image"></a><p>Orville Redenbacher's Original Gourmet Popping Corn Kernels, 8 lb.</p><p>$13.28 ($0.10 / Ounce)</p><a href="https://www.amazon.com/dp/B00819SSGK?tag=eloabder-20&linkCode=osi&th=1&psc=1">View Product</a></div><div class="product"><a href="https://www.amazon.com/dp/B0C8QMKF7K?tag=eloabder-20&linkCode=osi&th=1&psc=1"><img src="https://m.media-amazon.com/images/I/41Q1zRw163L._SL500_.jpg" alt="Product Image"></a><p>Extra Buttery Caramel Gourmet Popcorn | 6 Cups Total | Made From Scratch, Made in USA, & GMO-Free | Great as a Snack, Gift, Thank You, & Movie Night - (10.8oz Total)</p><p>$8.99 ($0.83 / Ounce)</p><a href="https://www.amazon.com/dp/B0C8QMKF7K?tag=eloabder-20&linkCode=osi&th=1&psc=1">View Product</a></div><div class="product"><a href="https://www.amazon.com/dp/B0CKLW62T5?tag=eloabder-20&linkCode=osi&th=1&psc=1"><img src="https://m.media-amazon.com/images/I/51UzqTDjfaL._SL500_.jpg" alt="Product Image"></a><p>Garrett Popcorn Garrett Mix, 6.0oz, 4 Bags, Cheese and Caramel Gourmet Popcorn, Gluten Free, Sweet and Salty Snack, Popped Popcorn Bags</p><p>$24.95 ($1.04 / Ounce)</p><a href="https://www.amazon.com/dp/B0CKLW62T5?tag=eloabder-20&linkCode=osi&th=1&psc=1">View Product</a></div><div class="product"><a href="https://www.amazon.com/dp/B07JN5467R?tag=eloabder-20&linkCode=osi&th=1&psc=1"><img src="https://m.media-amazon.com/images/I/51vsJLZ79WL._SL500_.jpg" alt="Product Image"></a><p>Urban Accents MOVIE NIGHT Popcorn Kernels and Popcorn Seasoning Variety Pack (set of 8) - 3 Non-GMO Popcorn Kernel Packs and 5 Gourmet Popcorn Snack Seasoning</p><p>$22.00 ($1.01 / Ounce)</p><a href="https://www.amazon.com/dp/B07JN5467R?tag=eloabder-20&linkCode=osi&th=1&psc=1">View Product</a></div><div class="product"><a href="https://www.amazon.com/dp/B0C9592XTW?tag=eloabder-20&linkCode=osi&th=1&psc=1"><img src="https://m.media-amazon.com/images/I/41DvOymNLML._SL500_.jpg" alt="Product Image"></a><p>Funky Chunky Gourmet Popcorn, Chocolatey Popcorn, Pretzel, and Nutty Mixes, Peanut Butter Cup Popcorn, 19-Ounce Large Bag (Pack of 1)</p><p>$15.00 ($0.79 / Ounce)</p><a href="https://www.amazon.com/dp/B0C9592XTW?tag=eloabder-20&linkCode=osi&th=1&psc=1">View Product</a></div><div class="product"><a href="https://www.amazon.com/dp/B0D3FH1GW4?tag=eloabder-20&linkCode=osi&th=1&psc=1"><img src="https://m.media-amazon.com/images/I/51hBtOn2I4L._SL500_.jpg" alt="Product Image"></a><p>Garrett Popcorn Garrett Mix, 1.9oz, 12 Bags, Cheese and Caramel Gourmet Popcorn, Gluten Free, Sweet and Salty Snack Bags, Popped Popcorn Bags, Multipack</p><p>$29.95 ($1.31 / Ounce)</p><a href="https://www.amazon.com/dp/B0D3FH1GW4?tag=eloabder-20&linkCode=osi&th=1&psc=1">View Product</a></div><div class="product"><a href="https://www.amazon.com/dp/B00Q0PWE7Q?tag=eloabder-20&linkCode=osi&th=1&psc=1"><img src="https://m.media-amazon.com/images/I/51jM1d0eF8L._SL500_.jpg" alt="Product Image"></a><p>Popcornopolis Gourmet Caramel Corn Popcorn, Popped Popcorn Snack Bags 9.5 Oz</p><p>$8.99 ($0.95 / Ounce)</p><a href="https://www.amazon.com/dp/B00Q0PWE7Q?tag=eloabder-20&linkCode=osi&th=1&psc=1">View Product</a></div><div class="product"><a href="https://www.amazon.com/dp/B00D2H6LOW?tag=eloabder-20&linkCode=osi&th=1&psc=1"><img src="https://m.media-amazon.com/images/I/41iePRgsY5L._SL500_.jpg" alt="Product Image"></a><p>Thatcher's Gourmet Specialties Fruit Medley, 8 Oz (Pack of 1)</p><p>$6.25 ($0.78 / Ounce)</p><a href="https://www.amazon.com/dp/B00D2H6LOW?tag=eloabder-20&linkCode=osi&th=1&psc=1">View Product</a></div>
<div class="product"><a href="https://www.amazon.com/dp/B07ZXN7LPC?tag=eloabder-20&linkCode=osi&th=1&psc=1"><img src="https://m.media-amazon.com/images/I/51YkD3V1JyL._SL500_.jpg" alt="Product Image"></a><p>Mantova Organic Italian Specialty Pasta, Caserecce (2 packs of 1 lb. each) - Artisan Pasta, Non-GMO, Vegan, Kosher Certified, and Imported From Italy, Premium Quality</p><p>$12.99 ($0.41 / Ounce)</p><a href="https://www.amazon.com/dp/B07ZXN7LPC?tag=eloabder-20&linkCode=osi&th=1&psc=1">View Product</a></div><div class="product"><a href="https://www.amazon.com/dp/B01F2Z8ZOU?tag=eloabder-20&linkCode=osi&th=1&psc=1"><img src="https://m.media-amazon.com/images/I/51MK8iWLCgL._SL500_.jpg" alt="Product Image"></a><p>Mantova Organic Italian Specialty Pasta, Lumaconi, 1 lb (Pack of 2)</p><p>$13.99 ($0.87 / Ounce)</p><a href="https://www.amazon.com/dp/B01F2Z8ZOU?tag=eloabder-20&linkCode=osi&th=1&psc=1">View Product</a></div><div class="product"><a href="https://www.amazon.com/dp/B004N5HA6A?tag=eloabder-20&linkCode=osi&th=1&psc=1"><img src="https://m.media-amazon.com/images/I/517oR0RhHgL._SL500_.jpg" alt="Product Image"></a><p>Morelli Gourmet Pasta Italian Gift Basket From Italy - Tricolor Pasta Linguine Set - Red Chili, Garlic & Basil, and Lemon Pasta - Tricolored Organic Pasta from Italy, Made in Italy (3x 8.8 Ounce)</p><p>$31.99 ($1.21 / Ounce)</p><a href="https://www.amazon.com/dp/B004N5HA6A?tag=eloabder-20&linkCode=osi&th=1&psc=1">View Product</a></div><div class="product"><a href="https://www.amazon.com/dp/B00I8R5HSW?tag=eloabder-20&linkCode=osi&th=1&psc=1"><img src="https://m.media-amazon.com/images/I/41miThBoNtL._SL500_.jpg" alt="Product Image"></a><p>Mafaldine Italian Pasta di Gragnano | I.G.P. Protected | USDA Certified Organic | 17.6 Ounce | 500 Gram</p><p>$12.95 ($0.73 / Ounce)</p><a href="https://www.amazon.com/dp/B00I8R5HSW?tag=eloabder-20&linkCode=osi&th=1&psc=1">View Product</a></div><div class="product"><a href="https://www.amazon.com/dp/B0B1469JM5?tag=eloabder-20&linkCode=osi&th=1&psc=1"><img src="https://m.media-amazon.com/images/I/51spzGwiJ9L._SL500_.jpg" alt="Product Image"></a><p>Morelli Busiate, Pici, and Bucatini Organic Pasta Variety Pack - Imported Italian Pasta Sampler - Specialty Assortment Includes Three-17.6 oz Packages of Gourmet Pasta from Italy</p><p>$39.99 ($0.76 / Ounce)</p><a href="https://www.amazon.com/dp/B0B1469JM5?tag=eloabder-20&linkCode=osi&th=1&psc=1">View Product</a></div><div class="product"><a href="https://www.amazon.com/dp/B083X2P94L?tag=eloabder-20&linkCode=osi&th=1&psc=1"><img src="https://m.media-amazon.com/images/I/51APpkv+ImL._SL500_.jpg" alt="Product Image"></a><p>Pasta Deliziosa! Handcrafted Pasta Variety Pack, All Flavors, 12 Ounce (Pack of 6)</p><p>$38.99 ($3.25 / Ounce)</p><a href="https://www.amazon.com/dp/B083X2P94L?tag=eloabder-20&linkCode=osi&th=1&psc=1">View Product</a></div><div class="product"><a href="https://www.amazon.com/dp/B0793LPXRN?tag=eloabder-20&linkCode=osi&th=1&psc=1"><img src="https://m.media-amazon.com/images/I/41zIY0jxDdL._SL500_.jpg" alt="Product Image"></a><p>La Molisana Pasta Anellini Siciliani, 16 oz</p><p>$6.95 ($0.43 / Ounce)</p><a href="https://www.amazon.com/dp/B0793LPXRN?tag=eloabder-20&linkCode=osi&th=1&psc=1">View Product</a></div><div class="product"><a href="https://www.amazon.com/dp/B006ODJEBS?tag=eloabder-20&linkCode=osi&th=1&psc=1"><img src="https://m.media-amazon.com/images/I/51x4T3SOw1L._SL500_.jpg" alt="Product Image"></a><p>La Molisana Pasta Fusilli Bucati Cort, 1 Pound (Pack of 1)</p><p>$7.99 ($0.05 / Ounce)</p><a href="https://www.amazon.com/dp/B006ODJEBS?tag=eloabder-20&linkCode=osi&th=1&psc=1">View Product</a></div><div class="product"><a href="https://www.amazon.com/dp/B0095F92HS?tag=eloabder-20&linkCode=osi&th=1&psc=1"><img src="https://m.media-amazon.com/images/I/51IXE-gW1gL._SL500_.jpg" alt="Product Image"></a><p>De Cecco Pasta, Egg Pappardelle, 8.8 Ounce</p><p>$2.50 ($0.28 / Ounce)</p><a href="https://www.amazon.com/dp/B0095F92HS?tag=eloabder-20&linkCode=osi&th=1&psc=1">View Product</a></div><div class="product"><a href="https://www.amazon.com/dp/B000LRH8AM?tag=eloabder-20&linkCode=osi&th=1&psc=1"><img src="https://m.media-amazon.com/images/I/517Gsx3xbQL._SL500_.jpg" alt="Product Image"></a><p>RiceSelect Tri-Color Orzo Rice-Shaped Pasta, Premium Spinach- and Tomato-Flavored Non-GMO Orzo Pasta, 32-Ounce Jar</p><p>$7.29 ($0.28 / Ounce)</p><a href="https://www.amazon.com/dp/B000LRH8AM?tag=eloabder-20&linkCode=osi&th=1&psc=1">View Product</a></div>
<div class="product"><a href="https://www.amazon.com/dp/B00LUK2TGC?tag=eloabder-20&linkCode=osi&th=1&psc=1"><img src="https://m.media-amazon.com/images/I/51-6ifc3VmL._SL500_.jpg" alt="Product Image"></a><p>The Gourmet Choice Gift Basket by Wine Country Gift Baskets</p><p>$83.35</p><a href="https://www.amazon.com/dp/B00LUK2TGC?tag=eloabder-20&linkCode=osi&th=1&psc=1">View Product</a></div><div class="product"><a href="https://www.amazon.com/dp/B009LHPJ1S?tag=eloabder-20&linkCode=osi&th=1&psc=1"><img src="https://m.media-amazon.com/images/I/51cf0AEkjgL._SL500_.jpg" alt="Product Image"></a><p>Wine Country Gift Baskets Gourmet Feast Perfect For Family, Friends, Co-Workers, Loved Ones and Clients</p><p>$59.95</p><a href="https://www.amazon.com/dp/B009LHPJ1S?tag=eloabder-20&linkCode=osi&th=1&psc=1">View Product</a></div><div class="product"><a href="https://www.amazon.com/dp/B004D9XYWU?tag=eloabder-20&linkCode=osi&th=1&psc=1"><img src="https://m.media-amazon.com/images/I/515H6eRSagL._SL500_.jpg" alt="Product Image"></a><p>A Gift Inside Chocolate, Caramel and Crunch Grand Gift Basket</p><p>$42.95</p><a href="https://www.amazon.com/dp/B004D9XYWU?tag=eloabder-20&linkCode=osi&th=1&psc=1">View Product</a></div><div class="product"><a href="https://www.amazon.com/dp/B00BY78O7Y?tag=eloabder-20&linkCode=osi&th=1&psc=1"><img src="https://m.media-amazon.com/images/I/51sFeewMqVL._SL500_.jpg" alt="Product Image"></a><p>The Bon Appetit Gourmet Gift Basket by Wine Country Gift Baskets Gift for Families College Students Appreciation Thank You Congratulations Get Well Soon Care Package</p><p>$49.95</p><a href="https://www.amazon.com/dp/B00BY78O7Y?tag=eloabder-20&linkCode=osi&th=1&psc=1">View Product</a></div><div class="product"><a href="https://www.amazon.com/dp/B07CHSN691?tag=eloabder-20&linkCode=osi&th=1&psc=1"><img src="https://m.media-amazon.com/images/I/51-Qvkf4yFL._SL500_.jpg" alt="Product Image"></a><p>Dried Fruit Gift Basket– Healthy Gourmet Snack Box - Holiday Food Tray - Variety Snacks - Birthday, Sympathy, Mom, Dad, Corporate Tray - Bonnie & Pop</p><p>$37.99</p><a href="https://www.amazon.com/dp/B07CHSN691?tag=eloabder-20&linkCode=osi&th=1&psc=1">View Product</a></div><div class="product"><a href="https://www.amazon.com/dp/B00FBGKCHE?tag=eloabder-20&linkCode=osi&th=1&psc=1"><img src="https://m.media-amazon.com/images/I/51anmoX7EkL._SL500_.jpg" alt="Product Image"></a><p>Broadway Basketeers Chocolate Gift Basket Snack Gifts for Women, Men, Families, College, Appreciation, Thank You, Birthday, Corporate, Get Well Soon, Sympathy Care Package</p><p>$48.70 ($48.70 / Count)</p><a href="https://www.amazon.com/dp/B00FBGKCHE?tag=eloabder-20&linkCode=osi&th=1&psc=1">View Product</a></div><div class="product"><a href="https://www.amazon.com/dp/B00BY78O60?tag=eloabder-20&linkCode=osi&th=1&psc=1"><img src="https://m.media-amazon.com/images/I/51vKfvc7JTL._SL500_.jpg" alt="Product Image"></a><p>Wine Country Gift Baskets The Connoisseur Gourmet Gift Basket Food Gift Basket for Families College Students Appreciation Thank You Congratulations Get Well Soon Care Package</p><p>$56.36</p><a href="https://www.amazon.com/dp/B00BY78O60?tag=eloabder-20&linkCode=osi&th=1&psc=1">View Product</a></div><div class="product"><a href="https://www.amazon.com/dp/B07FT598PM?tag=eloabder-20&linkCode=osi&th=1&psc=1"><img src="https://m.media-amazon.com/images/I/51OJVHYoRsL._SL500_.jpg" alt="Product Image"></a><p>Wine Country Gift Baskets Gourmet Deluxe Gift Basket</p><p>$99.95</p><a href="https://www.amazon.com/dp/B07FT598PM?tag=eloabder-20&linkCode=osi&th=1&psc=1">View Product</a></div>
<div class="product"><a href="https://www.amazon.com/dp/B0B5ZTZL6G?tag=eloabder-20&linkCode=osi&th=1&psc=1"><img src="https://m.media-amazon.com/images/I/51rZYLnRlVL._SL500_.jpg" alt="Product Image"></a><p>Reinmoson Tea Strainers for Loose Tea, Extra Fine Mesh Tea Infuser, 304 Stainless Steel & Updated Slim Threaded Lid, Loose Leaf Tea Steeper for Black Tea, Rooibos, etc</p><p>$9.99</p><a href="https://www.amazon.com/dp/B0B5ZTZL6G?tag=eloabder-20&linkCode=osi&th=1&psc=1">View Product</a></div><div class="product"><a href="https://www.amazon.com/dp/B00SBTK5KW?tag=eloabder-20&linkCode=osi&th=1&psc=1"><img src="https://m.media-amazon.com/images/I/414cqIbd9eL._SL500_.jpg" alt="Product Image"></a><p>Tea Forte Single Steeps Loose Leaf Lotus Tea Sampler, Assorted Variety Tea Box, Serve Pouches,15 Count (Pack of 1)</p><p>$18.00 ($9.33 / Ounce)</p><a href="https://www.amazon.com/dp/B00SBTK5KW?tag=eloabder-20&linkCode=osi&th=1&psc=1">View Product</a></div><div class="product"><a href="https://www.amazon.com/dp/B08VMR4MXN?tag=eloabder-20&linkCode=osi&th=1&psc=1"><img src="https://m.media-amazon.com/images/I/51qQv4-VV3L._SL500_.jpg" alt="Product Image"></a><p>Twinings Tea Sampler Set 12 Flavors Assortment 48 Assorted Tea Bags with 20 Honey Sticks for Tea, Straws and Naturally Caffeine Free Herbal Tea Set…</p><p>$22.96 ($22.96 / Count)</p><a href="https://www.amazon.com/dp/B08VMR4MXN?tag=eloabder-20&linkCode=osi&th=1&psc=1">View Product</a></div><div class="product"><a href="https://www.amazon.com/dp/B074T2FWJY?tag=eloabder-20&linkCode=osi&th=1&psc=1"><img src="https://m.media-amazon.com/images/I/41n1uoomGAL._SL500_.jpg" alt="Product Image"></a><p>10Pcs Heart Tea Infuser for Loose Leaf Tea Steeper - Tea Diffusers for Loose Tea Leaf Steeper Tea Strainers for Loose Tea Infuser Spoon - Tea Steeper for Loose Tea Strainer Heart Shaped Tea Infuser</p><p>$9.98 ($1.00 / Count)</p><a href="https://www.amazon.com/dp/B074T2FWJY?tag=eloabder-20&linkCode=osi&th=1&psc=1">View Product</a></div><div class="product"><a href="https://www.amazon.com/dp/B074L4MZRY?tag=eloabder-20&linkCode=osi&th=1&psc=1"><img src="https://m.media-amazon.com/images/I/418v4F8ZhkL._SL500_.jpg" alt="Product Image"></a><p>VAHDAM Perfect Measure Loose Leaf Tea Spoon | Premium Quality Stainless Steel Tea Scoop | Perfect Measuring Teaspoons To Brew 1 Cup Of Loose Leaf Tea & Matcha</p><p>$7.99</p><a href="https://www.amazon.com/dp/B074L4MZRY?tag=eloabder-20&linkCode=osi&th=1&psc=1">View Product</a></div><div class="product"><a href="https://www.amazon.com/dp/B09FF6P7BL?tag=eloabder-20&linkCode=osi&th=1&psc=1"><img src="https://m.media-amazon.com/images/I/41oGPC0w7ML._SL500_.jpg" alt="Product Image"></a><p>Cute Tea Infuser by OTOTO - Loose Leaf Tea Steeper, Tea Accessories, Tea Diffusers, Tea Infuser for Loose Leaf Tea, Tea Strainers, Cute Gifts, Tea Gift Set, Kitchen Gifts, Cooking Gadgets</p><p>$14.95</p><a href="https://www.amazon.com/dp/B09FF6P7BL?tag=eloabder-20&linkCode=osi&th=1&psc=1">View Product</a></div><div class="product"><a href="https://www.amazon.com/dp/B072XP4FQK?tag=eloabder-20&linkCode=osi&th=1&psc=1"><img src="https://m.media-amazon.com/images/I/31Lfv+7oU6L._SL500_.jpg" alt="Product Image"></a><p>Tea Infuser (Set of 2 Pyramid & Square) with Tea Scoop | Ultra Fine Tea Strainer for Loose Leaf Tea | Stainless Steel Tea Steeper for a Superior Brewing Experience</p><p>$9.99</p><a href="https://www.amazon.com/dp/B072XP4FQK?tag=eloabder-20&linkCode=osi&th=1&psc=1">View Product</a></div><div class="product"><a href="https://www.amazon.com/dp/B0D2SCT4C4?tag=eloabder-20&linkCode=osi&th=1&psc=1"><img src="https://m.media-amazon.com/images/I/51vJnfc4-JL._SL500_.jpg" alt="Product Image"></a><p>Organic Tea Gift Set with Portable Kettle - 36 Piece Tea Gifts for Tea Lovers - Includes Insulated Mug, Assorted Organic Teas, Honey Sticks & Tea Accessories - Ultimate Brewing Experience</p><p>$56.90</p><a href="https://www.amazon.com/dp/B0D2SCT4C4?tag=eloabder-20&linkCode=osi&th=1&psc=1">View Product</a></div>
<div class="product"><a href="https://www.amazon.com/dp/B01NAV05XS?tag=eloabder-20&linkCode=osi&th=1&psc=1"><img src="https://m.media-amazon.com/images/I/51xpd-egLaL._SL500_.jpg" alt="Product Image"></a><p>Torani Variety Pack Caramel, French Vanilla, Vanilla & Hazelnut, 25.4 Ounces (Pack of 4)</p><p>$35.99 ($0.35 / Fl Oz)</p><a href="https://www.amazon.com/dp/B01NAV05XS?tag=eloabder-20&linkCode=osi&th=1&psc=1">View Product</a></div><div class="product"><a href="https://www.amazon.com/dp/B084NVN1J6?tag=eloabder-20&linkCode=osi&th=1&psc=1"><img src="https://m.media-amazon.com/images/I/51Vz7p8hhyL._SL500_.jpg" alt="Product Image"></a><p>Bones Coffee Company Cookies 'N Dreams Coffee Beans, Cookies & Cream Flavor, Low Acid Flavored Coffee, Made with Arabica Coffee Beans, Medium Roast Gourmet Coffee (12 oz)</p><p>$17.99 ($1.50 / Ounce)</p><a href="https://www.amazon.com/dp/B084NVN1J6?tag=eloabder-20&linkCode=osi&th=1&psc=1">View Product</a></div><div class="product"><a href="https://www.amazon.com/dp/B0C2DHCBD6?tag=eloabder-20&linkCode=osi&th=1&psc=1"><img src="https://m.media-amazon.com/images/I/51wa33jmF7L._SL500_.jpg" alt="Product Image"></a><p>Torani Puremade Sauce Variety Pack, 4 Flavors, 16.5 Ounces Bottle (Set of 4)</p><p>$25.99 ($0.39 / Ounce)</p><a href="https://www.amazon.com/dp/B0C2DHCBD6?tag=eloabder-20&linkCode=osi&th=1&psc=1">View Product</a></div><div class="product"><a href="https://www.amazon.com/dp/B000S75D66?tag=eloabder-20&linkCode=osi&th=1&psc=1"><img src="https://m.media-amazon.com/images/I/41AZMaoxbWL._SL500_.jpg" alt="Product Image"></a><p>illy Ground Coffee Moka - 100% Arabica Flavored Coffee Ground - Rich Aromatic Coffee Grounds Profile – Classico Medium Roast - Notes of Caramel, Orange Blossom & Jasmine - No Preservatives – 8.8 Ounce</p><p>$13.85 ($1.57 / Ounce)</p><a href="https://www.amazon.com/dp/B000S75D66?tag=eloabder-20&linkCode=osi&th=1&psc=1">View Product</a></div><div class="product"><a href="https://www.amazon.com/dp/B0BBY6V5T3?tag=eloabder-20&linkCode=osi&th=1&psc=1"><img src="https://m.media-amazon.com/images/I/515wvEFTD7L._SL500_.jpg" alt="Product Image"></a><p>Bones Coffee Company NEW World Tour Sample Pack | Ground Coffee Beans Sampler Gift Box Set | 4 oz Pack of 5 Assorted Single-Origin Gourmet Coffee Gifts | Medium Roast Coffee Beverages (Ground)</p><p>$34.99 ($1.75 / Ounce)</p><a href="https://www.amazon.com/dp/B0BBY6V5T3?tag=eloabder-20&linkCode=osi&th=1&psc=1">View Product</a></div>

<div class="product"><a href="https://www.amazon.com/dp/B01E4C982U?tag=eloabder-20&linkCode=osi&th=1&psc=1"><img src="https://m.media-amazon.com/images/I/51nAunBrSiL._SL500_.jpg" alt="Product Image"></a><p>Green Tea leaves Sencha, JAS Certified Organic, Japanese Tea, Uji-Kyoto, 80g Bag 【YAMASAN】</p><p>$14.70 ($5.25 / Ounce)</p><a href="https://www.amazon.com/dp/B01E4C982U?tag=eloabder-20&linkCode=osi&th=1&psc=1">View Product</a></div><div class="product"><a href="https://www.amazon.com/dp/B000SARJF6?tag=eloabder-20&linkCode=osi&th=1&psc=1"><img src="https://m.media-amazon.com/images/I/51hE2hmSzuL._SL500_.jpg" alt="Product Image"></a><p>Davidson's Tea Bulk, English Breakfast, 16 Ounce</p><p>$15.99 ($1.00 / Ounce)</p><a href="https://www.amazon.com/dp/B000SARJF6?tag=eloabder-20&linkCode=osi&th=1&psc=1">View Product</a></div><div class="product"><a href="https://www.amazon.com/dp/B008FOLQRE?tag=eloabder-20&linkCode=osi&th=1&psc=1"><img src="https://m.media-amazon.com/images/I/51F0rcvhhvL._SL500_.jpg" alt="Product Image"></a><p>Traditional Medicinals Organic Raspberry Leaf Herbal Tea, Eases Menstrual Cramps & Supports Healthy Pregnancy, (Pack of 1) - 16 Tea Bags</p><p>$4.92 ($5.79 / Ounce)</p><a href="https://www.amazon.com/dp/B008FOLQRE?tag=eloabder-20&linkCode=osi&th=1&psc=1">View Product</a></div><div class="product"><a href="https://www.amazon.com/dp/B00136MKEO?tag=eloabder-20&linkCode=osi&th=1&psc=1"><img src="https://m.media-amazon.com/images/I/41Ll68Q3iLL._SL500_.jpg" alt="Product Image"></a><p>Ahmad Tea Earl Grey Aromatic Loose Tea, Ceylon Caddy, 17.6 Oz</p><p>$14.87 ($0.84 / Ounce)</p><a href="https://www.amazon.com/dp/B00136MKEO?tag=eloabder-20&linkCode=osi&th=1&psc=1">View Product</a></div><div class="product"><a href="https://www.amazon.com/dp/B087G3NQGN?tag=eloabder-20&linkCode=osi&th=1&psc=1"><img src="https://m.media-amazon.com/images/I/51wev+SayvL._SL500_.jpg" alt="Product Image"></a><p>TIAN HU SHAN Premium Green Tea Loose Leaf 16 Ounce (454g)</p><p>$14.98 ($0.94 / Ounce)</p><a href="https://www.amazon.com/dp/B087G3NQGN?tag=eloabder-20&linkCode=osi&th=1&psc=1">View Product</a></div><div class="product"><a href="https://www.amazon.com/dp/B007Y94GN2?tag=eloabder-20&linkCode=osi&th=1&psc=1"><img src="https://m.media-amazon.com/images/I/51hqdPaNJYL._SL500_.jpg" alt="Product Image"></a><p>The Tao of Tea, Hibiscus Ginger Tea, Loose Leaf, 3.0 Ounce Tin to make 50 cups</p><p>$10.90 ($3.63 / Ounce)</p><a href="https://www.amazon.com/dp/B007Y94GN2?tag=eloabder-20&linkCode=osi&th=1&psc=1">View Product</a></div><div class="product"><a href="https://www.amazon.com/dp/B0D3WN5RG3?tag=eloabder-20&linkCode=osi&th=1&psc=1"><img src="https://m.media-amazon.com/images/I/5109jIe8NoL._SL500_.jpg" alt="Product Image"></a><p>Mevlana Ceylon Tea, Loose Leaf, 1 Lbs - Best Ceylon Black Tea Leaves from Sri Lanka - Loose Leaf Black Tea</p><p>$14.99 ($0.94 / Ounce)</p><a href="https://www.amazon.com/dp/B0D3WN5RG3?tag=eloabder-20&linkCode=osi&th=1&psc=1">View Product</a></div><div class="product"><a href="https://www.amazon.com/dp/B087G345SM?tag=eloabder-20&linkCode=osi&th=1&psc=1"><img src="https://m.media-amazon.com/images/I/51gQfgKqklL._SL500_.jpg" alt="Product Image"></a><p>TIAN HU SHAN Premium Oolong Tea Loose Leaf 14 Ounce (400g)</p><p>$14.99 ($1.07 / Ounce)</p><a href="https://www.amazon.com/dp/B087G345SM?tag=eloabder-20&linkCode=osi&th=1&psc=1">View Product</a></div>
<div class="product"><a href="https://www.amazon.com/dp/B08XWVFTKS?tag=eloabder-20&linkCode=osi&th=1&psc=1"><img src="https://m.media-amazon.com/images/I/41hJk3cTdnL._SL500_.jpg" alt="Product Image"></a><p>Lindt Gourmet Chocolate Truffles Gift Box, Assorted Chocolate Truffles, Great for gift giving, 14.7 Ounces</p><p>$24.99 ($1.70 / Ounce)</p><a href="https://www.amazon.com/dp/B08XWVFTKS?tag=eloabder-20&linkCode=osi&th=1&psc=1">View Product</a></div>
<div class="product"><a href="https://www.amazon.com/dp/B0CJ3XYPV3?tag=eloabder-20&linkCode=osi&th=1&psc=1"><img src="https://m.media-amazon.com/images/I/519ufxoFyDL._SL500_.jpg" alt="Product Image"></a><p>Blue House VARIETY Handcrafted Gourmet Caramel Candies Gift Box, Maple, Raspberry, Coffee, and Sea Salt</p><p>$26.98 ($1.35 / Count)</p><a href="https://www.amazon.com/dp/B0CJ3XYPV3?tag=eloabder-20&linkCode=osi&th=1&psc=1">View Product</a></div><div class="product"><a href="https://www.amazon.com/dp/B06VW4Z7B1?tag=eloabder-20&linkCode=osi&th=1&psc=1"><img src="https://m.media-amazon.com/images/I/516NdD4b5nL._SL500_.jpg" alt="Product Image"></a><p>BALI'S BEST Coffee Candy - Original Flavor | 1lb Jar | Rich, Smooth Taste | Indulge in Gourmet Coffee Delight - For Coffee Lovers, Delicious Treat for Any Occasion</p><p>$9.87 ($0.62 / Ounce)</p><a href="https://www.amazon.com/dp/B06VW4Z7B1?tag=eloabder-20&linkCode=osi&th=1&psc=1">View Product</a></div><div class="product"><a href="https://www.amazon.com/dp/B086N119VC?tag=eloabder-20&linkCode=osi&th=1&psc=1"><img src="https://m.media-amazon.com/images/I/41xKAcovvCS._SL500_.jpg" alt="Product Image"></a><p>Cerez Pazari Turkish Delight Candy with Assorted Mix Flavours 16 oz Gourmet Medium Size Snacks Gift Box | No Nuts Sweet Luxury Traditional Confectionery Vegan Lokum Loukoumi Approx.42 Pcs</p><p>$13.49 ($0.96 / Ounce)</p><a href="https://www.amazon.com/dp/B086N119VC?tag=eloabder-20&linkCode=osi&th=1&psc=1">View Product</a></div>
<div class="product"><a href="https://www.amazon.com/dp/B07CJLPR4P?tag=eloabder-20&linkCode=osi&th=1&psc=1"><img src="https://m.media-amazon.com/images/I/41vviwnqT4L._SL500_.jpg" alt="Product Image"></a><p>Funky Chunky Gourmet Popcorn Sampler Variety Pack with all 5 flavors: Sea Salt Caramel, Nutty Choco Pop, Peanut Butter Cup, Chip Zel Pop, and Chocolate Pretzel, 2 oz (5 Bags)</p><p>$20.00 ($2.00 / Ounce)</p><a href="https://www.amazon.com/dp/B07CJLPR4P?tag=eloabder-20&linkCode=osi&th=1&psc=1">View Product</a></div><div class="product"><a href="https://www.amazon.com/dp/B0CB1Q5YQ1?tag=eloabder-20&linkCode=osi&th=1&psc=1"><img src="https://m.media-amazon.com/images/I/61Xzv3ZgRIL._SL500_.jpg" alt="Product Image"></a><p>Italian Cracker Assortment - Pack of 30 - Snack Size Cracker Packs - Great Mother's Day Gift - Gourmet Artisan Cracker Variety Pack - Rosemary, Olive, Sesame, Poppy & Sesame, Pizza Flavors - Gourmet Crackers for Charcuterie Party - Cracker Gift Box - Kosher, Preservative Free</p><p>$29.99 ($34.01 / Ounce)</p><a href="https://www.amazon.com/dp/B0CB1Q5YQ1?tag=eloabder-20&linkCode=osi&th=1&psc=1">View Product</a></div><div class="product"><a href="https://www.amazon.com/dp/B0BLMMSPLW?tag=eloabder-20&linkCode=osi&th=1&psc=1"><img src="https://m.media-amazon.com/images/I/61jdT7ZVojL._SL500_.jpg" alt="Product Image"></a><p>International Snack Box, 30 Pcs Premium Foreign Rare Snack Food Gifts with Suprise Item,European Snacks for Adults and Kids for Easter Day</p><p>$39.95 ($0.62 / Ounce)</p><a href="https://www.amazon.com/dp/B0BLMMSPLW?tag=eloabder-20&linkCode=osi&th=1&psc=1">View Product</a></div><div class="product"><a href="https://www.amazon.com/dp/B07Z9SBTTC?tag=eloabder-20&linkCode=osi&th=1&psc=1"><img src="https://m.media-amazon.com/images/I/51P13LVLpjL._SL500_.jpg" alt="Product Image"></a><p>Sahale Snacks Glazed Mix Nut Blend Variety Pack, 1.5 Oz Grab & Go Bags (12 Total Packs) - Four Different Dry-Roasted Deluxe Mixed Nuts Blends Included - Non-GMO Kosher & Certified Gluten-Free Snacks</p><p>$42.20 ($2.34 / Ounce)</p><a href="https://www.amazon.com/dp/B07Z9SBTTC?tag=eloabder-20&linkCode=osi&th=1&psc=1">View Product</a></div><div class="product"><a href="https://www.amazon.com/dp/B00LAQ4Z1I?tag=eloabder-20&linkCode=osi&th=1&psc=1"><img src="https://m.media-amazon.com/images/I/41PkJ7khWFL._SL500_.jpg" alt="Product Image"></a><p>Sheila G's Brownie Brittle – Chocolate Chip & Salted Caramel Thin and Crispy Sweet Snacks (Pack of 20, 1 oz), Rich Gourmet Brownie Bites Dessert</p><p>$29.70 ($1.48 / Ounce)</p><a href="https://www.amazon.com/dp/B00LAQ4Z1I?tag=eloabder-20&linkCode=osi&th=1&psc=1">View Product</a></div><div class="product"><a href="https://www.amazon.com/dp/B09GW1NT5C?tag=eloabder-20&linkCode=osi&th=1&psc=1"><img src="https://m.media-amazon.com/images/I/613yB5WvmhL._SL500_.jpg" alt="Product Image"></a><p>CRAVEBOX Gourmet Specialty Snacks Box Care Package Boxes for College Students Adults Healthy Cookies Bar Organic Variety Gift Pack Assortment Basket Mix Sampler Treat Final Exam Office Men Women Halloween Back to School</p><p>$36.95 ($36.95 / Count)</p><a href="https://www.amazon.com/dp/B09GW1NT5C?tag=eloabder-20&linkCode=osi&th=1&psc=1">View Product</a></div>
<div class="product"><a href="https://www.amazon.com/dp/B00MPQ5ZOS?tag=eloabder-20&linkCode=osi&th=1&psc=1"><img src="https://m.media-amazon.com/images/I/51rC2bMIM5L._SL500_.jpg" alt="Product Image"></a><p>BetterBody Foods Organic Chia Seeds 2 lbs, 32 Oz, with Omega-3, Non-GMO, Gluten Free, Keto Diet Friendly, Vegan, Good Source of Fiber</p><p>$14.26 ($0.45 / Ounce)</p><a href="https://www.amazon.com/dp/B00MPQ5ZOS?tag=eloabder-20&linkCode=osi&th=1&psc=1">View Product</a></div><div class="product"><a href="https://www.amazon.com/dp/B000R7V3DE?tag=eloabder-20&linkCode=osi&th=1&psc=1"><img src="https://m.media-amazon.com/images/I/51YhGUGB+2L._SL500_.jpg" alt="Product Image"></a><p>Pacific Foods Organic Free Range Chicken Broth, 8 oz Carton (Pack of 4)</p><p>$3.39 ($0.11 / Fl Oz)</p><a href="https://www.amazon.com/dp/B000R7V3DE?tag=eloabder-20&linkCode=osi&th=1&psc=1">View Product</a></div><div class="product"><a href="https://www.amazon.com/dp/B073ZNGZ7F?tag=eloabder-20&linkCode=osi&th=1&psc=1"><img src="https://m.media-amazon.com/images/I/51PZf9bpVIL._SL500_.jpg" alt="Product Image"></a><p>BetterBody Foods Organic Quinoa, Vegan, Complete Plant Protein, Gluten Free, Low Glycemic Rice Replacement, 24 ounce</p><p>$15.63 ($0.65 / Fl Oz)</p><a href="https://www.amazon.com/dp/B073ZNGZ7F?tag=eloabder-20&linkCode=osi&th=1&psc=1">View Product</a></div><div class="product"><a href="https://www.amazon.com/dp/B01N3365YI?tag=eloabder-20&linkCode=osi&th=1&psc=1"><img src="https://m.media-amazon.com/images/I/41N0Mk2m0pL._SL500_.jpg" alt="Product Image"></a><p>NOW Foods, Organic Pumpkin Seeds, Raw and Unsalted, Excellent Source of Protein and Iron, Certified Non-GMO, Keto-Friendly Snack, 12-Ounce (Packaging May Vary)</p><p>$6.99 ($0.58 / Ounce)</p><a href="https://www.amazon.com/dp/B01N3365YI?tag=eloabder-20&linkCode=osi&th=1&psc=1">View Product</a></div><div class="product"><a href="https://www.amazon.com/dp/B0CMW5KTLL?tag=eloabder-20&linkCode=osi&th=1&psc=1"><img src="https://m.media-amazon.com/images/I/51skmBt-7dL._SL500_.jpg" alt="Product Image"></a><p>Kate’s Real Food Organic Granola Bars - Snack & Share Variety Pack (2.2 oz, Pack of 12) - Organic Energy Bars Made with Gluten Free Oats - Non GMO, Soy Free, Whole Grains, and All Natural</p><p>$33.88 ($1.28 / Ounce)</p><a href="https://www.amazon.com/dp/B0CMW5KTLL?tag=eloabder-20&linkCode=osi&th=1&psc=1">View Product</a></div><div class="product"><a href="https://www.amazon.com/dp/B008RLUXI8?tag=eloabder-20&linkCode=osi&th=1&psc=1"><img src="https://m.media-amazon.com/images/I/51cnqntGe8L._SL500_.jpg" alt="Product Image"></a><p>Annie's Organic Variety Pack, Cheddar Bunnies, Bunny Grahams and Cheddar Squares, 12 Pouches, 11 oz</p><p>$8.49 ($0.77 / Ounce)</p><a href="https://www.amazon.com/dp/B008RLUXI8?tag=eloabder-20&linkCode=osi&th=1&psc=1">View Product</a></div><div class="product"><a href="https://www.amazon.com/dp/B01IPZUZW4?tag=eloabder-20&linkCode=osi&th=1&psc=1"><img src="https://m.media-amazon.com/images/I/51F2XkB6b5L._SL500_.jpg" alt="Product Image"></a><p>BetterBody Foods Organic Cacao Powder, Rich Chocolate Flavor, Non-GMO, Gluten-Free, Cocoa, 16 ounce, 1 lb bag</p><p>$12.27 ($0.77 / Ounce)</p><a href="https://www.amazon.com/dp/B01IPZUZW4?tag=eloabder-20&linkCode=osi&th=1&psc=1">View Product</a></div><div class="product"><a href="https://www.amazon.com/dp/B016BC50VY?tag=eloabder-20&linkCode=osi&th=1&psc=1"><img src="https://m.media-amazon.com/images/I/51yOgUaWJ1L._SL500_.jpg" alt="Product Image"></a><p>Good Sense Roasted & Salted Organic Pumpkin Seeds (Pepitas), Non-GMO & All Natural, 6 Ounce Resealable Bag</p><p>$3.99 ($0.66 / Ounce)</p><a href="https://www.amazon.com/dp/B016BC50VY?tag=eloabder-20&linkCode=osi&th=1&psc=1">View Product</a></div><div class="product"><a href="https://www.amazon.com/dp/B0B5V77FSZ?tag=eloabder-20&linkCode=osi&th=1&psc=1"><img src="https://m.media-amazon.com/images/I/41qVxhNyX6L._SL500_.jpg" alt="Product Image"></a><p>Pacific Foods Organic Chicken and Wild Rice Soup, 16.3 oz Can</p><p>$2.87 ($0.18 / Ounce)</p><a href="https://www.amazon.com/dp/B0B5V77FSZ?tag=eloabder-20&linkCode=osi&th=1&psc=1">View Product</a></div>
<div class="product"><a href="https://www.amazon.com/dp/B00CBX8F3I?tag=eloabder-20&linkCode=osi&th=1&psc=1"><img src="https://m.media-amazon.com/images/I/51YgGi3uXNL._SL500_.jpg" alt="Product Image"></a><p>Glutino Gluten Free Table Crackers, Premium Squares, Original, 7 oz</p><p>$3.13 ($0.45 / Ounce)</p><a href="https://www.amazon.com/dp/B00CBX8F3I?tag=eloabder-20&linkCode=osi&th=1&psc=1">View Product</a></div><div class="product"><a href="https://www.amazon.com/dp/B0C64N6ZTC?tag=eloabder-20&linkCode=osi&th=1&psc=1"><img src="https://m.media-amazon.com/images/I/41jSEFaAtWL._SL500_.jpg" alt="Product Image"></a><p>Katz Gluten Free Toaster Pastries. Strawberry. Easy Breakfast Food Or Anytime Healthy Snacks For Adults & Kids. Gluten Free Snacks. Dairy Free, Nut Free, Peanut Free, Soy Free. Snacks For Adults Kosher Snacks. 8 OZ (Pack Of 2</p><p>$12.97 ($0.81 / Ounce)</p><a href="https://www.amazon.com/dp/B0C64N6ZTC?tag=eloabder-20&linkCode=osi&th=1&psc=1">View Product</a></div><div class="product"><a href="https://www.amazon.com/dp/B006OIWD7U?tag=eloabder-20&linkCode=osi&th=1&psc=1"><img src="https://m.media-amazon.com/images/I/51fcMhMMuFL._SL500_.jpg" alt="Product Image"></a><p>Kinnikinnick Gluten Free Angel Food Cake Mix, 16 Ounce</p><p>$9.00 ($0.56 / Ounce)</p><a href="https://www.amazon.com/dp/B006OIWD7U?tag=eloabder-20&linkCode=osi&th=1&psc=1">View Product</a></div><div class="product"><a href="https://www.amazon.com/dp/B00HKIBKQS?tag=eloabder-20&linkCode=osi&th=1&psc=1"><img src="https://m.media-amazon.com/images/I/41vcEf0YqVL._SL500_.jpg" alt="Product Image"></a><p>Lotus Foods Bulk Food Organic Millet & Brown Rice Ramen Noodles with Red Miso Soup, Gluten-Free Easy to Cook & Healthy Japanese Noodles with Instant Gourmet Broth, 2.8 Oz (Pack of 10)</p><p>$23.90 ($0.85 / Ounce)</p><a href="https://www.amazon.com/dp/B00HKIBKQS?tag=eloabder-20&linkCode=osi&th=1&psc=1">View Product</a></div><div class="product"><a href="https://www.amazon.com/dp/B09P8VQ62R?tag=eloabder-20&linkCode=osi&th=1&psc=1"><img src="https://m.media-amazon.com/images/I/517vF20bKYL._SL500_.jpg" alt="Product Image"></a><p>Gluten Free Sugar Free Butter Cookies 36 Count Traditional Danish Cookies, Premium Assorted Shortbread cookies for Diabetics (1 Pk, 11 Ounce)</p><p>$13.99 ($1.27 / Ounce)</p><a href="https://www.amazon.com/dp/B09P8VQ62R?tag=eloabder-20&linkCode=osi&th=1&psc=1">View Product</a></div><div class="product"><a href="https://www.amazon.com/dp/B07QFY8KVJ?tag=eloabder-20&linkCode=osi&th=1&psc=1"><img src="https://m.media-amazon.com/images/I/41A8K3x-WKL._SL500_.jpg" alt="Product Image"></a><p>Double Yolk Gluten Free Medium Egg Noodles,10 Ounce Bag (Pack of 2)</p><p>$20.00 ($1.00 / Ounce)</p><a href="https://www.amazon.com/dp/B07QFY8KVJ?tag=eloabder-20&linkCode=osi&th=1&psc=1">View Product</a></div><div class="product"><a href="https://www.amazon.com/dp/B017QPT0P2?tag=eloabder-20&linkCode=osi&th=1&psc=1"><img src="https://m.media-amazon.com/images/I/41bJSGh8ocS._SL500_.jpg" alt="Product Image"></a><p>Mom's Gluten Free Angel Food Cake Mix,1-Pack, Easy to Make, 12 Servings, Non GMO Delicious and Healthy Gluten Free Desserts</p><p>$9.99 ($0.55 / Ounce)</p><a href="https://www.amazon.com/dp/B017QPT0P2?tag=eloabder-20&linkCode=osi&th=1&psc=1">View Product</a></div>
<div class="product"><a href="https://www.amazon.com/dp/B08QG24L5V?tag=eloabder-20&linkCode=osi&th=1&psc=1"><img src="https://m.media-amazon.com/images/I/61+-HZ1es-L._SL500_.jpg" alt="Product Image"></a><p>Hellmann's Vegan Dressing and Spread Vegan 3 Ct for a Rich, Creamy Plant-Based Alternative to Mayo Same Great Taste, Plant Based, Free From Eggs 11.5 oz</p><p>$13.47 ($0.39 / Fl Oz)</p><a href="https://www.amazon.com/dp/B08QG24L5V?tag=eloabder-20&linkCode=osi&th=1&psc=1">View Product</a></div><div class="product"><a href="https://www.amazon.com/dp/B07PQ9D3WP?tag=eloabder-20&linkCode=osi&th=1&psc=1"><img src="https://m.media-amazon.com/images/I/519WO4YN0lL._SL500_.jpg" alt="Product Image"></a><p>Kapka Assorted Variety Indian Meals - 5 Pack - Ready to Eat Authentic Vegan Prepared Food - Just Add Water - Microwaveable Plant-Based Snacks for Breakfast, Lunch, Non-GMO, No Additives - 3.5oz Each</p><p>$22.99 ($1.31 / Ounce)</p><a href="https://www.amazon.com/dp/B07PQ9D3WP?tag=eloabder-20&linkCode=osi&th=1&psc=1">View Product</a></div><div class="product"><a href="https://www.amazon.com/dp/B093TNJY8D?tag=eloabder-20&linkCode=osi&th=1&psc=1"><img src="https://m.media-amazon.com/images/I/51imOXudzIL._SL500_.jpg" alt="Product Image"></a><p>TASTY BITE Mexican Protein Bowl, 8.8 Ounce, Pack of 6, Ready to Eat, Microwaveable, Vegan, 12g Plant Protein, Tangy Citrus</p><p>$21.96 ($0.42 / Ounce)</p><a href="https://www.amazon.com/dp/B093TNJY8D?tag=eloabder-20&linkCode=osi&th=1&psc=1">View Product</a></div><div class="product"><a href="https://www.amazon.com/dp/B0B23VJWWN?tag=eloabder-20&linkCode=osi&th=1&psc=1"><img src="https://m.media-amazon.com/images/I/519YN5vy+eL._SL500_.jpg" alt="Product Image"></a><p>Casa Verde | Variety flavours, 100% Natural food, Pack of 4, Real taste | 100% vegan & Non-GMO, Plant based, No preservatives</p><p>$26.99 ($0.77 / Ounce)</p><a href="https://www.amazon.com/dp/B0B23VJWWN?tag=eloabder-20&linkCode=osi&th=1&psc=1">View Product</a></div><div class="product"><a href="https://www.amazon.com/dp/B071JLJ9Q8?tag=eloabder-20&linkCode=osi&th=1&psc=1"><img src="https://m.media-amazon.com/images/I/51iqkJ5JbAL._SL500_.jpg" alt="Product Image"></a><p>Vegan Snacks Gift Basket for Adults Healthy Food Treats Variety Pack with Cookies, Protein Bars, Candy, Crispy Chips, Vegan Jerky, Fruit and Nut Blends - Ideal Vegan Snack Box Gift for Women & Men</p><p>$42.99 ($2.15 / Count)</p><a href="https://www.amazon.com/dp/B071JLJ9Q8?tag=eloabder-20&linkCode=osi&th=1&psc=1">View Product</a></div><div class="product"><a href="https://www.amazon.com/dp/B086PDWSNC?tag=eloabder-20&linkCode=osi&th=1&psc=1"><img src="https://m.media-amazon.com/images/I/51WO5dIKDjL._SL500_.jpg" alt="Product Image"></a><p>Kitchen & Love Best Sellers Variety Box 6-Pack | Vegan, Ready-to-Eat, No Refrigeration Required | Plant-Based, Gourmet Flavors</p><p>$27.99 ($0.59 / Ounce)</p><a href="https://www.amazon.com/dp/B086PDWSNC?tag=eloabder-20&linkCode=osi&th=1&psc=1">View Product</a></div><div class="product"><a href="https://www.amazon.com/dp/B08QG3CRNP?tag=eloabder-20&linkCode=osi&th=1&psc=1"><img src="https://m.media-amazon.com/images/I/617B3UIbxHL._SL500_.jpg" alt="Product Image"></a><p>Best Foods Vegan Dressing and Spread Vegan 1 ct for a Rich, Creamy Plant-Based Alternative to Mayo Same Great Taste, Plant Based, Free From Eggs 11.5 oz</p><p>$5.59 ($0.49 / Fl Oz)</p><a href="https://www.amazon.com/dp/B08QG3CRNP?tag=eloabder-20&linkCode=osi&th=1&psc=1">View Product</a></div><div class="product"><a href="https://www.amazon.com/dp/B09874VXSX?tag=eloabder-20&linkCode=osi&th=1&psc=1"><img src="https://m.media-amazon.com/images/I/51dRBp+9AzS._SL500_.jpg" alt="Product Image"></a><p>VEGAN VALLEY Cashew Nacho Cheeze Sauce, 14.5 oz - Shelf Stable, Tangy Vegan Nacho Cheeze -Certified Gluten-Free, Kosher, Dairy Free Cheeze -Non-GMO Plant-Based Cheeze Great As Vegan Pasta Sauce, Dip</p><p>$12.97 ($0.89 / Ounce)</p><a href="https://www.amazon.com/dp/B09874VXSX?tag=eloabder-20&linkCode=osi&th=1&psc=1">View Product</a></div><div class="product"><a href="https://www.amazon.com/dp/B076XR11WH?tag=eloabder-20&linkCode=osi&th=1&psc=1"><img src="https://m.media-amazon.com/images/I/41cpFCG2iiL._SL500_.jpg" alt="Product Image"></a><p>NOOCH IT! Fair Trade Dairy-Free Cashew Grated Cheeze | Vegan Parmesan ● Tasty Cheese Alternative | 4oz (Vegan "Parm", Gluten-Free)</p><p>$10.99 ($2.75 / Ounce)</p><a href="https://www.amazon.com/dp/B076XR11WH?tag=eloabder-20&linkCode=osi&th=1&psc=1">View Product</a></div>
<div class="product"><a href="https://www.amazon.com/dp/B09GFBR6MW?tag=eloabder-20&linkCode=osi&th=1&psc=1"><img src="https://m.media-amazon.com/images/I/51Jn8cqk0AL._SL500_.jpg" alt="Product Image"></a><p>Keto Almond Flour Crackers Variety Pack - Gluten Free, Low Carb, No Sugar</p><p>$14.99 ($2.22 / Ounce)</p><a href="https://www.amazon.com/dp/B09GFBR6MW?tag=eloabder-20&linkCode=osi&th=1&psc=1">View Product</a></div><div class="product"><a href="https://www.amazon.com/dp/B07TYW7CQ8?tag=eloabder-20&linkCode=osi&th=1&psc=1"><img src="https://m.media-amazon.com/images/I/51HQ0o0qxrL._SL500_.jpg" alt="Product Image"></a><p>Tillamook Country Smoker Keto Friendly Zero Sugar Smoked Sausages, Original, 10 Ounce</p><p>$11.49 ($1.15 / Ounce)</p><a href="https://www.amazon.com/dp/B07TYW7CQ8?tag=eloabder-20&linkCode=osi&th=1&psc=1">View Product</a></div><div class="product"><a href="https://www.amazon.com/dp/B09VXNV7ZZ?tag=eloabder-20&linkCode=osi&th=1&psc=1"><img src="https://m.media-amazon.com/images/I/51GQQjKLByL._SL500_.jpg" alt="Product Image"></a><p>Keto Strawberry Jam, No Sugar Added - Monk Fruit Sweetened, Gluten Free Spread from ChocZero, 12 oz</p><p>$9.99 ($0.83 / Ounce)</p><a href="https://www.amazon.com/dp/B09VXNV7ZZ?tag=eloabder-20&linkCode=osi&th=1&psc=1">View Product</a></div><div class="product"><a href="https://www.amazon.com/dp/B09GJ1RDS8?tag=eloabder-20&linkCode=osi&th=1&psc=1"><img src="https://m.media-amazon.com/images/I/61fQrPm63ML._SL500_.jpg" alt="Product Image"></a><p>Ratio Soft Baked Bars, Chocolate Brownie, 1g Sugar, Keto Friendly, 5.34 OZ (6 Bars)</p><p>$7.43 ($1.39 / Ounce)</p><a href="https://www.amazon.com/dp/B09GJ1RDS8?tag=eloabder-20&linkCode=osi&th=1&psc=1">View Product</a></div><div class="product"><a href="https://www.amazon.com/dp/B08ZS5VQ4P?tag=eloabder-20&linkCode=osi&th=1&psc=1"><img src="https://m.media-amazon.com/images/I/41bWBXP6BWL._SL500_.jpg" alt="Product Image"></a><p>Legendary Foods 20 gr Protein Pastry - Low Carb Tasty Protein Bar Alternative, Keto Friendly, No Sugar Added High Protein Breakfast Snacks, Gluten Free Keto Food - Brown Sugar Cinnamon (8-Pack)</p><p>$24.95 ($1.42 / Ounce)</p><a href="https://www.amazon.com/dp/B08ZS5VQ4P?tag=eloabder-20&linkCode=osi&th=1&psc=1">View Product</a></div><div class="product"><a href="https://www.amazon.com/dp/B08SHZGKD9?tag=eloabder-20&linkCode=osi&th=1&psc=1"><img src="https://m.media-amazon.com/images/I/51z4hGA4oGL._SL500_.jpg" alt="Product Image"></a><p>ChocZero Milk Chocolate Hazelnut Spread - Keto Friendly, No Sugar Added, Best Low Carb Dessert, Perfect Topping for Almond Flour Pancakes, Naturally Sweetened with Monk Fruit (1 jar, 12 oz)</p><p>$9.59 ($0.80 / Ounce)</p><a href="https://www.amazon.com/dp/B08SHZGKD9?tag=eloabder-20&linkCode=osi&th=1&psc=1">View Product</a></div><div class="product"><a href="https://www.amazon.com/dp/B078YD277Z?tag=eloabder-20&linkCode=osi&th=1&psc=1"><img src="https://m.media-amazon.com/images/I/413KVQlVNYL._SL500_.jpg" alt="Product Image"></a><p>Twin Peaks Low Carb, Keto Friendly Protein Puffs, Nacho Cheese (300g, 21g Protein, 2g Carbs)</p><p>$26.98 ($2.55 / Ounce)</p><a href="https://www.amazon.com/dp/B078YD277Z?tag=eloabder-20&linkCode=osi&th=1&psc=1">View Product</a></div><div class="product"><a href="https://www.amazon.com/dp/B09HYCR8H8?tag=eloabder-20&linkCode=osi&th=1&psc=1"><img src="https://m.media-amazon.com/images/I/51-9H1RUjjL._SL500_.jpg" alt="Product Image"></a><p>Ratio Coconut Almond Granola Cereal, 1g Sugar, Keto Friendly, 8 OZ Resealable Cereal Bag</p><p>$6.98 ($0.87 / Ounce)</p><a href="https://www.amazon.com/dp/B09HYCR8H8?tag=eloabder-20&linkCode=osi&th=1&psc=1">View Product</a></div><div class="product"><a href="https://www.amazon.com/dp/B09L78DG1T?tag=eloabder-20&linkCode=osi&th=1&psc=1"><img src="https://m.media-amazon.com/images/I/41zLTQtCMFL._SL500_.jpg" alt="Product Image"></a><p>Keto Biscuit Zero Carb Mix - Keto and Gluten Free Biscuit Baking Mix - 0g Net Carbs Per Biscuit - Sweetened with Allulose - No Erythritol, Easy to Bake - No Sugar Alcohols - No Nut Flours - Makes 12 Biscuits (23g Mix)</p><p>$12.99 ($1.33 / Ounce)</p><a href="https://www.amazon.com/dp/B09L78DG1T?tag=eloabder-20&linkCode=osi&th=1&psc=1">View Product</a></div>
<div class="product"><a href="https://www.amazon.com/dp/B07D3NS8NW?tag=eloabder-20&linkCode=osi&th=1&psc=1"><img src="https://m.media-amazon.com/images/I/5119qXbMHbL._SL500_.jpg" alt="Product Image"></a><p>Chomps Grass-Fed and Finished Original Beef Jerky Snack Sticks 10-Pack - Keto, Paleo, Whole30, 10g Lean Meat Protein, Gluten-Free, Zero Sugar Food, Non-GMO</p><p>$23.99 ($2.09 / Ounce)</p><a href="https://www.amazon.com/dp/B07D3NS8NW?tag=eloabder-20&linkCode=osi&th=1&psc=1">View Product</a></div><div class="product"><a href="https://www.amazon.com/dp/B01MD0T6G0?tag=eloabder-20&linkCode=osi&th=1&psc=1"><img src="https://m.media-amazon.com/images/I/410g9hhT61L._SL500_.jpg" alt="Product Image"></a><p>Paleo Powder Autoimmune Protocol All Purpose Seasoning | The Original Paleo Aip Seasoning Great for All Paleo Diets | Certified Keto Food, Paleo Whole 30, Aip Food, Gluten Free Seasoning</p><p>$10.99 ($2.75 / Ounce)</p><a href="https://www.amazon.com/dp/B01MD0T6G0?tag=eloabder-20&linkCode=osi&th=1&psc=1">View Product</a></div><div class="product"><a href="https://www.amazon.com/dp/B0844YJVX3?tag=eloabder-20&linkCode=osi&th=1&psc=1"><img src="https://m.media-amazon.com/images/I/51ejTPkppoL._SL500_.jpg" alt="Product Image"></a><p>Kevin's Natural Foods Paleo Simmer Sauce Variety Pack - Stir-Fry Sauce, Gluten Free, No Preservatives, Non-GMO - 3 Pack (Teriyaki/Thai Coconut/Korean BBQ)</p><p>$15.00 ($0.71 / Ounce)</p><a href="https://www.amazon.com/dp/B0844YJVX3?tag=eloabder-20&linkCode=osi&th=1&psc=1">View Product</a></div><div class="product"><a href="https://www.amazon.com/dp/B097CGVXGZ?tag=eloabder-20&linkCode=osi&th=1&psc=1"><img src="https://m.media-amazon.com/images/I/51q6lfDMpKL._SL500_.jpg" alt="Product Image"></a><p>Thunderbird Real Food Bars - Gluten Free, Paleo, Vegan Snack Food Bar Variety Pack - 102 Ounce</p><p>$18.99 ($1.86 / Ounce)</p><a href="https://www.amazon.com/dp/B097CGVXGZ?tag=eloabder-20&linkCode=osi&th=1&psc=1">View Product</a></div><div class="product"><a href="https://www.amazon.com/dp/B07B6N46RZ?tag=eloabder-20&linkCode=osi&th=1&psc=1"><img src="https://m.media-amazon.com/images/I/51VZNI8wYuL._SL500_.jpg" alt="Product Image"></a><p>Caveman Foods Dark Chocolate Almond Coconut (12 Count Box) 1.4 Ounce, Nutrition Bar , NON GMO, GULTEN Free, Paleo Friendly Dark Coconut Dark Chocolate Coconut bars</p><p>$18.55 ($1.10 / Ounce)</p><a href="https://www.amazon.com/dp/B07B6N46RZ?tag=eloabder-20&linkCode=osi&th=1&psc=1">View Product</a></div><div class="product"><a href="https://www.amazon.com/dp/B07TBB5XBT?tag=eloabder-20&linkCode=osi&th=1&psc=1"><img src="https://m.media-amazon.com/images/I/41C-Kn4zXqL._SL500_.jpg" alt="Product Image"></a><p>Paleo AIP Seasoned Breading Mix | Cassava Root with AIP Seasoning Paleo Mix for all Paleo Diets | Certified Keto Food, Gluten Free, No MSG, No Additives, No Anti-Caking Agents, No Added Sugar.</p><p>$11.99 ($1.50 / Ounce)</p><a href="https://www.amazon.com/dp/B07TBB5XBT?tag=eloabder-20&linkCode=osi&th=1&psc=1">View Product</a></div><div class="product"><a href="https://www.amazon.com/dp/B01II47Y94?tag=eloabder-20&linkCode=osi&th=1&psc=1"><img src="https://m.media-amazon.com/images/I/51qQs0vK2+L._SL500_.jpg" alt="Product Image"></a><p>Bearded Brothers Organic Vegan Protein Energy Bars - Gluten & Soy Free Paleo | Non GMO, Low Glycemic, Plant Based Protein, High Fiber | 12pk Six Flavor Variety</p><p>$30.99 ($1.70 / Ounce)</p><a href="https://www.amazon.com/dp/B01II47Y94?tag=eloabder-20&linkCode=osi&th=1&psc=1">View Product</a></div><div class="product"><a href="https://www.amazon.com/dp/B081XYV62N?tag=eloabder-20&linkCode=osi&th=1&psc=1"><img src="https://m.media-amazon.com/images/I/61EH9U076rL._SL500_.jpg" alt="Product Image"></a><p>Paleo Snacks Variety Pack for Adult | Healthy Snack Box [25 Count] Holiday Gift Basket Gluten Free | Mix of Whole Foods, Protein Bars, Crackers, Chips, Puffs, Fruit & Nuts by Snack Attack</p><p>$51.99</p><a href="https://www.amazon.com/dp/B081XYV62N?tag=eloabder-20&linkCode=osi&th=1&psc=1">View Product</a></div><div class="product"><a href="https://www.amazon.com/dp/B07NXF79QB?tag=eloabder-20&linkCode=osi&th=1&psc=1"><img src="https://m.media-amazon.com/images/I/41+l-WTpxlL._SL500_.jpg" alt="Product Image"></a><p>BetterBody Foods Avocado Oil Mayonnaise, Non-GMO Mayo Spread Made with Cage-Free Eggs, Paleo (15 Ounces)</p><p>$7.98 ($0.53 / Fl Oz)</p><a href="https://www.amazon.com/dp/B07NXF79QB?tag=eloabder-20&linkCode=osi&th=1&psc=1">View Product</a></div>
<div class="product"><a href="https://www.amazon.com/dp/B08R6DZXYV?tag=eloabder-20&linkCode=osi&th=1&psc=1"><img src="https://m.media-amazon.com/images/I/514+AzE-ZdL._SL500_.jpg" alt="Product Image"></a><p>The Only Bean - Crunchy Roasted Edamame Beans (Sea Salt) - Keto Snacks (2g Net) - High Protein Healthy Snacks (14g Protein) - Low Carb & Calorie, Gluten-Free Snack, Vegan Food - 4 oz (3 Pack)</p><p>$13.97 ($1.16 / Ounce)</p><a href="https://www.amazon.com/dp/B08R6DZXYV?tag=eloabder-20&linkCode=osi&th=1&psc=1">View Product</a></div><div class="product"><a href="https://www.amazon.com/dp/B081K2H9MT?tag=eloabder-20&linkCode=osi&th=1&psc=1"><img src="https://m.media-amazon.com/images/I/51AY70sTn+L._SL500_.jpg" alt="Product Image"></a><p>Natural Heaven Hearts of Palm Pasta, Angel Hair Noodles - Low Carb Pasta, Gluten-Free, Paleo, Keto Pasta Noodles, Plant-Based Healthy Food, 9 Oz</p><p>$7.98 ($0.89 / Ounce)</p><a href="https://www.amazon.com/dp/B081K2H9MT?tag=eloabder-20&linkCode=osi&th=1&psc=1">View Product</a></div><div class="product"><a href="https://www.amazon.com/dp/B010LWGDMA?tag=eloabder-20&linkCode=osi&th=1&psc=1"><img src="https://m.media-amazon.com/images/I/51a0+d-4GQL._SL500_.jpg" alt="Product Image"></a><p>Atkins Endulge Caramel Nut Chew Bar, Dessert Favorite, 1g Sugar, Good Source of Fiber, Low Sugar, 10 Count</p><p>$12.49 ($1.04 / Ounce)</p><a href="https://www.amazon.com/dp/B010LWGDMA?tag=eloabder-20&linkCode=osi&th=1&psc=1">View Product</a></div><div class="product"><a href="https://www.amazon.com/dp/B092L4RYLD?tag=eloabder-20&linkCode=osi&th=1&psc=1"><img src="https://m.media-amazon.com/images/I/51OTsRP+TZL._SL500_.jpg" alt="Product Image"></a><p>Legendary Foods 20 gr Protein Pastry, Low Carb, Tasty Protein Bar Alternative, Keto Friendly, No Sugar Added, High Protein Breakfast Snacks, Gluten Free Keto Food - Hot Fudge (8-Pack)</p><p>$26.99 ($1.53 / Ounce)</p><a href="https://www.amazon.com/dp/B092L4RYLD?tag=eloabder-20&linkCode=osi&th=1&psc=1">View Product</a></div><div class="product"><a href="https://www.amazon.com/dp/B0B3YG1RSV?tag=eloabder-20&linkCode=osi&th=1&psc=1"><img src="https://m.media-amazon.com/images/I/419gDC2KO3L._SL500_.jpg" alt="Product Image"></a><p>King Arthur Baking Keto Pizza Crust Mix, 1g Net Carbs Per Serving, Low Carb & Keto Friendly, 10.25 oz</p><p>$5.49 ($0.54 / Ounce)</p><a href="https://www.amazon.com/dp/B0B3YG1RSV?tag=eloabder-20&linkCode=osi&th=1&psc=1">View Product</a></div><div class="product"><a href="https://www.amazon.com/dp/B0CJ5MXM5F?tag=eloabder-20&linkCode=osi&th=1&psc=1"><img src="https://m.media-amazon.com/images/I/51sa1DKliOL._SL500_.jpg" alt="Product Image"></a><p>BeyondTwistz Low Carb Pretzels, Garlic Butter, Keto Friendly, 2g Net Carbs, 18g Protein, Powered By HealthSense® High Fiber Wheat Flour, Family Size 8oz Bag, Pack of 1</p><p>$12.99 ($1.62 / Ounce)</p><a href="https://www.amazon.com/dp/B0CJ5MXM5F?tag=eloabder-20&linkCode=osi&th=1&psc=1">View Product</a></div><div class="product"><a href="https://www.amazon.com/dp/B0C95KJ8K6?tag=eloabder-20&linkCode=osi&th=1&psc=1"><img src="https://m.media-amazon.com/images/I/51mYAdV0dDL._SL500_.jpg" alt="Product Image"></a><p>Mr. Tortilla Low Carb Keto Soft Taco Shells, Vegan Healthy Snacks & Bread Alternative, 1 Net Carb 15 Calories Delicious Small Batch Kosher Wraps -(Multigrain, 12 Count)</p><p>$5.99 ($0.50 / Count)</p><a href="https://www.amazon.com/dp/B0C95KJ8K6?tag=eloabder-20&linkCode=osi&th=1&psc=1">View Product</a></div>
<div class="product"><a href="https://www.amazon.com/dp/B0B7S2CQ8L?tag=eloabder-20&linkCode=osi&th=1&psc=1"><img src="https://m.media-amazon.com/images/I/41MUr4yS1EL._SL500_.jpg" alt="Product Image"></a><p>Legendary Foods High Protein Snack - Chocolate Sweet Roll, 20 Gr Protein Bar Alternative, Low Carb Food, Low Sugar - Gluten Free Keto Breakfast Snacks, Healthy Chocolate Flavored Rolls (10-pack)</p><p>$33.99 ($1.44 / Ounce)</p><a href="https://www.amazon.com/dp/B0B7S2CQ8L?tag=eloabder-20&linkCode=osi&th=1&psc=1">View Product</a></div><div class="product"><a href="https://www.amazon.com/dp/B0B2N5GHMG?tag=eloabder-20&linkCode=osi&th=1&psc=1"><img src="https://m.media-amazon.com/images/I/61SWf5ZeiCL._SL500_.jpg" alt="Product Image"></a><p>The Only Bean Crunchy Roasted Edamame - Healthy Snacks for Adults and Kids (Variety Pack), Low Calorie & Carb Keto Snack Food, Vegan Gluten Free High Protein Snacks (11g), Office Snack, 0.9oz 24 pack</p><p>$28.97 ($1.34 / Ounce)</p><a href="https://www.amazon.com/dp/B0B2N5GHMG?tag=eloabder-20&linkCode=osi&th=1&psc=1">View Product</a></div><div class="product"><a href="https://www.amazon.com/dp/B0CZT2LPZJ?tag=eloabder-20&linkCode=osi&th=1&psc=1"><img src="https://m.media-amazon.com/images/I/41XWEdSgdDL._SL500_.jpg" alt="Product Image"></a><p>Crisp Power High Protein Pretzel Crisps - 6 Pack x 1.75 oz Crunchy & Flavorful Plant-Based Snack. No Sugar, 28g Protein Per Pack in 3 Savory Flavors, Vegan, Keto Friendly, Non-GMO, Kosher Non-Dairy (1.75 Ounce (Pack of 6), Everything)</p><p>$19.90 ($1.88 / Ounce)</p><a href="https://www.amazon.com/dp/B0CZT2LPZJ?tag=eloabder-20&linkCode=osi&th=1&psc=1">View Product</a></div><div class="product"><a href="https://www.amazon.com/dp/B09GLBLPYG?tag=eloabder-20&linkCode=osi&th=1&psc=1"><img src="https://m.media-amazon.com/images/I/51i+PQS9qVL._SL500_.jpg" alt="Product Image"></a><p>Quest Nutrition Tortilla Style Protein Chips Variety Pack, Chili Lime, Nacho Cheese, Loaded Taco, Low Carb, High Protein, Gluten Free, 1.1 oz (Pack of 12)</p><p>$29.99 ($2.27 / Ounce)</p><a href="https://www.amazon.com/dp/B09GLBLPYG?tag=eloabder-20&linkCode=osi&th=1&psc=1">View Product</a></div><div class="product"><a href="https://www.amazon.com/dp/B086CHT1TM?tag=eloabder-20&linkCode=osi&th=1&psc=1"><img src="https://m.media-amazon.com/images/I/519WyQYsN0L._SL500_.jpg" alt="Product Image"></a><p>Quest Nutrition Lemon Cake Protein Bars, High Protein, Low Carb, Gluten Free, Keto Friendly, 12 Count (Pack of 1)</p><p>$22.99 ($0.90 / Ounce)</p><a href="https://www.amazon.com/dp/B086CHT1TM?tag=eloabder-20&linkCode=osi&th=1&psc=1">View Product</a></div>

Aucun résultat trouvé.
<div class="product"><a href="https://www.amazon.com/dp/B07BQXJ123?tag=eloabder-20&linkCode=osi&th=1&psc=1"><img src="https://m.media-amazon.com/images/I/41h4IsgjbZL._SL500_.jpg" alt="Product Image"></a><p>Squirrel Brand Sweet Brown Butter Cashews, 3.5 Ounces Resealable Bag, Gluten Free, Vegetarian</p><p>$2.74 ($0.78 / Fl Oz)</p><a href="https://www.amazon.com/dp/B07BQXJ123?tag=eloabder-20&linkCode=osi&th=1&psc=1">View Product</a></div><div class="product"><a href="https://www.amazon.com/dp/B003P02EGU?tag=eloabder-20&linkCode=osi&th=1&psc=1"><img src="https://m.media-amazon.com/images/I/51aUMBXF71L._SL500_.jpg" alt="Product Image"></a><p>Sparkling Ice, Black Raspberry Sparkling Water, Zero Sugar Flavored Water, with Vitamins and Antioxidants, Low Calorie Beverage, 17 fl oz Bottles (Pack of 12)</p><p>$9.98 ($0.05 / Fl Oz)</p><a href="https://www.amazon.com/dp/B003P02EGU?tag=eloabder-20&linkCode=osi&th=1&psc=1">View Product</a></div><div class="product"><a href="https://www.amazon.com/dp/B0C6RG22VN?tag=eloabder-20&linkCode=osi&th=1&psc=1"><img src="https://m.media-amazon.com/images/I/31fjAuuWWNL._SL500_.jpg" alt="Product Image"></a><p>Bauducco Vanilla Wafers - Crispy Wafer Cookies With 3 Delicious, Indulgent, Decadent Layers of Vanilla Flavored Cream - Delicious Sweet Snack or Desert - 5.0 oz (Pack of 1)</p><p>$1.59 ($0.32 / Ounce)</p><a href="https://www.amazon.com/dp/B0C6RG22VN?tag=eloabder-20&linkCode=osi&th=1&psc=1">View Product</a></div><div class="product"><a href="https://www.amazon.com/dp/B09W5ZVDD2?tag=eloabder-20&linkCode=osi&th=1&psc=1"><img src="https://m.media-amazon.com/images/I/41SSfHVmdrL._SL500_.jpg" alt="Product Image"></a><p>Cinnamon Toast Crunch Creamy Cinnamon Spread, 10 Ounce</p><p>$2.48 ($0.25 / Ounce)</p><a href="https://www.amazon.com/dp/B09W5ZVDD2?tag=eloabder-20&linkCode=osi&th=1&psc=1">View Product</a></div><div class="product"><a href="https://www.amazon.com/dp/B00L2MWLMK?tag=eloabder-20&linkCode=osi&th=1&psc=1"><img src="https://m.media-amazon.com/images/I/51dBawJ2u9L._SL500_.jpg" alt="Product Image"></a><p>Duncan Hines Dark Chocolate Fudge Brownie Mix, 18.2 OZ</p><p>$1.54 ($0.08 / Ounce)</p><a href="https://www.amazon.com/dp/B00L2MWLMK?tag=eloabder-20&linkCode=osi&th=1&psc=1">View Product</a></div><div class="product"><a href="https://www.amazon.com/dp/B004M15U12?tag=eloabder-20&linkCode=osi&th=1&psc=1"><img src="https://m.media-amazon.com/images/I/51WF3t7pADL._SL500_.jpg" alt="Product Image"></a><p>PLANTERS Deluxe Salted Whole Cashews, Party Snacks, Plant-Based Protein, Quick Snack for Adults, After School Snack, Roasted Cashew Flavored with Sea Salt, Bulk Nuts, Kosher, 1 lb 2.25oz Canister</p><p>$9.98 ($0.55 / Ounce)</p><a href="https://www.amazon.com/dp/B004M15U12?tag=eloabder-20&linkCode=osi&th=1&psc=1">View Product</a></div><div class="product"><a href="https://www.amazon.com/dp/B078J62RYJ?tag=eloabder-20&linkCode=osi&th=1&psc=1"><img src="https://m.media-amazon.com/images/I/51AXLNUF66L._SL500_.jpg" alt="Product Image"></a><p>PLANTERS Deluxe Mixed Nuts, Cashews, Almonds, Pecans, Pistachios, Hazelnuts, Roasted with Sea Salt, Party Snacks, Plant-Based Protein, Quick Snack for Adults, After School Snack, 27oz Container</p><p>$17.51 ($0.65 / Ounce)</p><a href="https://www.amazon.com/dp/B078J62RYJ?tag=eloabder-20&linkCode=osi&th=1&psc=1">View Product</a></div><div class="product"><a href="https://www.amazon.com/dp/B0BSB1D65T?tag=eloabder-20&linkCode=osi&th=1&psc=1"><img src="https://m.media-amazon.com/images/I/51u9sSRdlIL._SL500_.jpg" alt="Product Image"></a><p>PLANTERS Cashews Cinnamon & Brown Sugar, Party Snacks, 5 Oz Bag</p><p>$3.50 ($0.70 / Ounce)</p><a href="https://www.amazon.com/dp/B0BSB1D65T?tag=eloabder-20&linkCode=osi&th=1&psc=1">View Product</a></div><div class="product"><a href="https://www.amazon.com/dp/B0BN4LZ5P3?tag=eloabder-20&linkCode=osi&th=1&psc=1"><img src="https://m.media-amazon.com/images/I/51OLBHQEeSL._SL500_.jpg" alt="Product Image"></a><p>Planters Dry Roasted Bold & Savory Peanuts, Party Snacks, Plant-Based Protein, 16 Oz Jar</p><p>$2.98 ($0.19 / Ounce)</p><a href="https://www.amazon.com/dp/B0BN4LZ5P3?tag=eloabder-20&linkCode=osi&th=1&psc=1">View Product</a></div>

<div class="product"><a href="https://www.amazon.com/dp/B0CJQJYYVQ?tag=eloabder-20&linkCode=osi&th=1&psc=1"><img src="https://m.media-amazon.com/images/I/51mbf3FOrUL._SL500_.jpg" alt="Product Image"></a><p>Dried Fruit and Nuts Gift Baskets, 9 Healthy Varieties of Nuts & Dried Fruit Gifts, Gourmet Prime Candy Basket Delivery, Family Edible Food Ideas for All, Anniversary, Birthday, Care Package, Corporate Gifts</p><p>$24.99 ($24.99 / Count)</p><a href="https://www.amazon.com/dp/B0CJQJYYVQ?tag=eloabder-20&linkCode=osi&th=1&psc=1">View Product</a></div><div class="product"><a href="https://www.amazon.com/dp/B0BRYN42RF?tag=eloabder-20&linkCode=osi&th=1&psc=1"><img src="https://m.media-amazon.com/images/I/61sztsxabsL._SL500_.jpg" alt="Product Image"></a><p>Dried Fruit & Nuts Gift Basket Arrangement Platter, Gourmet Food Snack Box, For Fathers Day, Birthday Care Package, Healthy Kosher - Her Him - 12 Snackberry Assortment (Single)</p><p>$24.99 ($1.03 / Ounce)</p><a href="https://www.amazon.com/dp/B0BRYN42RF?tag=eloabder-20&linkCode=osi&th=1&psc=1">View Product</a></div><div class="product"><a href="https://www.amazon.com/dp/B0CZ4H5N2S?tag=eloabder-20&linkCode=osi&th=1&psc=1"><img src="https://m.media-amazon.com/images/I/51NLO50v2cL._SL500_.jpg" alt="Product Image"></a><p>Variety Dried Fuit Gift Basket, Fathers Day Gift Basket, Gift Box for Birthday. Anniversary, Get Well Gift, Gift for Him, Her and Family, Snackberry (1 Pack)</p><p>$9.99 ($0.62 / Ounce)</p><a href="https://www.amazon.com/dp/B0CZ4H5N2S?tag=eloabder-20&linkCode=osi&th=1&psc=1">View Product</a></div><div class="product"><a href="https://www.amazon.com/dp/B09HW1C373?tag=eloabder-20&linkCode=osi&th=1&psc=1"><img src="https://m.media-amazon.com/images/I/418cDyDC0eL._SL500_.jpg" alt="Product Image"></a><p>Farm Fresh Assorted Nuts Gift Basket - Artfully Arranged Gourmet Nuts and Dried Fruit Collection - Prime Arrangement Platter - Makes a Delicious, Healthy Gift Basket For Holidays, Parties, Corporate Gifts, and More</p><p>$12.99 ($12.99 / Count)</p><a href="https://www.amazon.com/dp/B09HW1C373?tag=eloabder-20&linkCode=osi&th=1&psc=1">View Product</a></div><div class="product"><a href="https://www.amazon.com/dp/B0CRD2MWB9?tag=eloabder-20&linkCode=osi&th=1&psc=1"><img src="https://m.media-amazon.com/images/I/51tT9Jj4hKL._SL500_.jpg" alt="Product Image"></a><p>Happy Birthday Dried Fruit & Nuts Gift Basket Arrangement Platter, Gourmet Food Snack Box, Birthday Care Package, Healthy Kosher, Her Him (9 Assortments)</p><p>$19.99 ($19.99 / Count)</p><a href="https://www.amazon.com/dp/B0CRD2MWB9?tag=eloabder-20&linkCode=osi&th=1&psc=1">View Product</a></div><div class="product"><a href="https://www.amazon.com/dp/B0CHCJK5GN?tag=eloabder-20&linkCode=osi&th=1&psc=1"><img src="https://m.media-amazon.com/images/I/61dpK7BoYbL._SL500_.jpg" alt="Product Image"></a><p>Broadway Basketeers Deluxe Thank You Dried Fruit And Nuts Gift Basket - A Premium Healthy Appreciation Gift - Corporate, Family & Friends</p><p>$32.06</p><a href="https://www.amazon.com/dp/B0CHCJK5GN?tag=eloabder-20&linkCode=osi&th=1&psc=1">View Product</a></div>
<div class="product"><a href="https://www.amazon.com/dp/B078SZHZ82?tag=eloabder-20&linkCode=osi&th=1&psc=1"><img src="https://m.media-amazon.com/images/I/51S82IO04jL._SL500_.jpg" alt="Product Image"></a><p>DEL MONTE FRESH CUT BLUE LAKE Cut Green Beans Canned Vegetables,14.5 Ounce (Pack of 12)</p><p>$12.99 ($0.07 / Ounce)</p><a href="https://www.amazon.com/dp/B078SZHZ82?tag=eloabder-20&linkCode=osi&th=1&psc=1">View Product</a></div>
<div class="product"><a href="https://www.amazon.com/dp/B0C94YG17L?tag=eloabder-20&linkCode=osi&th=1&psc=1"><img src="https://m.media-amazon.com/images/I/51VfC5jp4OL._SL500_.jpg" alt="Product Image"></a><p>Hickory Farms Farmhouse Sausage & Cheese Medium Gift Box | Gourmet Food Basket | Charcuterie | Father's Day Gift | Perfect For Family, Birthday, Sympathy, Congratulations, Retirement, Thinking of You, Father's Day Gift</p><p>$34.99 ($34.99 / Count)</p><a href="https://www.amazon.com/dp/B0C94YG17L?tag=eloabder-20&linkCode=osi&th=1&psc=1">View Product</a></div><div class="product"><a href="https://www.amazon.com/dp/B00K35V3F8?tag=eloabder-20&linkCode=osi&th=1&psc=1"><img src="https://m.media-amazon.com/images/I/41bd0TKnKfL._SL500_.jpg" alt="Product Image"></a><p>Farmers' Market Charcuterie Gift for Summer, Wisconsin Cheese, Hickory Smoked Meat, Shelf Stable, Gourmet Meat and Cheese Platter, Large Original</p><p>$39.99</p><a href="https://www.amazon.com/dp/B00K35V3F8?tag=eloabder-20&linkCode=osi&th=1&psc=1">View Product</a></div><div class="product"><a href="https://www.amazon.com/dp/B0994V3KXV?tag=eloabder-20&linkCode=osi&th=1&psc=1"><img src="https://m.media-amazon.com/images/I/61Zr7E45qvL._SL500_.jpg" alt="Product Image"></a><p>Wisconsin Cheese Company - Specialty 100% Wisconsin Cheese Block Assortment 4 oz. (Pack of 7 Blocks) Cheddar, Pepper Jack, Swiss, Gouda, Cheddar Salami, Smoked Cheddar & Tomato Basil Cheese - Cheese Sampler Gift Set</p><p>$39.99 ($1.43 / Ounce)</p><a href="https://www.amazon.com/dp/B0994V3KXV?tag=eloabder-20&linkCode=osi&th=1&psc=1">View Product</a></div><div class="product"><a href="https://www.amazon.com/dp/B009Y7I2F0?tag=eloabder-20&linkCode=osi&th=1&psc=1"><img src="https://m.media-amazon.com/images/I/41VgrnxieeL._SL500_.jpg" alt="Product Image"></a><p>Wisconsin Cheese Company - 100% Wisconsin Cheddar & Pepper Jack Cheese and Cracker Gift Basket. Large Gourmet Gift Box Assortment. Great for Charcuterie Boards & Gifts.</p><p>$29.99 ($2.11 / Ounce)</p><a href="https://www.amazon.com/dp/B009Y7I2F0?tag=eloabder-20&linkCode=osi&th=1&psc=1">View Product</a></div><div class="product"><a href="https://www.amazon.com/dp/B00FY43IJ2?tag=eloabder-20&linkCode=osi&th=1&psc=1"><img src="https://m.media-amazon.com/images/I/41QN9RXV4RL._SL500_.jpg" alt="Product Image"></a><p>California Delicious Gourmet Cheeseboard Gift, 8 piece set</p><p>$47.98 ($6.00 / Count)</p><a href="https://www.amazon.com/dp/B00FY43IJ2?tag=eloabder-20&linkCode=osi&th=1&psc=1">View Product</a></div><div class="product"><a href="https://www.amazon.com/dp/B0CRM55TF8?tag=eloabder-20&linkCode=osi&th=1&psc=1"><img src="https://m.media-amazon.com/images/I/51Vz3kt14-L._SL500_.jpg" alt="Product Image"></a><p>Farmers' Market Cheese Block Assortment 7oz 6-Pack, Shelf Stable, Pasteurized, Locally Sourced Wisconsin Cheese (Assortment, 6 Count)</p><p>$29.99 ($0.71 / Ounce)</p><a href="https://www.amazon.com/dp/B0CRM55TF8?tag=eloabder-20&linkCode=osi&th=1&psc=1">View Product</a></div>
<div class="product"><a href="https://www.amazon.com/dp/B006GXQHKW?tag=eloabder-20&linkCode=osi&th=1&psc=1"><img src="https://m.media-amazon.com/images/I/41gffgWPG4L._SL500_.jpg" alt="Product Image"></a><p>Old Wisconsin Premium Summer Sausage, 100% Natural Meat, Charcuterie, Ready to Eat, High Protein, Low Carb, Keto, Gluten Free, Original Flavor, 8 Ounce</p><p>$6.09 ($0.76 / Count)</p><a href="https://www.amazon.com/dp/B006GXQHKW?tag=eloabder-20&linkCode=osi&th=1&psc=1">View Product</a></div><div class="product"><a href="https://www.amazon.com/dp/B07PNM9SNJ?tag=eloabder-20&linkCode=osi&th=1&psc=1"><img src="https://m.media-amazon.com/images/I/51XUGii8qrL._SL500_.jpg" alt="Product Image"></a><p>Meat Shredz - Premium Dried Pulled Pork (Variety, 6 Pack) | Gluten Free | High Protein & Low Sugar | Bacon Bits | Dehydrated Backpacking & Camping Food | Shredded, Dried Jerky Chew Snack</p><p>$42.95 ($52.06 / lb)</p><a href="https://www.amazon.com/dp/B07PNM9SNJ?tag=eloabder-20&linkCode=osi&th=1&psc=1">View Product</a></div><div class="product"><a href="https://www.amazon.com/dp/B0CVQWPGC5?tag=eloabder-20&linkCode=osi&th=1&psc=1"><img src="https://m.media-amazon.com/images/I/41M9k0m4dOL._SL500_.jpg" alt="Product Image"></a><p>Olympic Delights Premium Meats and Cheese Gift Box by Dan the Sausageman featuring Summer Sausage, Stuffed Olives, Crackers and Mustard</p><p>$68.95</p><a href="https://www.amazon.com/dp/B0CVQWPGC5?tag=eloabder-20&linkCode=osi&th=1&psc=1">View Product</a></div><div class="product"><a href="https://www.amazon.com/dp/B000FIUQAQ?tag=eloabder-20&linkCode=osi&th=1&psc=1"><img src="https://m.media-amazon.com/images/I/51-jFNA-ZgL._SL500_.jpg" alt="Product Image"></a><p>Hormel Premium No Salt Added Canned Chunk Chicken Breast in Water, 5 Ounce (Pack of 12)</p><p>$25.44 ($0.42 / Ounce)</p><a href="https://www.amazon.com/dp/B000FIUQAQ?tag=eloabder-20&linkCode=osi&th=1&psc=1">View Product</a></div><div class="product"><a href="https://www.amazon.com/dp/B07Y936YWY?tag=eloabder-20&linkCode=osi&th=1&psc=1"><img src="https://m.media-amazon.com/images/I/51cpUvuRIzL._SL500_.jpg" alt="Product Image"></a><p>Jack Link's Beef Jerky, Sweet & Hot, ½ Pounder Bag - Flavorful Meat Snack, 9g of Protein and 80 Calories, Made with Premium Beef - 96 Percent Fat Free, No Added MSG or Nitrates/Nitrites</p><p>$9.99 ($1.25 / Ounce)</p><a href="https://www.amazon.com/dp/B07Y936YWY?tag=eloabder-20&linkCode=osi&th=1&psc=1">View Product</a></div><div class="product"><a href="https://www.amazon.com/dp/B000FK7G20?tag=eloabder-20&linkCode=osi&th=1&psc=1"><img src="https://m.media-amazon.com/images/I/414A4Q9AvAL._SL500_.jpg" alt="Product Image"></a><p>Swanson White and Dark Premium Chunk Canned Chicken Breast in Water, Fully Cooked Chicken, 9.75 OZ Can (Case of 12)</p><p>$35.76 ($0.31 / Ounce)</p><a href="https://www.amazon.com/dp/B000FK7G20?tag=eloabder-20&linkCode=osi&th=1&psc=1">View Product</a></div>
<div class="product"><a href="https://www.amazon.com/dp/B072126PMY?tag=eloabder-20&linkCode=osi&th=1&psc=1"><img src="https://m.media-amazon.com/images/I/51nw4J9x8YL._SL500_.jpg" alt="Product Image"></a><p>Simple Mills Almond Flour Baking Mix, Artisan Bread Mix - Gluten Free, Plant Based, Paleo Friendly, 10.4 Ounce (Pack of 3)</p><p>$23.97 ($0.77 / Ounce)</p><a href="https://www.amazon.com/dp/B072126PMY?tag=eloabder-20&linkCode=osi&th=1&psc=1">View Product</a></div><div class="product"><a href="https://www.amazon.com/dp/B081VPXGJS?tag=eloabder-20&linkCode=osi&th=1&psc=1"><img src="https://m.media-amazon.com/images/I/51j0-+rAaZL._SL500_.jpg" alt="Product Image"></a><p>Essential Baking Company Organic Artisan Sourdough Bread, 18.2 Ounce (Pack of 3)</p><p>$28.65 ($0.52 / Ounce)</p><a href="https://www.amazon.com/dp/B081VPXGJS?tag=eloabder-20&linkCode=osi&th=1&psc=1">View Product</a></div><div class="product"><a href="https://www.amazon.com/dp/B08HSPX7LM?tag=eloabder-20&linkCode=osi&th=1&psc=1"><img src="https://m.media-amazon.com/images/I/41RUhxZCnNL._SL500_.jpg" alt="Product Image"></a><p>Giusto's Vita-Grain All-Natural Artisan Malted Unbleached Bread Flour, 5lb Bag</p><p>$10.95 ($0.14 / Ounce)</p><a href="https://www.amazon.com/dp/B08HSPX7LM?tag=eloabder-20&linkCode=osi&th=1&psc=1">View Product</a></div>
<div class="product"><a href="https://www.amazon.com/dp/B001DDD4DS?tag=eloabder-20&linkCode=osi&th=1&psc=1"><img src="https://m.media-amazon.com/images/I/51osI10x5HL._SL500_.jpg" alt="Product Image"></a><p>Mantova Flavored Extra Virgin Olive Oil Variety Pack: Garlic, Basil, Chili, Lemon Organic Extra Virgin Olive Oil, 8.5-Ounce Per Bottle (Pack of 4) Great Gift Item</p><p>$36.99 ($1.09 / Fl Oz)</p><a href="https://www.amazon.com/dp/B001DDD4DS?tag=eloabder-20&linkCode=osi&th=1&psc=1">View Product</a></div><div class="product"><a href="https://www.amazon.com/dp/B001DDD4E2?tag=eloabder-20&linkCode=osi&th=1&psc=1"><img src="https://m.media-amazon.com/images/I/51cFWLj1kiL._SL500_.jpg" alt="Product Image"></a><p>Mantova Grand’Aroma Flavored Extra Virgin Olive Oils, Variety Gift Set, made in Italy, cold-pressed, 100% natural, heart-healthy, for grilling, barbequing, smoking, and cooking, 8.5 oz (Pack of 4)</p><p>$39.99 ($1.18 / Fl Oz)</p><a href="https://www.amazon.com/dp/B001DDD4E2?tag=eloabder-20&linkCode=osi&th=1&psc=1">View Product</a></div><div class="product"><a href="https://www.amazon.com/dp/B087S41Y1W?tag=eloabder-20&linkCode=osi&th=1&psc=1"><img src="https://m.media-amazon.com/images/I/518tVUgnUkL._SL500_.jpg" alt="Product Image"></a><p>Benissimo Herb Infused Cooking Oil Chef Pack, All Natural Italiano, Roasted Garlic, Mediterranean Garlic, Balsamic Garlic</p><p>$26.99 ($0.79 / Fl Oz)</p><a href="https://www.amazon.com/dp/B087S41Y1W?tag=eloabder-20&linkCode=osi&th=1&psc=1">View Product</a></div><div class="product"><a href="https://www.amazon.com/dp/B08CY8R7TF?tag=eloabder-20&linkCode=osi&th=1&psc=1"><img src="https://m.media-amazon.com/images/I/61pbDfsr-8L._SL500_.jpg" alt="Product Image"></a><p>Infused Extra Virgin Olive Oil Gift Box Set, First Cold Pressed, Variety Pack, 4 bottles x 8.5 fl.oz (250ml), Naturally Infused for Dipping & Tasting, (Gift Box Included), Chili, Garlic, Basil, Rosemary, BASSO1904</p><p>$35.99 ($1.06 / Fl Oz)</p><a href="https://www.amazon.com/dp/B08CY8R7TF?tag=eloabder-20&linkCode=osi&th=1&psc=1">View Product</a></div><div class="product"><a href="https://www.amazon.com/dp/B009HRQ47U?tag=eloabder-20&linkCode=osi&th=1&psc=1"><img src="https://m.media-amazon.com/images/I/41PaTko-dvL._SL500_.jpg" alt="Product Image"></a><p>TruffleHunter - English, Black & White Truffle Oil Set - 3.38 Oz x 3</p><p>$29.70 ($0.10 / Fl Oz)</p><a href="https://www.amazon.com/dp/B009HRQ47U?tag=eloabder-20&linkCode=osi&th=1&psc=1">View Product</a></div><div class="product"><a href="https://www.amazon.com/dp/B07ZZLZBF8?tag=eloabder-20&linkCode=osi&th=1&psc=1"><img src="https://m.media-amazon.com/images/I/51fpIYH949L._SL500_.jpg" alt="Product Image"></a><p>Viva Oliva Six 60ml (2oz) Variety Gift Set - Premium Flavored Extra Virgin Olive Oils (Tuscan Herb, Basil, Mushroom & Sage) and All Natural Balsamic Vinegars (18 Year Traditional, Grapefruit, Black Mission Fig)</p><p>$43.95 ($3.61 / Fl Oz)</p><a href="https://www.amazon.com/dp/B07ZZLZBF8?tag=eloabder-20&linkCode=osi&th=1&psc=1">View Product</a></div><div class="product"><a href="https://www.amazon.com/dp/B0B2LS1J8F?tag=eloabder-20&linkCode=osi&th=1&psc=1"><img src="https://m.media-amazon.com/images/I/41q4RRhEqPL._SL500_.jpg" alt="Product Image"></a><p>Infused Olive Oil Gift Sets - Organic Puglia Olive Oil Sampler Gift Set. Ideal for Italian Gifts and Edible Gift Baskets. Gourmet Olive Oil Gift Box of 5 x 3.45 Fl.Oz.</p><p>$53.80 ($3.16 / Fl Oz)</p><a href="https://www.amazon.com/dp/B0B2LS1J8F?tag=eloabder-20&linkCode=osi&th=1&psc=1">View Product</a></div><div class="product"><a href="https://www.amazon.com/dp/B08P967SSX?tag=eloabder-20&linkCode=osi&th=1&psc=1"><img src="https://m.media-amazon.com/images/I/51HyprLyr5L._SL500_.jpg" alt="Product Image"></a><p>Viva Oliva Four 60ml (2oz) Variety Gift Set - Premium Flavored Extra Virgin Olive Oils (Tuscan Herb & Basil) and All Natural Balsamic Vinegars (18 Year Traditional & Black Mission Fig)</p><p>$33.95 ($4.18 / Fl Oz)</p><a href="https://www.amazon.com/dp/B08P967SSX?tag=eloabder-20&linkCode=osi&th=1&psc=1">View Product</a></div><div class="product"><a href="https://www.amazon.com/dp/B0078DPMQY?tag=eloabder-20&linkCode=osi&th=1&psc=1"><img src="https://m.media-amazon.com/images/I/31qLwvo1tML._SL500_.jpg" alt="Product Image"></a><p>Benissimo Oil Roasted Garlic, 8.1 Ounces</p><p>$11.99 ($1.48 / Ounce)</p><a href="https://www.amazon.com/dp/B0078DPMQY?tag=eloabder-20&linkCode=osi&th=1&psc=1">View Product</a></div>
<div class="product"><a href="https://www.amazon.com/dp/B07MGKCV5Y?tag=eloabder-20&linkCode=osi&th=1&psc=1"><img src="https://m.media-amazon.com/images/I/31tE+o2DanL._SL500_.jpg" alt="Product Image"></a><p>Iberia All Natural Distilled White Vinegar, 1 Gallon - 5% Acidity</p><p>$12.99 ($0.10 / Fl Oz)</p><a href="https://www.amazon.com/dp/B07MGKCV5Y?tag=eloabder-20&linkCode=osi&th=1&psc=1">View Product</a></div><div class="product"><a href="https://www.amazon.com/dp/B07985NMQD?tag=eloabder-20&linkCode=osi&th=1&psc=1"><img src="https://m.media-amazon.com/images/I/41ElEDybjlL._SL500_.jpg" alt="Product Image"></a><p>Lucy's Family Owned - Natural Distilled White Vinegar, 1 Gallon (128 oz) - 5% Acidity (White Vinegar, 1 Gallon (128 fl oz.))</p><p>$17.99 ($0.14 / Fl Oz)</p><a href="https://www.amazon.com/dp/B07985NMQD?tag=eloabder-20&linkCode=osi&th=1&psc=1">View Product</a></div><div class="product"><a href="https://www.amazon.com/dp/B07F7MXPWD?tag=eloabder-20&linkCode=osi&th=1&psc=1"><img src="https://m.media-amazon.com/images/I/51GKn4NVqTL._SL500_.jpg" alt="Product Image"></a><p>Soeos Chinkiang Vinegar 16.9 fl oz (500ml), 3 Years Aged, Naturally Fermented, Mature Aged Black Vinegar, Chinese Black Vinegar, Zhenjiang Vinegar, Black Rice Vinegar, Black Vinegar Chinese.</p><p>$13.99 ($0.83 / Fl Oz)</p><a href="https://www.amazon.com/dp/B07F7MXPWD?tag=eloabder-20&linkCode=osi&th=1&psc=1">View Product</a></div><div class="product"><a href="https://www.amazon.com/dp/B001I7MVG0?tag=eloabder-20&linkCode=osi&th=1&psc=1"><img src="https://m.media-amazon.com/images/I/41HHUOECW2L._SL500_.jpg" alt="Product Image"></a><p>Bragg Organic Raw Apple Cider Vinegar, 32 Ounce - 1 Pack</p><p>$5.99 ($0.19 / Fl Oz)</p><a href="https://www.amazon.com/dp/B001I7MVG0?tag=eloabder-20&linkCode=osi&th=1&psc=1">View Product</a></div><div class="product"><a href="https://www.amazon.com/dp/B07W9HX3MV?tag=eloabder-20&linkCode=osi&th=1&psc=1"><img src="https://m.media-amazon.com/images/I/413FdgpxYrL._SL500_.jpg" alt="Product Image"></a><p>Calyptus 45% Pure Super Concentrated Vinegar | Dilutes to 9 Gallons | 9x Power Concentrate Vinegar | 1 Gallon</p><p>$26.99 ($0.21 / Fl Oz)</p><a href="https://www.amazon.com/dp/B07W9HX3MV?tag=eloabder-20&linkCode=osi&th=1&psc=1">View Product</a></div><div class="product"><a href="https://www.amazon.com/dp/B0052BFNLS?tag=eloabder-20&linkCode=osi&th=1&psc=1"><img src="https://m.media-amazon.com/images/I/31Tfk-0-ybL._SL500_.jpg" alt="Product Image"></a><p>Pompeian Gourmet Red Wine Vinegar, Perfect for Salad Dressings, Marinades & Sauces, Naturally Gluten Free, 30 Ounce</p><p>$4.91 ($0.16 / Fl Oz)</p><a href="https://www.amazon.com/dp/B0052BFNLS?tag=eloabder-20&linkCode=osi&th=1&psc=1">View Product</a></div><div class="product"><a href="https://www.amazon.com/dp/B00AAL6W2Y?tag=eloabder-20&linkCode=osi&th=1&psc=1"><img src="https://m.media-amazon.com/images/I/51dfgVE7orL._SL500_.jpg" alt="Product Image"></a><p>Mantova Organic Flavored Balsamic Vinegar of Modena 4-Variety Pack: Fig, Pear, Pomegranate, & Raspberry; Perfect for Gift Basket, Add to Pasta, Salad, Ice Cream and Cocktails, 8.5 oz per bottle</p><p>$27.99 ($0.82 / Fl Oz)</p><a href="https://www.amazon.com/dp/B00AAL6W2Y?tag=eloabder-20&linkCode=osi&th=1&psc=1">View Product</a></div><div class="product"><a href="https://www.amazon.com/dp/B0BGYTGT7X?tag=eloabder-20&linkCode=osi&th=1&psc=1"><img src="https://m.media-amazon.com/images/I/41huHEExA1L._SL500_.jpg" alt="Product Image"></a><p>Bragg Organic Apple Cider Vinegar With the Mother– Raw, Unfiltered All Natural Ingredients (64 Fl Oz (Pack of 1))</p><p>$13.68 ($0.21 / Fl Oz)</p><a href="https://www.amazon.com/dp/B0BGYTGT7X?tag=eloabder-20&linkCode=osi&th=1&psc=1">View Product</a></div><div class="product"><a href="https://www.amazon.com/dp/B08TZY2TZ8?tag=eloabder-20&linkCode=osi&th=1&psc=1"><img src="https://m.media-amazon.com/images/I/41YwKPQA9rL._SL500_.jpg" alt="Product Image"></a><p>Due Vittorie Oro Gold Balsamic Vinegar of Modena. Highest score from The Consortium of Modena With Cork Pourer - 8.45fl oz / 250ml</p><p>$17.00 ($2.01 / Fl Oz)</p><a href="https://www.amazon.com/dp/B08TZY2TZ8?tag=eloabder-20&linkCode=osi&th=1&psc=1">View Product</a></div>
<div class="product"><a href="https://www.amazon.com/dp/B07HMJWCNL?tag=eloabder-20&linkCode=osi&th=1&psc=1"><img src="https://m.media-amazon.com/images/I/51ayBrtgPUL._SL500_.jpg" alt="Product Image"></a><p>TRUFF Original Black Truffle Hot Sauce, Gourmet Hot Sauce with Ripe Chili Peppers, Black Truffle Oil, Agave Nectar, Unique Flavor Experience in a Bottle, 6 oz.</p><p>$14.99</p><a href="https://www.amazon.com/dp/B07HMJWCNL?tag=eloabder-20&linkCode=osi&th=1&psc=1">View Product</a></div><div class="product"><a href="https://www.amazon.com/dp/B083QT1TPX?tag=eloabder-20&linkCode=osi&th=1&psc=1"><img src="https://m.media-amazon.com/images/I/41mYuAlAFNL._SL500_.jpg" alt="Product Image"></a><p>TRUFF Hot Sauce Variety Pack, Gourmet Hot Sauce Set of Original, Hotter and Limited White Edition, Unique Flavor Experiences with Truffle, 3-Bottle Bundle, 3ct 6oz bottles</p><p>$67.99 ($3.78 / Ounce)</p><a href="https://www.amazon.com/dp/B083QT1TPX?tag=eloabder-20&linkCode=osi&th=1&psc=1">View Product</a></div><div class="product"><a href="https://www.amazon.com/dp/B0BV19S7TR?tag=eloabder-20&linkCode=osi&th=1&psc=1"><img src="https://m.media-amazon.com/images/I/51iGXyqK-pL._SL500_.jpg" alt="Product Image"></a><p>Le Sauce & Co., White Wine Lemon Garlic Gourmet Finishing Sauce (2-pack), Steakhouse Quality Gourmet Sauce, Lemon Sauce, Garlic Sauce, White Wine Sauce, Steak Sauce, Chicken sauce, Lemon Sauce, Cream Sauce,</p><p>$13.94 ($1.55 / Ounce)</p><a href="https://www.amazon.com/dp/B0BV19S7TR?tag=eloabder-20&linkCode=osi&th=1&psc=1">View Product</a></div><div class="product"><a href="https://www.amazon.com/dp/B078JBZBW5?tag=eloabder-20&linkCode=osi&th=1&psc=1"><img src="https://m.media-amazon.com/images/I/51J1qgzr8uL._SL500_.jpg" alt="Product Image"></a><p>Melinda’s Hot Sauce Variety Pack - Extra Spicy Gourmet Hot Sauce Gift Set with Variety of Heat Levels - Includes XXXXtra Reserve, Garlic Habanero, Extra Hot, Mango, Ghost Pepper- 5 oz, 5 Pack</p><p>$21.99 ($0.88 / Fl Oz)</p><a href="https://www.amazon.com/dp/B078JBZBW5?tag=eloabder-20&linkCode=osi&th=1&psc=1">View Product</a></div><div class="product"><a href="https://www.amazon.com/dp/B0BL864XMH?tag=eloabder-20&linkCode=osi&th=1&psc=1"><img src="https://m.media-amazon.com/images/I/51+63Ag8ApL._SL500_.jpg" alt="Product Image"></a><p>Dave's Gourmet Creamy Hot Sauce Variety 4-Pack - Moderate Heat for Flavoring Your Favorite Food</p><p>$30.99 ($0.97 / Ounce)</p><a href="https://www.amazon.com/dp/B0BL864XMH?tag=eloabder-20&linkCode=osi&th=1&psc=1">View Product</a></div>
<div class="product"><a href="https://www.amazon.com/dp/B07WT6GP2F?tag=eloabder-20&linkCode=osi&th=1&psc=1"><img src="https://m.media-amazon.com/images/I/41mEgBeglEL._SL500_.jpg" alt="Product Image"></a><p>Lindt Mini Pralines, Assorted Chocolate Pralines with Premium Filling, Great for gift giving, 6.2 oz Box</p><p>$16.49 ($2.66 / Ounce)</p><a href="https://www.amazon.com/dp/B07WT6GP2F?tag=eloabder-20&linkCode=osi&th=1&psc=1">View Product</a></div><div class="product"><a href="https://www.amazon.com/dp/B01BDI89SW?tag=eloabder-20&linkCode=osi&th=1&psc=1"><img src="https://m.media-amazon.com/images/I/61w5wYyxzKL._SL500_.jpg" alt="Product Image"></a><p>Ferrero Collection, 24 Count, Premium Gourmet Assorted Hazelnut Milk Chocolate, Dark Chocolate and Coconut, 9.1 oz</p><p>$11.97 ($1.32 / Ounce)</p><a href="https://www.amazon.com/dp/B01BDI89SW?tag=eloabder-20&linkCode=osi&th=1&psc=1">View Product</a></div><div class="product"><a href="https://www.amazon.com/dp/B0BHTWFQ5X?tag=eloabder-20&linkCode=osi&th=1&psc=1"><img src="https://m.media-amazon.com/images/I/41K-mIm1WNL._SL500_.jpg" alt="Product Image"></a><p>Lindt LINDOR Assorted Chocolate Truffles 90 Count Gift Box, Chocolate Candy with Smooth, Melting Truffle Center, 38.4 oz. Box</p><p>$33.95 ($0.88 / Ounce)</p><a href="https://www.amazon.com/dp/B0BHTWFQ5X?tag=eloabder-20&linkCode=osi&th=1&psc=1">View Product</a></div><div class="product"><a href="https://www.amazon.com/dp/B00UXI3PLU?tag=eloabder-20&linkCode=osi&th=1&psc=1"><img src="https://m.media-amazon.com/images/I/41Jw-Ek4+CL._SL500_.jpg" alt="Product Image"></a><p>Lindt LINDOR Milk Chocolate Candy Truffles, Milk Chocolate with Melting Truffle Center, 15.2 oz. Bag</p><p>$12.18 ($0.80 / Ounce)</p><a href="https://www.amazon.com/dp/B00UXI3PLU?tag=eloabder-20&linkCode=osi&th=1&psc=1">View Product</a></div>
<div class="product"><a href="https://www.amazon.com/dp/B000SDKDM4?tag=eloabder-20&linkCode=osi&th=1&psc=1"><img src="https://m.media-amazon.com/images/I/41L+oJp7MmL._SL500_.jpg" alt="Product Image"></a><p>Lavazza Super Crema Whole Bean Coffee Blend, light-Medium Espresso Roast, 2.2 Pound (Pack of 1) ,Premium Quality, Aromatic, Mild and creamy</p><p>$18.49 ($0.53 / Ounce)</p><a href="https://www.amazon.com/dp/B000SDKDM4?tag=eloabder-20&linkCode=osi&th=1&psc=1">View Product</a></div><div class="product"><a href="https://www.amazon.com/dp/B0721BGRS9?tag=eloabder-20&linkCode=osi&th=1&psc=1"><img src="https://m.media-amazon.com/images/I/41tHHVMfguL._SL500_.jpg" alt="Product Image"></a><p>Amazon Fresh, Dark Roast, Whole Bean Coffee, 32 Oz</p><p>$19.18 ($0.60 / Ounce)</p><a href="https://www.amazon.com/dp/B0721BGRS9?tag=eloabder-20&linkCode=osi&th=1&psc=1">View Product</a></div><div class="product"><a href="https://www.amazon.com/dp/B003GV7JFE?tag=eloabder-20&linkCode=osi&th=1&psc=1"><img src="https://m.media-amazon.com/images/I/41IKY6hLa9L._SL500_.jpg" alt="Product Image"></a><p>Eight O'Clock Coffee Whole Bean, The Original, 42 Ounce</p><p>$13.98</p><a href="https://www.amazon.com/dp/B003GV7JFE?tag=eloabder-20&linkCode=osi&th=1&psc=1">View Product</a></div><div class="product"><a href="https://www.amazon.com/dp/B07171HMF5?tag=eloabder-20&linkCode=osi&th=1&psc=1"><img src="https://m.media-amazon.com/images/I/41EBDHFVYVL._SL500_.jpg" alt="Product Image"></a><p>Mt. Comfort Coffee Organic Peru Medium Roast, 2.5 Pounds - Flavor Notes of Nutty, Chocolate, & Citrus - Sourced From Small, Peruvian Coffee Farms - Roasted Whole Beans</p><p>$23.19 ($0.58 / Ounce)</p><a href="https://www.amazon.com/dp/B07171HMF5?tag=eloabder-20&linkCode=osi&th=1&psc=1">View Product</a></div><div class="product"><a href="https://www.amazon.com/dp/B006Y7WAHE?tag=eloabder-20&linkCode=osi&th=1&psc=1"><img src="https://m.media-amazon.com/images/I/31VxnI1AuQL._SL500_.jpg" alt="Product Image"></a><p>Cameron's Coffee Roasted Whole Bean Coffee, Breakfast Blend, 32 Ounce, (Pack of 1)</p><p>$10.98 ($0.34 / Ounce)</p><a href="https://www.amazon.com/dp/B006Y7WAHE?tag=eloabder-20&linkCode=osi&th=1&psc=1">View Product</a></div><div class="product"><a href="https://www.amazon.com/dp/B0002E2GQU?tag=eloabder-20&linkCode=osi&th=1&psc=1"><img src="https://m.media-amazon.com/images/I/41f+StbrprL._SL500_.jpg" alt="Product Image"></a><p>Lavazza Crema E Aroma Whole Bean Coffee Blend, 2.2-Pound Bag , Balanced medium roast with an intense, earthy flavor and long lasting crema, Non-GMO</p><p>$17.99 ($0.51 / Ounce)</p><a href="https://www.amazon.com/dp/B0002E2GQU?tag=eloabder-20&linkCode=osi&th=1&psc=1">View Product</a></div><div class="product"><a href="https://www.amazon.com/dp/B005OJ4X32?tag=eloabder-20&linkCode=osi&th=1&psc=1"><img src="https://m.media-amazon.com/images/I/31GzxEGJ-1L._SL500_.jpg" alt="Product Image"></a><p>Lavazza Espresso Barista Gran Crema Whole Bean Coffee Blend, Medium Espresso Roast, Oz Bag (Packaging May Vary) - 2.2 LB, 35.2 Ounce</p><p>$17.99 ($0.51 / Ounce)</p><a href="https://www.amazon.com/dp/B005OJ4X32?tag=eloabder-20&linkCode=osi&th=1&psc=1">View Product</a></div><div class="product"><a href="https://www.amazon.com/dp/B003YVRX5W?tag=eloabder-20&linkCode=osi&th=1&psc=1"><img src="https://m.media-amazon.com/images/I/41Ioxmr1WhL._SL500_.jpg" alt="Product Image"></a><p>Tim Hortons Whole Bean Original, Medium Roast Coffee, Made with 100% Arabica Beans, 32 Ounce Bag</p><p>$15.68 ($0.49 / Ounce)</p><a href="https://www.amazon.com/dp/B003YVRX5W?tag=eloabder-20&linkCode=osi&th=1&psc=1">View Product</a></div><div class="product"><a href="https://www.amazon.com/dp/B016RY0LWO?tag=eloabder-20&linkCode=osi&th=1&psc=1"><img src="https://m.media-amazon.com/images/I/41I6lHKpWrL._SL500_.jpg" alt="Product Image"></a><p>Lavazza Espresso Italiano Whole Bean Coffee Blend, Medium Roast,Premium Quality Arabic, 2.2 Pound (Pack of 1) (Packaging may vary)</p><p>$14.98 ($0.43 / Ounce)</p><a href="https://www.amazon.com/dp/B016RY0LWO?tag=eloabder-20&linkCode=osi&th=1&psc=1">View Product</a></div>
<div class="product"><a href="https://www.amazon.com/dp/B09ZMVM3XJ?tag=eloabder-20&linkCode=osi&th=1&psc=1"><img src="https://m.media-amazon.com/images/I/51IRO3xhEKL._SL500_.jpg" alt="Product Image"></a><p>Gardenika Organic Loose Leaf Tea Sampler – 8 Pack, 1 LB – Herbal and Naturally Caffeine-Free Set - Ayurvedic Assortment Blend</p><p>$29.95 ($29.95 / Count)</p><a href="https://www.amazon.com/dp/B09ZMVM3XJ?tag=eloabder-20&linkCode=osi&th=1&psc=1">View Product</a></div><div class="product"><a href="https://www.amazon.com/dp/B0CVTGJHK9?tag=eloabder-20&linkCode=osi&th=1&psc=1"><img src="https://m.media-amazon.com/images/I/51J-jqFqytL._SL500_.jpg" alt="Product Image"></a><p>Lyon DIY Tea Blending Set-16 Tin Variety Pack-Premium Herbal Tea & Exotic Floral/Fruit Flavor Infusers - Create 75+ Cups w/Assorted Teas, Oolong, Chamomile, Rose, Peach & More</p><p>$44.95 ($6.25 / Ounce)</p><a href="https://www.amazon.com/dp/B0CVTGJHK9?tag=eloabder-20&linkCode=osi&th=1&psc=1">View Product</a></div><div class="product"><a href="https://www.amazon.com/dp/B01AJBV0US?tag=eloabder-20&linkCode=osi&th=1&psc=1"><img src="https://m.media-amazon.com/images/I/516u5DAm7GL._SL500_.jpg" alt="Product Image"></a><p>Tiesta Tea - Lavender Chamomile | Soft Chamomile Herbal Tea | Premium Loose Leaf Tea Blend | Non Caffeinated Herbal Tea | Make Hot or Iced Tea & Brews Up to 25 Cups - 0.9 Ounce Resealable Pouch</p><p>$4.99 ($5.54 / Ounce)</p><a href="https://www.amazon.com/dp/B01AJBV0US?tag=eloabder-20&linkCode=osi&th=1&psc=1">View Product</a></div><div class="product"><a href="https://www.amazon.com/dp/B08VF85JJF?tag=eloabder-20&linkCode=osi&th=1&psc=1"><img src="https://m.media-amazon.com/images/I/517Ac4bB6FL._SL500_.jpg" alt="Product Image"></a><p>Tiesta Tea Top 8 Favorites Sampler Set, Up to 80 Cups, High to No Caffeine, Hot & Iced Tea, Loose Leaf Tea Variety Pack with Green, Herbal, Black & Chai Tea, 8 Sample Pouches</p><p>$22.95 ($3.59 / Ounce)</p><a href="https://www.amazon.com/dp/B08VF85JJF?tag=eloabder-20&linkCode=osi&th=1&psc=1">View Product</a></div><div class="product"><a href="https://www.amazon.com/dp/B08MWDTNTZ?tag=eloabder-20&linkCode=osi&th=1&psc=1"><img src="https://m.media-amazon.com/images/I/51M1TNYBU7L._SL500_.jpg" alt="Product Image"></a><p>Tetley British Blend Premium Black Tea, 320 Tea Bags, Rainforest Alliance Certified, 320 Count (Pack of 1)</p><p>$15.92 ($0.05 / Count)</p><a href="https://www.amazon.com/dp/B08MWDTNTZ?tag=eloabder-20&linkCode=osi&th=1&psc=1">View Product</a></div><div class="product"><a href="https://www.amazon.com/dp/B086R8PDZV?tag=eloabder-20&linkCode=osi&th=1&psc=1"><img src="https://m.media-amazon.com/images/I/41nHau5YdVL._SL500_.jpg" alt="Product Image"></a><p>Buddha Teas - Organic Mushroom Wellness Blend - Herbal Tea - For Health & Wellbeing - With Antioxidants & Minerals - Clean Ingredients - Caffeine Free - OU Kosher & Non-GMO - 18 Tea Bags (Pack of 1).</p><p>$8.25 ($0.46 / Count)</p><a href="https://www.amazon.com/dp/B086R8PDZV?tag=eloabder-20&linkCode=osi&th=1&psc=1">View Product</a></div><div class="product"><a href="https://www.amazon.com/dp/B07CGW59KH?tag=eloabder-20&linkCode=osi&th=1&psc=1"><img src="https://m.media-amazon.com/images/I/611h06lvlUL._SL500_.jpg" alt="Product Image"></a><p>Loose Leaf Tea Sampler Create Your Own Tea Blend Starter Kit w/Sencha, Rooibos, China Black, & Ginger, Lavender, Rose, Lemongrass, Hibiscus Spices</p><p>$29.99</p><a href="https://www.amazon.com/dp/B07CGW59KH?tag=eloabder-20&linkCode=osi&th=1&psc=1">View Product</a></div><div class="product"><a href="https://www.amazon.com/dp/B0CT8JGNB8?tag=eloabder-20&linkCode=osi&th=1&psc=1"><img src="https://m.media-amazon.com/images/I/411PWQNU6BL._SL500_.jpg" alt="Product Image"></a><p>120 Premium Turmeric, Ginger, Cinnamon Blend Tea Bags, 100% Natural & No Additives & Caffeine Free.</p><p>$14.95 ($0.12 / Count)</p><a href="https://www.amazon.com/dp/B0CT8JGNB8?tag=eloabder-20&linkCode=osi&th=1&psc=1">View Product</a></div><div class="product"><a href="https://www.amazon.com/dp/B00OS96DVY?tag=eloabder-20&linkCode=osi&th=1&psc=1"><img src="https://m.media-amazon.com/images/I/51-sK6ajnML._SL500_.jpg" alt="Product Image"></a><p>Harney & Sons Tower of London Black Tea with Vanilla, Black Currant, Caramel, and Honey | 30 sachets, Historic Royal Palaces Collection</p><p>$10.33 ($3.90 / Ounce)</p><a href="https://www.amazon.com/dp/B00OS96DVY?tag=eloabder-20&linkCode=osi&th=1&psc=1">View Product</a></div><div class="product"><a href="https://www.amazon.com/dp/B0BHYBHVJ6?tag=eloabder-20&linkCode=osi&th=1&psc=1"><img src="https://m.media-amazon.com/images/I/51F9trJcmdL._SL500_.jpg" alt="Product Image"></a><p>Organic Sleep Blend Herbal Tea - 50 Packets - Natural Chamomile, Peppermint, Fennel And Tulsi Teabags - USDA Certified 100% Non-GMO - Decaffeinated Designer Gift Tin</p><p>$8.69 ($0.17 / Count)</p><a href="https://www.amazon.com/dp/B0BHYBHVJ6?tag=eloabder-20&linkCode=osi&th=1&psc=1">View Product</a></div>
<div class="product"><a href="https://www.amazon.com/dp/B0BVXD8CX3?tag=eloabder-20&linkCode=osi&th=1&psc=1"><img src="https://m.media-amazon.com/images/I/51hkEiL7c8L._SL500_.jpg" alt="Product Image"></a><p>Simply Organic Herbs, Spices and Seasonings Assorted Variety Sampler Gift Set - By Veher (24-Pack)</p><p>$142.95 ($5.96 / Ounce)</p><a href="https://www.amazon.com/dp/B0BVXD8CX3?tag=eloabder-20&linkCode=osi&th=1&psc=1">View Product</a></div><div class="product"><a href="https://www.amazon.com/dp/B094WXH3KP?tag=eloabder-20&linkCode=osi&th=1&psc=1"><img src="https://m.media-amazon.com/images/I/51mqUk3dM1L._SL500_.jpg" alt="Product Image"></a><p>eonou Encore Seasonings and Spices 10 pk - Premium Cooking Spices and Herbs (Oregano, Rosemary, Basil, Parsley, Italian Seasoning, Cumin, Steak Spice, Chopped Onion, Onion Powder, Thyme)</p><p>$19.99 ($2.00 / Count)</p><a href="https://www.amazon.com/dp/B094WXH3KP?tag=eloabder-20&linkCode=osi&th=1&psc=1">View Product</a></div><div class="product"><a href="https://www.amazon.com/dp/B072N9BLHS?tag=eloabder-20&linkCode=osi&th=1&psc=1"><img src="https://m.media-amazon.com/images/I/519zkN7EgWL._SL500_.jpg" alt="Product Image"></a><p>The Spice Way Herbes De Provence - | 4oz | fresh herbs and spice seasoning</p><p>$6.99 ($1.75 / Ounce)</p><a href="https://www.amazon.com/dp/B072N9BLHS?tag=eloabder-20&linkCode=osi&th=1&psc=1">View Product</a></div><div class="product"><a href="https://www.amazon.com/dp/B0761Z81ZK?tag=eloabder-20&linkCode=osi&th=1&psc=1"><img src="https://m.media-amazon.com/images/I/51tYgb8ntBL._SL500_.jpg" alt="Product Image"></a><p>McCormick Grill Mates Roasted Garlic & Herb Seasoning, 9.25 oz</p><p>$7.43 ($0.80 / Ounce)</p><a href="https://www.amazon.com/dp/B0761Z81ZK?tag=eloabder-20&linkCode=osi&th=1&psc=1">View Product</a></div><div class="product"><a href="https://www.amazon.com/dp/B00CQ7K9J2?tag=eloabder-20&linkCode=osi&th=1&psc=1"><img src="https://m.media-amazon.com/images/I/317BBm1p-TL._SL500_.jpg" alt="Product Image"></a><p>Bragg Sprinkle Herbs and Spices - Salt Free Seasoning, 1.5oz, Single</p><p>$6.99 ($4.66 / Ounce)</p><a href="https://www.amazon.com/dp/B00CQ7K9J2?tag=eloabder-20&linkCode=osi&th=1&psc=1">View Product</a></div><div class="product"><a href="https://www.amazon.com/dp/B003H2S2KI?tag=eloabder-20&linkCode=osi&th=1&psc=1"><img src="https://m.media-amazon.com/images/I/41mr0wk+3mL._SL500_.jpg" alt="Product Image"></a><p>Badia Herbs De Provence, 8 Ounces</p><p>$6.26 ($0.78 / Ounce)</p><a href="https://www.amazon.com/dp/B003H2S2KI?tag=eloabder-20&linkCode=osi&th=1&psc=1">View Product</a></div><div class="product"><a href="https://www.amazon.com/dp/B0BQ4VRJBL?tag=eloabder-20&linkCode=osi&th=1&psc=1"><img src="https://m.media-amazon.com/images/I/41ZxLNNd8mL._SL500_.jpg" alt="Product Image"></a><p>Weber Roasted Garlic & Herb Seasoning, 5.5 Ounce Shaker</p><p>$2.82 ($0.51 / Ounce)</p><a href="https://www.amazon.com/dp/B0BQ4VRJBL?tag=eloabder-20&linkCode=osi&th=1&psc=1">View Product</a></div><div class="product"><a href="https://www.amazon.com/dp/B08KRC7V7J?tag=eloabder-20&linkCode=osi&th=1&psc=1"><img src="https://m.media-amazon.com/images/I/4170CYnZ9WL._SL500_.jpg" alt="Product Image"></a><p>McCormick Salt Free Garlic and Herb Seasoning, 4.37 oz</p><p>$4.68 ($1.07 / Ounce)</p><a href="https://www.amazon.com/dp/B08KRC7V7J?tag=eloabder-20&linkCode=osi&th=1&psc=1">View Product</a></div><div class="product"><a href="https://www.amazon.com/dp/B00IX4WUTY?tag=eloabder-20&linkCode=osi&th=1&psc=1"><img src="https://m.media-amazon.com/images/I/51TAH1ijkqS._SL500_.jpg" alt="Product Image"></a><p>Bragg Sprinkle Herbs and Spices Seasoning, 1.5oz, 3 Pack</p><p>$20.27 ($13.51 / Ounce)</p><a href="https://www.amazon.com/dp/B00IX4WUTY?tag=eloabder-20&linkCode=osi&th=1&psc=1">View Product</a></div>
<div class="product"><a href="https://www.amazon.com/dp/B0BWSKYV63?tag=eloabder-20&linkCode=osi&th=1&psc=1"><img src="https://m.media-amazon.com/images/I/51Q5Je2yRhL._SL500_.jpg" alt="Product Image"></a><p>Welch's Fruit Snacks, Mixed Fruit, Perfect Easter Basket Stuffers, Gluten Free, Bulk Pack, Individual Single Serve Bags, 0.8 oz (Pack of 40)</p><p>$7.99 ($0.25 / Ounce)</p><a href="https://www.amazon.com/dp/B0BWSKYV63?tag=eloabder-20&linkCode=osi&th=1&psc=1">View Product</a></div><div class="product"><a href="https://www.amazon.com/dp/B08826B2XL?tag=eloabder-20&linkCode=osi&th=1&psc=1"><img src="https://m.media-amazon.com/images/I/61DT5pSYXFL._SL500_.jpg" alt="Product Image"></a><p>Frito Lay Ultimate Classic Snacks Package, Variety Assortment of Chips, Cookies, Crackers, & Nuts, (Pack of 40) (Packaging May Vary)</p><p>$26.91</p><a href="https://www.amazon.com/dp/B08826B2XL?tag=eloabder-20&linkCode=osi&th=1&psc=1">View Product</a></div><div class="product"><a href="https://www.amazon.com/dp/B013OY25GA?tag=eloabder-20&linkCode=osi&th=1&psc=1"><img src="https://m.media-amazon.com/images/I/51FlSjX95aL._SL500_.jpg" alt="Product Image"></a><p>Snack Pack Chocolate and Vanilla Flavored Pudding Cups Family Pack, 12 Count Pudding Cups (6 Pack)</p><p>$3.27 ($0.01 / Ounce)</p><a href="https://www.amazon.com/dp/B013OY25GA?tag=eloabder-20&linkCode=osi&th=1&psc=1">View Product</a></div><div class="product"><a href="https://www.amazon.com/dp/B0BWSLB73Z?tag=eloabder-20&linkCode=osi&th=1&psc=1"><img src="https://m.media-amazon.com/images/I/51RWXG4OG6L._SL500_.jpg" alt="Product Image"></a><p>Welch's Fruit Snacks, Fruit Punch & Island Fruits Variety Pack, Perfect for School Lunches, Gluten Free, Bulk Pack, 0.8 oz Individual Single Serve Bags (Pack of 40)</p><p>$8.49 ($0.21 / Count)</p><a href="https://www.amazon.com/dp/B0BWSLB73Z?tag=eloabder-20&linkCode=osi&th=1&psc=1">View Product</a></div><div class="product"><a href="https://www.amazon.com/dp/B09FFXR2VV?tag=eloabder-20&linkCode=osi&th=1&psc=1"><img src="https://m.media-amazon.com/images/I/51SZiftXwcL._SL500_.jpg" alt="Product Image"></a><p>The Only Bean Crunchy Dry Roasted Edamame Snacks (Sea Salt), Keto Snack Food, High Protein (11g) Healthy Snacks, Low Carb Gluten Free Office Vegan Food 100 Calorie Snack Pack, 0.9oz 10 Pack</p><p>$12.72 ($1.41 / Ounce)</p><a href="https://www.amazon.com/dp/B09FFXR2VV?tag=eloabder-20&linkCode=osi&th=1&psc=1">View Product</a></div><div class="product"><a href="https://www.amazon.com/dp/B072151Q32?tag=eloabder-20&linkCode=osi&th=1&psc=1"><img src="https://m.media-amazon.com/images/I/41Rlgfdz90L._SL500_.jpg" alt="Product Image"></a><p>Dole Fruit Bowls No Sugar Added Variety Pack Snacks, Peaches, Mandarin Oranges & Cherry Mixed Fruit, 4oz 12 Cups, Gluten & Dairy Free, Bulk Lunch Snacks for Kids & Adults</p><p>$6.74 ($0.56 / Count)</p><a href="https://www.amazon.com/dp/B072151Q32?tag=eloabder-20&linkCode=osi&th=1&psc=1">View Product</a></div><div class="product"><a href="https://www.amazon.com/dp/B084RDDFGR?tag=eloabder-20&linkCode=osi&th=1&psc=1"><img src="https://m.media-amazon.com/images/I/41eLMpoHGkL._SL500_.jpg" alt="Product Image"></a><p>Kellogg's Rice Krispies Treats, Crispy Marshmallow Squares, Original, School Lunch Snack, 41.9oz Case (54 Count)</p><p>$13.49 ($0.32 / Ounce)</p><a href="https://www.amazon.com/dp/B084RDDFGR?tag=eloabder-20&linkCode=osi&th=1&psc=1">View Product</a></div><div class="product"><a href="https://www.amazon.com/dp/B00G2XNSWQ?tag=eloabder-20&linkCode=osi&th=1&psc=1"><img src="https://m.media-amazon.com/images/I/411XH1pQP8L._SL500_.jpg" alt="Product Image"></a><p>Nutella & GO! Bulk 12 Pack, Hazelnut and Cocoa Spread with Breadsticks, Snack Cups for Kids, 1.8 oz Each</p><p>$11.99 ($0.56 / Ounce)</p><a href="https://www.amazon.com/dp/B00G2XNSWQ?tag=eloabder-20&linkCode=osi&th=1&psc=1">View Product</a></div><div class="product"><a href="https://www.amazon.com/dp/B00KR7PKTC?tag=eloabder-20&linkCode=osi&th=1&psc=1"><img src="https://m.media-amazon.com/images/I/414UW7g-s5L._SL500_.jpg" alt="Product Image"></a><p>Cheez-It Cheese Crackers, Baked Snack Crackers, Lunch Snacks, Variety Pack, 12.1oz Box (12 Packs)</p><p>$5.82 ($0.48 / Ounce)</p><a href="https://www.amazon.com/dp/B00KR7PKTC?tag=eloabder-20&linkCode=osi&th=1&psc=1">View Product</a></div><div class="product"><a href="https://www.amazon.com/dp/B078D7MGY5?tag=eloabder-20&linkCode=osi&th=1&psc=1"><img src="https://m.media-amazon.com/images/I/41ttxloA1AL._SL500_.jpg" alt="Product Image"></a><p>Pringles Potato Crisps Chips, Lunch Snacks, On-the-Go Snacks, Snack Stacks, Variety Pack, 19.3oz Box (27 Cups)</p><p>$12.99 ($0.67 / Ounce)</p><a href="https://www.amazon.com/dp/B078D7MGY5?tag=eloabder-20&linkCode=osi&th=1&psc=1">View Product</a></div>
<div class="product"><a href="https://www.amazon.com/dp/B0C5YLP6PC?tag=eloabder-20&linkCode=osi&th=1&psc=1"><img src="https://m.media-amazon.com/images/I/41Ru-8CxkhL._SL500_.jpg" alt="Product Image"></a><p>3 Pack, Gluten Free Potato Gnocchi, Cooks in 2-3 minutes, (3 x 1 lb), Italian Gnocchi, Product of Italy, NON GMO, Eggs Free, Vegan, by L'Oro Del Sud</p><p>$17.99 ($1.12 / Ounce)</p><a href="https://www.amazon.com/dp/B0C5YLP6PC?tag=eloabder-20&linkCode=osi&th=1&psc=1">View Product</a></div><div class="product"><a href="https://www.amazon.com/dp/B09Q98H64R?tag=eloabder-20&linkCode=osi&th=1&psc=1"><img src="https://m.media-amazon.com/images/I/5101NV4WQOL._SL500_.jpg" alt="Product Image"></a><p>Kraft Gluten Free Original Mac & Cheese Macaroni and Cheese Dinner, 4 ct Pack, 1.9 oz Cups</p><p>$6.49 ($0.85 / Ounce)</p><a href="https://www.amazon.com/dp/B09Q98H64R?tag=eloabder-20&linkCode=osi&th=1&psc=1">View Product</a></div><div class="product"><a href="https://www.amazon.com/dp/B0BRBWXDTK?tag=eloabder-20&linkCode=osi&th=1&psc=1"><img src="https://m.media-amazon.com/images/I/41Di2iNnMJL._SL500_.jpg" alt="Product Image"></a><p>Katz Gluten Free Oatmeal Crème Pies| Dairy Free, Nut Free, Soy Free, Gluten Free | Kosher (1 Pack 6.3 Ounce)</p><p>$12.99 ($2.16 / Ounce)</p><a href="https://www.amazon.com/dp/B0BRBWXDTK?tag=eloabder-20&linkCode=osi&th=1&psc=1">View Product</a></div><div class="product"><a href="https://www.amazon.com/dp/B01JJ9H1Q8?tag=eloabder-20&linkCode=osi&th=1&psc=1"><img src="https://m.media-amazon.com/images/I/41EC1yykptL._SL500_.jpg" alt="Product Image"></a><p>King Arthur, Measure for Measure Flour, Certified Gluten-Free, Non-GMO Project Verified, Certified Kosher, 3 Pounds, Packaging May Vary</p><p>$8.62 ($0.18 / Ounce)</p><a href="https://www.amazon.com/dp/B01JJ9H1Q8?tag=eloabder-20&linkCode=osi&th=1&psc=1">View Product</a></div><div class="product"><a href="https://www.amazon.com/dp/B07CL1SRNB?tag=eloabder-20&linkCode=osi&th=1&psc=1"><img src="https://m.media-amazon.com/images/I/51jpv3MCzgL._SL500_.jpg" alt="Product Image"></a><p>Snyder's of Hanover, Gluten Free Pretzels, 8 Oz</p><p>$4.89 ($0.61 / Ounce)</p><a href="https://www.amazon.com/dp/B07CL1SRNB?tag=eloabder-20&linkCode=osi&th=1&psc=1">View Product</a></div><div class="product"><a href="https://www.amazon.com/dp/B004TSXNIA?tag=eloabder-20&linkCode=osi&th=1&psc=1"><img src="https://m.media-amazon.com/images/I/5137tUox+SL._SL500_.jpg" alt="Product Image"></a><p>Annie's Gluten Free Cocoa and Vanilla Bunny Cookies, 6.75 oz</p><p>$4.22 ($0.62 / Ounce)</p><a href="https://www.amazon.com/dp/B004TSXNIA?tag=eloabder-20&linkCode=osi&th=1&psc=1">View Product</a></div><div class="product"><a href="https://www.amazon.com/dp/B00GI9B84O?tag=eloabder-20&linkCode=osi&th=1&psc=1"><img src="https://m.media-amazon.com/images/I/41e7kO-b3WS._SL500_.jpg" alt="Product Image"></a><p>Mom's Place Gluten Free Beef Stroganoff Mix</p><p>$5.99 ($5.99 / Count)</p><a href="https://www.amazon.com/dp/B00GI9B84O?tag=eloabder-20&linkCode=osi&th=1&psc=1">View Product</a></div><div class="product"><a href="https://www.amazon.com/dp/B0BXQWVL1Q?tag=eloabder-20&linkCode=osi&th=1&psc=1"><img src="https://m.media-amazon.com/images/I/413idrGl7fL._SL500_.jpg" alt="Product Image"></a><p>Simple Mills Almond Flour Snack Bars (Chocolate Brownie) with Organic Coconut Oil, Chia Seeds, Sunflower Seeds, and Flax Seeds, 6oz, 1 Count</p><p>$4.50 ($0.75 / Ounce)</p><a href="https://www.amazon.com/dp/B0BXQWVL1Q?tag=eloabder-20&linkCode=osi&th=1&psc=1">View Product</a></div><div class="product"><a href="https://www.amazon.com/dp/B09Z9QV2CT?tag=eloabder-20&linkCode=osi&th=1&psc=1"><img src="https://m.media-amazon.com/images/I/41pnXqKjS7L._SL500_.jpg" alt="Product Image"></a><p>Mom's Place Gluten Free Biscuits & Gravy Mix</p><p>$8.99 ($0.67 / Ounce)</p><a href="https://www.amazon.com/dp/B09Z9QV2CT?tag=eloabder-20&linkCode=osi&th=1&psc=1">View Product</a></div>
<div class="product"><a href="https://www.amazon.com/dp/B0BNZF5CCM?tag=eloabder-20&linkCode=osi&th=1&psc=1"><img src="https://m.media-amazon.com/images/I/61ZB1KesX-L._SL500_.jpg" alt="Product Image"></a><p>Midi International Snack Box | Premium Exotic Foreign Snacks | Unique Snack Food Gifts Included | Purple Theme Box | Candies from Around the World | 12 Full-Size + 1 Bonus Snacks</p><p>$14.95 ($14.95 / Count)</p><a href="https://www.amazon.com/dp/B0BNZF5CCM?tag=eloabder-20&linkCode=osi&th=1&psc=1">View Product</a></div><div class="product"><a href="https://www.amazon.com/dp/B08W72N8SM?tag=eloabder-20&linkCode=osi&th=1&psc=1"><img src="https://m.media-amazon.com/images/I/61UC7bprqkL._SL500_.jpg" alt="Product Image"></a><p>Midi International Snack Box | Premium Exotic Foreign Snacks | Unique Snack Food Gifts Included | Fantastic Space Theme | Candies from Around the World | 12 Full-Size + 1 Bonus Snacks</p><p>$14.99 ($1.25 / Count)</p><a href="https://www.amazon.com/dp/B08W72N8SM?tag=eloabder-20&linkCode=osi&th=1&psc=1">View Product</a></div><div class="product"><a href="https://www.amazon.com/dp/B0C6PRVVJY?tag=eloabder-20&linkCode=osi&th=1&psc=1"><img src="https://m.media-amazon.com/images/I/61o8Z3EzSnL._SL500_.jpg" alt="Product Image"></a><p>International Exotic Snack Box Variety Pack, 22 Count Premium Foreign Rare Snack Food Gifts with Suprise Item for Fun, Mystery Box of Snacks, European Snacks for Adults and Kids</p><p>$29.95</p><a href="https://www.amazon.com/dp/B0C6PRVVJY?tag=eloabder-20&linkCode=osi&th=1&psc=1">View Product</a></div><div class="product"><a href="https://www.amazon.com/dp/B09T7B3QFJ?tag=eloabder-20&linkCode=osi&th=1&psc=1"><img src="https://m.media-amazon.com/images/I/61Xx7pPJCkL._SL500_.jpg" alt="Product Image"></a><p>Universal Yums International Snack Box | Variety Pack Of Chips, Candy, Chocolates, And Snacks From Around The World | Foreign Snacks For Office, Family, Gifts, And Parties | (50 Exotic Snacks)</p><p>$49.50</p><a href="https://www.amazon.com/dp/B09T7B3QFJ?tag=eloabder-20&linkCode=osi&th=1&psc=1">View Product</a></div><div class="product"><a href="https://www.amazon.com/dp/B08W71KXLS?tag=eloabder-20&linkCode=osi&th=1&psc=1"><img src="https://m.media-amazon.com/images/I/61dcTJQFmBL._SL500_.jpg" alt="Product Image"></a><p>Midi International Snack Box | Premium Exotic Foreign Snacks | Unique Snack Food Gifts Included | Picnic Box Theme | Candies from Around the World | 12 Full-Size + 1 Bonus Snacks</p><p>$14.99 ($14.99 / Count)</p><a href="https://www.amazon.com/dp/B08W71KXLS?tag=eloabder-20&linkCode=osi&th=1&psc=1">View Product</a></div><div class="product"><a href="https://www.amazon.com/dp/B09TG6WCBC?tag=eloabder-20&linkCode=osi&th=1&psc=1"><img src="https://m.media-amazon.com/images/I/61lmk368l0L._SL500_.jpg" alt="Product Image"></a><p>Midi International Snack Box (Fairy Tale Themed) | Snacks Variety Pack of International Treats | Foreign Snack Box Offering Unique Experience | Mix Care Pack of Turkish Candies | 12 Full-Size Snacks</p><p>$14.99 ($1.00 / Ounce)</p><a href="https://www.amazon.com/dp/B09TG6WCBC?tag=eloabder-20&linkCode=osi&th=1&psc=1">View Product</a></div><div class="product"><a href="https://www.amazon.com/dp/B0BNZCVDYQ?tag=eloabder-20&linkCode=osi&th=1&psc=1"><img src="https://m.media-amazon.com/images/I/61aTXvWjbSL._SL500_.jpg" alt="Product Image"></a><p>Midi International Snack Box | Premium Exotic Foreign Snacks | Unique Snack Food Gifts Included | Orange Nebula Space Theme | Candies from Around the World | 12 Full-Size + 1 Bonus Snacks</p><p>$14.99 ($14.99 / Count)</p><a href="https://www.amazon.com/dp/B0BNZCVDYQ?tag=eloabder-20&linkCode=osi&th=1&psc=1">View Product</a></div><div class="product"><a href="https://www.amazon.com/dp/B0CK8DWXS2?tag=eloabder-20&linkCode=osi&th=1&psc=1"><img src="https://m.media-amazon.com/images/I/511Z-FX62TL._SL500_.jpg" alt="Product Image"></a><p>Mega International Snack Box | Premium Exotic Foreign Snacks | Unique Snack Food Gifts Included | Try Extraordinary Turkish Snacks | Candies from Around the World | 32+1 Full-Size Snacks</p><p>$39.95 ($1.00 / Ounce)</p><a href="https://www.amazon.com/dp/B0CK8DWXS2?tag=eloabder-20&linkCode=osi&th=1&psc=1">View Product</a></div><div class="product"><a href="https://www.amazon.com/dp/B0CGRMR7VN?tag=eloabder-20&linkCode=osi&th=1&psc=1"><img src="https://m.media-amazon.com/images/I/51PgWRUNnkL._SL500_.jpg" alt="Product Image"></a><p>Turkish Foreign Snack Box, Gourmet Turkish Food Gift Box, Variety of Unique Sweets and Savory Snacks from Turkey - International Snacks Box - Full Sized Snacks - 24ct</p><p>$23.99 ($1.00 / Count)</p><a href="https://www.amazon.com/dp/B0CGRMR7VN?tag=eloabder-20&linkCode=osi&th=1&psc=1">View Product</a></div>
<div class="product"><a href="https://www.amazon.com/dp/B001EQ5NHE?tag=eloabder-20&linkCode=osi&th=1&psc=1"><img src="https://m.media-amazon.com/images/I/51Kg06c5YuL._SL500_.jpg" alt="Product Image"></a><p>Spam Classic, 12 Ounce Can (Pack of 12)</p><p>$28.32 ($0.20 / Ounce)</p><a href="https://www.amazon.com/dp/B001EQ5NHE?tag=eloabder-20&linkCode=osi&th=1&psc=1">View Product</a></div><div class="product"><a href="https://www.amazon.com/dp/B08DQ6422D?tag=eloabder-20&linkCode=osi&th=1&psc=1"><img src="https://m.media-amazon.com/images/I/51-xOj2EbVL._SL500_.jpg" alt="Product Image"></a><p>Del Monte Cut Blue Lake Green Beans With No Added Salt 14.5 Oz,(Pack of 4)</p><p>$5.28 ($0.09 / Ounce)</p><a href="https://www.amazon.com/dp/B08DQ6422D?tag=eloabder-20&linkCode=osi&th=1&psc=1">View Product</a></div><div class="product"><a href="https://www.amazon.com/dp/B089PMW6C3?tag=eloabder-20&linkCode=osi&th=1&psc=1"><img src="https://m.media-amazon.com/images/I/41fKtFm2RAL._SL500_.jpg" alt="Product Image"></a><p>SpaghettiOs Canned Pasta with Meatballs, 15.6 oz Can (Pack of 12)</p><p>$11.44 ($0.06 / Ounce)</p><a href="https://www.amazon.com/dp/B089PMW6C3?tag=eloabder-20&linkCode=osi&th=1&psc=1">View Product</a></div><div class="product"><a href="https://www.amazon.com/dp/B006VS7C60?tag=eloabder-20&linkCode=osi&th=1&psc=1"><img src="https://m.media-amazon.com/images/I/51adZb-RUeL._SL500_.jpg" alt="Product Image"></a><p>Campbell’s Pork and Beans, 11 Oz Can (Case of 24)</p><p>$20.64 ($0.08 / Ounce)</p><a href="https://www.amazon.com/dp/B006VS7C60?tag=eloabder-20&linkCode=osi&th=1&psc=1">View Product</a></div><div class="product"><a href="https://www.amazon.com/dp/B00CPDWTBI?tag=eloabder-20&linkCode=osi&th=1&psc=1"><img src="https://m.media-amazon.com/images/I/61M2-LCC5uL._SL500_.jpg" alt="Product Image"></a><p>DEL MONTE FRESH CUT Whole New Canned Potatoes, Canned Vegetables, 12 Pack, 14.5 oz Can</p><p>$17.76 ($0.10 / Ounce)</p><a href="https://www.amazon.com/dp/B00CPDWTBI?tag=eloabder-20&linkCode=osi&th=1&psc=1">View Product</a></div><div class="product"><a href="https://www.amazon.com/dp/B00TFPKEZM?tag=eloabder-20&linkCode=osi&th=1&psc=1"><img src="https://m.media-amazon.com/images/I/51VTHItyaXL._SL500_.jpg" alt="Product Image"></a><p>Del Monte Canned Fresh Cut French Style Green Beans, 8 Ounce (Pack of 12)</p><p>$16.68 ($0.17 / Ounce)</p><a href="https://www.amazon.com/dp/B00TFPKEZM?tag=eloabder-20&linkCode=osi&th=1&psc=1">View Product</a></div><div class="product"><a href="https://www.amazon.com/dp/B08WR5J62L?tag=eloabder-20&linkCode=osi&th=1&psc=1"><img src="https://m.media-amazon.com/images/I/51QjonsN18L._SL500_.jpg" alt="Product Image"></a><p>Chicken of the Sea Chunk Light Tuna in Water, Wild Caught Tuna, 5-Ounce Cans (Pack of 10)</p><p>$8.90 ($2.85 / lb)</p><a href="https://www.amazon.com/dp/B08WR5J62L?tag=eloabder-20&linkCode=osi&th=1&psc=1">View Product</a></div><div class="product"><a href="https://www.amazon.com/dp/B01MQ6BDM0?tag=eloabder-20&linkCode=osi&th=1&psc=1"><img src="https://m.media-amazon.com/images/I/51chxbCoRfL._SL500_.jpg" alt="Product Image"></a><p>Libby's Vienna Sausage in Chicken Broth, Canned Sausage, 4.6 OZ (Pack of 24)</p><p>$23.52 ($0.98 / Count)</p><a href="https://www.amazon.com/dp/B01MQ6BDM0?tag=eloabder-20&linkCode=osi&th=1&psc=1">View Product</a></div><div class="product"><a href="https://www.amazon.com/dp/B01NBFQ8TF?tag=eloabder-20&linkCode=osi&th=1&psc=1"><img src="https://m.media-amazon.com/images/I/41ijyPglLPL._SL500_.jpg" alt="Product Image"></a><p>Bush's Best Baked Beans, Country Style with Bacon and Brown Sugar, 8.3 OZ (Pack of 12)</p><p>$20.28 ($1.69 / Count)</p><a href="https://www.amazon.com/dp/B01NBFQ8TF?tag=eloabder-20&linkCode=osi&th=1&psc=1">View Product</a></div><div class="product"><a href="https://www.amazon.com/dp/B019YHSNGC?tag=eloabder-20&linkCode=osi&th=1&psc=1"><img src="https://m.media-amazon.com/images/I/51oHYkvLL0L._SL500_.jpg" alt="Product Image"></a><p>Bumble Bee Chunk Light Tuna In Water, 5 oz Cans (Pack of 24) - Wild Caught Skipjack Tuna - 23g Protein Per Serving - MSC Certified Sustainable Seafood, Non-GMO, Gluten Free, Kosher</p><p>$23.36 ($0.19 / Ounce)</p><a href="https://www.amazon.com/dp/B019YHSNGC?tag=eloabder-20&linkCode=osi&th=1&psc=1">View Product</a></div>
<div class="product"><a href="https://www.amazon.com/dp/B07KQNNW9K?tag=eloabder-20&linkCode=osi&th=1&psc=1"><img src="https://m.media-amazon.com/images/I/51EVSxp535L._SL500_.jpg" alt="Product Image"></a><p>HORMEL COMPLEATS Protein Variety Pack Microwave Trays (Pack of 5)</p><p>$14.99 ($0.33 / Ounce)</p><a href="https://www.amazon.com/dp/B07KQNNW9K?tag=eloabder-20&linkCode=osi&th=1&psc=1">View Product</a></div><div class="product"><a href="https://www.amazon.com/dp/B000V1JVAI?tag=eloabder-20&linkCode=osi&th=1&psc=1"><img src="https://m.media-amazon.com/images/I/51moeAwg0qL._SL500_.jpg" alt="Product Image"></a><p>HORMEL COMPLEATS Meatloaf & Gravy With Mashed Potatoes Microwave Tray, 9 oz. (6 Pack)</p><p>$13.68 ($0.25 / Ounce)</p><a href="https://www.amazon.com/dp/B000V1JVAI?tag=eloabder-20&linkCode=osi&th=1&psc=1">View Product</a></div><div class="product"><a href="https://www.amazon.com/dp/B001E55YXS?tag=eloabder-20&linkCode=osi&th=1&psc=1"><img src="https://m.media-amazon.com/images/I/51f7Q-awP2L._SL500_.jpg" alt="Product Image"></a><p>HORMEL COMPLEATS Beef Pot Roast Microwave Tray, 9 Ounce (Pack of 6)</p><p>$13.68 ($0.25 / Ounce)</p><a href="https://www.amazon.com/dp/B001E55YXS?tag=eloabder-20&linkCode=osi&th=1&psc=1">View Product</a></div><div class="product"><a href="https://www.amazon.com/dp/B001E52XGO?tag=eloabder-20&linkCode=osi&th=1&psc=1"><img src="https://m.media-amazon.com/images/I/513-IE78MvL._SL500_.jpg" alt="Product Image"></a><p>HORMEL COMPLEATS Turkey & Dressing Microwave Tray, 10 oz. (6 Pack)</p><p>$13.68 ($0.23 / Ounce)</p><a href="https://www.amazon.com/dp/B001E52XGO?tag=eloabder-20&linkCode=osi&th=1&psc=1">View Product</a></div><div class="product"><a href="https://www.amazon.com/dp/B01JLWGOCA?tag=eloabder-20&linkCode=osi&th=1&psc=1"><img src="https://m.media-amazon.com/images/I/41JtN2c2Y3L._SL500_.jpg" alt="Product Image"></a><p>Idahoan Four Cheese Mashed Potatoes, Made with Gluten-Free 100-Percent Real Idaho Potatoes, 1.5 oz Cup (Pack of 10)</p><p>$11.23 ($0.75 / Ounce)</p><a href="https://www.amazon.com/dp/B01JLWGOCA?tag=eloabder-20&linkCode=osi&th=1&psc=1">View Product</a></div><div class="product"><a href="https://www.amazon.com/dp/B08P3SVWFR?tag=eloabder-20&linkCode=osi&th=1&psc=1"><img src="https://m.media-amazon.com/images/I/51Q7KX85dtL._SL500_.jpg" alt="Product Image"></a><p>StarKist Premium White Chicken - 2.6 oz Pouch (Pack of 12)</p><p>$15.06 ($0.48 / Ounce)</p><a href="https://www.amazon.com/dp/B08P3SVWFR?tag=eloabder-20&linkCode=osi&th=1&psc=1">View Product</a></div><div class="product"><a href="https://www.amazon.com/dp/B001E52WAG?tag=eloabder-20&linkCode=osi&th=1&psc=1"><img src="https://m.media-amazon.com/images/I/51dV9dBtkEL._SL500_.jpg" alt="Product Image"></a><p>Dinty Moore Beef Stew, 9-Ounce Packages (Pack of 6)</p><p>$17.34 ($0.32 / Ounce)</p><a href="https://www.amazon.com/dp/B001E52WAG?tag=eloabder-20&linkCode=osi&th=1&psc=1">View Product</a></div><div class="product"><a href="https://www.amazon.com/dp/B0BTQWY5LL?tag=eloabder-20&linkCode=osi&th=1&psc=1"><img src="https://m.media-amazon.com/images/I/61dN-t0ureL._SL500_.jpg" alt="Product Image"></a><p>MISS OLIVE'S Variety Pack Microwavable Low Sodium Ready Meals (Bundle of 6)-1 of each flavor</p><p>$26.49 ($0.63 / Ounce)</p><a href="https://www.amazon.com/dp/B0BTQWY5LL?tag=eloabder-20&linkCode=osi&th=1&psc=1">View Product</a></div><div class="product"><a href="https://www.amazon.com/dp/B0111Y7PO2?tag=eloabder-20&linkCode=osi&th=1&psc=1"><img src="https://m.media-amazon.com/images/I/51ReJtj0zJL._SL500_.jpg" alt="Product Image"></a><p>HORMEL COMPLEATS Rice & Chicken Microwave Tray, 7.5 Ounces (Pack of 7)</p><p>$15.96 ($0.30 / Ounce)</p><a href="https://www.amazon.com/dp/B0111Y7PO2?tag=eloabder-20&linkCode=osi&th=1&psc=1">View Product</a></div><div class="product"><a href="https://www.amazon.com/dp/B09GL33XZG?tag=eloabder-20&linkCode=osi&th=1&psc=1"><img src="https://m.media-amazon.com/images/I/41tbj+XvZLL._SL500_.jpg" alt="Product Image"></a><p>HMR Ultimate Entrée Pack | Pre-packaged Lunch or Dinner to Support Weight Loss | Pack of 17 Ready to Eat Meals | 10-20 grams of Protein per Entrée | Low Calorie Food | 7-8oz Servings per Meal</p><p>$89.99</p><a href="https://www.amazon.com/dp/B09GL33XZG?tag=eloabder-20&linkCode=osi&th=1&psc=1">View Product</a></div>
<div class="product"><a href="https://www.amazon.com/dp/B00I9VBMLI?tag=eloabder-20&linkCode=osi&th=1&psc=1"><img src="https://m.media-amazon.com/images/I/51kyWWI+vRL._SL500_.jpg" alt="Product Image"></a><p>Chef Boyardee Beef Ravioli, 15 oz, 4 Pack</p><p>$4.48 ($0.07 / Count)</p><a href="https://www.amazon.com/dp/B00I9VBMLI?tag=eloabder-20&linkCode=osi&th=1&psc=1">View Product</a></div>
<div class="product"><a href="https://www.amazon.com/dp/B0CJCXLDSP?tag=eloabder-20&linkCode=osi&th=1&psc=1"><img src="https://m.media-amazon.com/images/I/41uUHvJRp2L._SL500_.jpg" alt="Product Image"></a><p>ARM & HAMMER Baking Soda Made in USA, Ideal for Baking, Pure & Natural, 2.7lb Bag</p><p>$7.99 ($0.18 / Ounce)</p><a href="https://www.amazon.com/dp/B0CJCXLDSP?tag=eloabder-20&linkCode=osi&th=1&psc=1">View Product</a></div><div class="product"><a href="https://www.amazon.com/dp/B07JFLXZQV?tag=eloabder-20&linkCode=osi&th=1&psc=1"><img src="https://m.media-amazon.com/images/I/41mGwlHTcmL._SL500_.jpg" alt="Product Image"></a><p>Vanilla Bean Paste for Baking and Cooking - Gourmet Madagascar Bourbon Blend made with Real Vanilla Seeds - 4 Ounces</p><p>$14.99 ($3.75 / Ounce)</p><a href="https://www.amazon.com/dp/B07JFLXZQV?tag=eloabder-20&linkCode=osi&th=1&psc=1">View Product</a></div><div class="product"><a href="https://www.amazon.com/dp/B0046EJ570?tag=eloabder-20&linkCode=osi&th=1&psc=1"><img src="https://m.media-amazon.com/images/I/31TFd1IdsRL._SL500_.jpg" alt="Product Image"></a><p>Watkins All Natural Original Gourmet Baking Vanilla, with Pure Vanilla Extract, 11 Fl Oz (Pack of 1) - Packaging May Vary</p><p>$12.35 ($1.12 / Fl Oz)</p><a href="https://www.amazon.com/dp/B0046EJ570?tag=eloabder-20&linkCode=osi&th=1&psc=1">View Product</a></div><div class="product"><a href="https://www.amazon.com/dp/B00PMUNEK6?tag=eloabder-20&linkCode=osi&th=1&psc=1"><img src="https://m.media-amazon.com/images/I/41LZqR+JNZL._SL500_.jpg" alt="Product Image"></a><p>10 Organic Madagascar Vanilla Beans Whole Grade A Vanilla Pods for Vanilla Extract and Baking</p><p>$11.04 ($1.10 / Count)</p><a href="https://www.amazon.com/dp/B00PMUNEK6?tag=eloabder-20&linkCode=osi&th=1&psc=1">View Product</a></div><div class="product"><a href="https://www.amazon.com/dp/B0CBW3D9T7?tag=eloabder-20&linkCode=osi&th=1&psc=1"><img src="https://m.media-amazon.com/images/I/414XubDDPPL._SL500_.jpg" alt="Product Image"></a><p>Scratch Diastatic Malt Powder for Baking - (10oz) Dried Barley Malt for Baking Bread - Bread Improver - Premium Baking Ingredients for Breads, Pizzas, Pretzels, Desserts, Shakes and More</p><p>$8.95 ($0.90 / Ounce)</p><a href="https://www.amazon.com/dp/B0CBW3D9T7?tag=eloabder-20&linkCode=osi&th=1&psc=1">View Product</a></div><div class="product"><a href="https://www.amazon.com/dp/B00VEJOUXE?tag=eloabder-20&linkCode=osi&th=1&psc=1"><img src="https://m.media-amazon.com/images/I/41HmZhMPH1L._SL500_.jpg" alt="Product Image"></a><p>Bob's Red Mill Baking Soda - 1 Pound (Pack of 4), Non GMO, Gluten Free, Vegan, Kosher, Paleo Friendly</p><p>$13.10 ($0.20 / Ounce)</p><a href="https://www.amazon.com/dp/B00VEJOUXE?tag=eloabder-20&linkCode=osi&th=1&psc=1">View Product</a></div><div class="product"><a href="https://www.amazon.com/dp/B0CG7C5X2F?tag=eloabder-20&linkCode=osi&th=1&psc=1"><img src="https://m.media-amazon.com/images/I/41cN3OdncVL._SL500_.jpg" alt="Product Image"></a><p>Micro Ingredients Baking Soda Powder, 6lbs | Pure Sodium Bicarbonate | Bulk Food Grade Supply | Great for Cleaning, Cooking, Laundry, or Personal Care | Non-GMO, Filler Free</p><p>$13.95 ($0.15 / Ounce)</p><a href="https://www.amazon.com/dp/B0CG7C5X2F?tag=eloabder-20&linkCode=osi&th=1&psc=1">View Product</a></div><div class="product"><a href="https://www.amazon.com/dp/B075456XMK?tag=eloabder-20&linkCode=osi&th=1&psc=1"><img src="https://m.media-amazon.com/images/I/31YCnL21+nL._SL500_.jpg" alt="Product Image"></a><p>Pure Original Ingredients Baking Soda (2 lb) Sodium Bicarbonate (NaHCO3), Always Pure, No Fillers Or Additives.</p><p>$11.99 ($0.37 / Ounce)</p><a href="https://www.amazon.com/dp/B075456XMK?tag=eloabder-20&linkCode=osi&th=1&psc=1">View Product</a></div><div class="product"><a href="https://www.amazon.com/dp/B08FYKMRGT?tag=eloabder-20&linkCode=osi&th=1&psc=1"><img src="https://m.media-amazon.com/images/I/41TdlxCI0EL._SL500_.jpg" alt="Product Image"></a><p>King Arthur, Baking Sugar Alternative, Made with Plant-Based Ingredients, Keto-Friendly, 1-to-1 Substitute for Granulated Sugar, 12 Ounces</p><p>$9.95 ($0.83 / Ounce)</p><a href="https://www.amazon.com/dp/B08FYKMRGT?tag=eloabder-20&linkCode=osi&th=1&psc=1">View Product</a></div><div class="product"><a href="https://www.amazon.com/dp/B07KKL5Q68?tag=eloabder-20&linkCode=osi&th=1&psc=1"><img src="https://m.media-amazon.com/images/I/41G0eZnHIxL._SL500_.jpg" alt="Product Image"></a><p>Pure Original Ingredients Baking Soda (1 Gallon) Aluminum Free, Cooking, Baking, Cleaning</p><p>$30.99 ($0.19 / Ounce)</p><a href="https://www.amazon.com/dp/B07KKL5Q68?tag=eloabder-20&linkCode=osi&th=1&psc=1">View Product</a></div>
<div class="product"><a href="https://www.amazon.com/dp/B0029K0U90?tag=eloabder-20&linkCode=osi&th=1&psc=1"><img src="https://m.media-amazon.com/images/I/412vWjuj9tL._SL500_.jpg" alt="Product Image"></a><p>Mrs. Wages Pasta Sauce Canning Mix 5 Ounce (Pack of 6)</p><p>$19.32 ($0.64 / Ounce)</p><a href="https://www.amazon.com/dp/B0029K0U90?tag=eloabder-20&linkCode=osi&th=1&psc=1">View Product</a></div><div class="product"><a href="https://www.amazon.com/dp/B0005ZWUDU?tag=eloabder-20&linkCode=osi&th=1&psc=1"><img src="https://m.media-amazon.com/images/I/411oE+5BGYL._SL500_.jpg" alt="Product Image"></a><p>Classico Roasted Garlic Tomato Spaghetti Pasta Sauce (24 oz Jar)</p><p>$2.98 ($0.12 / Ounce)</p><a href="https://www.amazon.com/dp/B0005ZWUDU?tag=eloabder-20&linkCode=osi&th=1&psc=1">View Product</a></div><div class="product"><a href="https://www.amazon.com/dp/B00H3TKG6O?tag=eloabder-20&linkCode=osi&th=1&psc=1"><img src="https://m.media-amazon.com/images/I/41dtGUjEl7L._SL500_.jpg" alt="Product Image"></a><p>Classico Family Favorites Traditional Pasta Sauce (24 oz Jar)</p><p>$2.16 ($0.09 / Ounce)</p><a href="https://www.amazon.com/dp/B00H3TKG6O?tag=eloabder-20&linkCode=osi&th=1&psc=1">View Product</a></div><div class="product"><a href="https://www.amazon.com/dp/B088N719GQ?tag=eloabder-20&linkCode=osi&th=1&psc=1"><img src="https://m.media-amazon.com/images/I/412O4vvfLcL._SL500_.jpg" alt="Product Image"></a><p>Prego Traditional Pasta Sauce, 45 Oz Jar</p><p>$4.23 ($0.09 / Ounce)</p><a href="https://www.amazon.com/dp/B088N719GQ?tag=eloabder-20&linkCode=osi&th=1&psc=1">View Product</a></div><div class="product"><a href="https://www.amazon.com/dp/B00IAE65L6?tag=eloabder-20&linkCode=osi&th=1&psc=1"><img src="https://m.media-amazon.com/images/I/41keFWtHEbL._SL500_.jpg" alt="Product Image"></a><p>Prego Traditional Pasta Sauce, 67 Oz Jar</p><p>$5.36 ($0.08 / Ounce)</p><a href="https://www.amazon.com/dp/B00IAE65L6?tag=eloabder-20&linkCode=osi&th=1&psc=1">View Product</a></div><div class="product"><a href="https://www.amazon.com/dp/B0CRXQZMWN?tag=eloabder-20&linkCode=osi&th=1&psc=1"><img src="https://m.media-amazon.com/images/I/41GWdkqzH0L._SL500_.jpg" alt="Product Image"></a><p>Prego Creamy Roasted Garlic Pesto Pasta Sauce, 14.5 oz Jar</p><p>$2.79 ($0.19 / Ounce)</p><a href="https://www.amazon.com/dp/B0CRXQZMWN?tag=eloabder-20&linkCode=osi&th=1&psc=1">View Product</a></div><div class="product"><a href="https://www.amazon.com/dp/B0033TSDKY?tag=eloabder-20&linkCode=osi&th=1&psc=1"><img src="https://m.media-amazon.com/images/I/416ipEt-ErS._SL500_.jpg" alt="Product Image"></a><p>Classico Four Cheese Alfredo Pasta Sauce (15 oz Jar)</p><p>$3.13 ($0.21 / Ounce)</p><a href="https://www.amazon.com/dp/B0033TSDKY?tag=eloabder-20&linkCode=osi&th=1&psc=1">View Product</a></div><div class="product"><a href="https://www.amazon.com/dp/B000Q3R6V2?tag=eloabder-20&linkCode=osi&th=1&psc=1"><img src="https://m.media-amazon.com/images/I/51DwtNnipoL._SL500_.jpg" alt="Product Image"></a><p>Hunt's Traditional Pasta Sauce, 24 oz</p><p>$1.34 ($0.06 / Ounce)</p><a href="https://www.amazon.com/dp/B000Q3R6V2?tag=eloabder-20&linkCode=osi&th=1&psc=1">View Product</a></div><div class="product"><a href="https://www.amazon.com/dp/B00XXGW39Y?tag=eloabder-20&linkCode=osi&th=1&psc=1"><img src="https://m.media-amazon.com/images/I/41FycYZ91BL._SL500_.jpg" alt="Product Image"></a><p>Classico Vodka Sauce Tomato Spaghetti Pasta Sauce (24 oz Jar)</p><p>$2.52 ($0.10 / Fl Oz)</p><a href="https://www.amazon.com/dp/B00XXGW39Y?tag=eloabder-20&linkCode=osi&th=1&psc=1">View Product</a></div><div class="product"><a href="https://www.amazon.com/dp/B07JVJR966?tag=eloabder-20&linkCode=osi&th=1&psc=1"><img src="https://m.media-amazon.com/images/I/412rjNSU1HL._SL500_.jpg" alt="Product Image"></a><p>Prego Traditional Pasta Sauce, 24 Oz Jar (Case of 12)</p><p>$29.76 ($0.10 / Fl Oz)</p><a href="https://www.amazon.com/dp/B07JVJR966?tag=eloabder-20&linkCode=osi&th=1&psc=1">View Product</a></div>
<div class="product"><a href="https://www.amazon.com/dp/B07GBS8GVH?tag=eloabder-20&linkCode=osi&th=1&psc=1"><img src="https://m.media-amazon.com/images/I/51Xpb2UbnAS._SL500_.jpg" alt="Product Image"></a><p>BEN'S ORIGINAL Ready Rice Whole Grain Brown Rice, Easy Dinner Side, 8.8 OZ Pouch (Pack of 6)</p><p>$13.08 ($0.25 / Ounce)</p><a href="https://www.amazon.com/dp/B07GBS8GVH?tag=eloabder-20&linkCode=osi&th=1&psc=1">View Product</a></div><div class="product"><a href="https://www.amazon.com/dp/B000YPKPV0?tag=eloabder-20&linkCode=osi&th=1&psc=1"><img src="https://m.media-amazon.com/images/I/51RKdJy7-TL._SL500_.jpg" alt="Product Image"></a><p>Rice-A-Roni Long grain & wild rice with herbs, 4.3 Ounce Pack of 12</p><p>$12.00 ($0.23 / Ounce)</p><a href="https://www.amazon.com/dp/B000YPKPV0?tag=eloabder-20&linkCode=osi&th=1&psc=1">View Product</a></div><div class="product"><a href="https://www.amazon.com/dp/B004NRLAVY?tag=eloabder-20&linkCode=osi&th=1&psc=1"><img src="https://m.media-amazon.com/images/I/51l35npdSyL._SL500_.jpg" alt="Product Image"></a><p>Nishiki Premium Rice, Medium Grain,15 Pound (Pack of 1)</p><p>$20.19 ($0.08 / Ounce)</p><a href="https://www.amazon.com/dp/B004NRLAVY?tag=eloabder-20&linkCode=osi&th=1&psc=1">View Product</a></div><div class="product"><a href="https://www.amazon.com/dp/B00MMTQAF6?tag=eloabder-20&linkCode=osi&th=1&psc=1"><img src="https://m.media-amazon.com/images/I/41uID5vVhuL._SL500_.jpg" alt="Product Image"></a><p>Mahatma Extra Long Grain White Rice, 10 Pound, Gluten-Free and Non-GMO, Rice Bulk Bag (Pack of 1)</p><p>$9.98 ($0.06 / Ounce)</p><a href="https://www.amazon.com/dp/B00MMTQAF6?tag=eloabder-20&linkCode=osi&th=1&psc=1">View Product</a></div><div class="product"><a href="https://www.amazon.com/dp/B00I330QEQ?tag=eloabder-20&linkCode=osi&th=1&psc=1"><img src="https://m.media-amazon.com/images/I/41eu-3nevsL._SL500_.jpg" alt="Product Image"></a><p>Authentic Royal - Naturally Aged Long Grain Indian White Basmati Rice - 15 lbs</p><p>$15.03 ($0.06 / Ounce)</p><a href="https://www.amazon.com/dp/B00I330QEQ?tag=eloabder-20&linkCode=osi&th=1&psc=1">View Product</a></div><div class="product"><a href="https://www.amazon.com/dp/B00CLGUKKG?tag=eloabder-20&linkCode=osi&th=1&psc=1"><img src="https://m.media-amazon.com/images/I/41mEtyqtEVL._SL500_.jpg" alt="Product Image"></a><p>Mahatma Whole-Grain Brown Rice, 32-Ounce Bag of Rice, Stovetop or Microwave Rice</p><p>$2.68 ($0.08 / Ounce)</p><a href="https://www.amazon.com/dp/B00CLGUKKG?tag=eloabder-20&linkCode=osi&th=1&psc=1">View Product</a></div><div class="product"><a href="https://www.amazon.com/dp/B0087HFXJ6?tag=eloabder-20&linkCode=osi&th=1&psc=1"><img src="https://m.media-amazon.com/images/I/51eYTUAUKZL._SL500_.jpg" alt="Product Image"></a><p>RiceSelect Royal Blend, Blend Of Texmati White, Brown, Red, And Wild Rice, Premium Gluten Free Rice, Non-GMO, 21 Ounce Jar</p><p>$6.98 ($0.33 / Ounce)</p><a href="https://www.amazon.com/dp/B0087HFXJ6?tag=eloabder-20&linkCode=osi&th=1&psc=1">View Product</a></div><div class="product"><a href="https://www.amazon.com/dp/B07HKTD2BD?tag=eloabder-20&linkCode=osi&th=1&psc=1"><img src="https://m.media-amazon.com/images/I/519+60cp2dL._SL500_.jpg" alt="Product Image"></a><p>Nishiki Premium 7 Grains Mix, 2 Pound</p><p>$14.49 ($0.45 / Ounce)</p><a href="https://www.amazon.com/dp/B07HKTD2BD?tag=eloabder-20&linkCode=osi&th=1&psc=1">View Product</a></div><div class="product"><a href="https://www.amazon.com/dp/B00G9U46DW?tag=eloabder-20&linkCode=osi&th=1&psc=1"><img src="https://m.media-amazon.com/images/I/51Xpb2UbnAS._SL500_.jpg" alt="Product Image"></a><p>BEN'S ORIGINAL Ready Rice Whole Grain Brown Rice, Easy Dinner Side, 8.8 OZ Pouch (Pack of 12)</p><p>$26.16 ($0.25 / Ounce)</p><a href="https://www.amazon.com/dp/B00G9U46DW?tag=eloabder-20&linkCode=osi&th=1&psc=1">View Product</a></div>
<div class="product"><a href="https://www.amazon.com/dp/B0D4KLB4HP?tag=eloabder-20&linkCode=osi&th=1&psc=1"><img src="https://m.media-amazon.com/images/I/51r7s+M2jqL._SL500_.jpg" alt="Product Image"></a><p>Chronos Condiment 150 bundle pack - 50 Single Serve Pouches of Each: Ketchup, Mustard, and Mayo - 150 Pack, Great for Picnics, Boxed Lunch, BBQ, Travel, and Parties</p><p>$21.97</p><a href="https://www.amazon.com/dp/B0D4KLB4HP?tag=eloabder-20&linkCode=osi&th=1&psc=1">View Product</a></div><div class="product"><a href="https://www.amazon.com/dp/B003XLOOCS?tag=eloabder-20&linkCode=osi&th=1&psc=1"><img src="https://m.media-amazon.com/images/I/51x0jDzOLjL._SL500_.jpg" alt="Product Image"></a><p>Heinz Tomato Ketchup, Relish, and Mustard Picnic Pack, 3 Count</p><p>$5.98 ($0.11 / Ounce)</p><a href="https://www.amazon.com/dp/B003XLOOCS?tag=eloabder-20&linkCode=osi&th=1&psc=1">View Product</a></div><div class="product"><a href="https://www.amazon.com/dp/B0992VW16R?tag=eloabder-20&linkCode=osi&th=1&psc=1"><img src="https://m.media-amazon.com/images/I/51eFgOarc1L._SL500_.jpg" alt="Product Image"></a><p>Grab-n-Go Condiment Packs - 50 Single Serve Pouches of Each: Ketchup, Mustard, Relish, and Mayo - Great for Picnics, Boxed Lunch, BBQ, Travel, Picnic and Parties (200 Condiment Packets Total)</p><p>$29.99 ($0.15 / Count)</p><a href="https://www.amazon.com/dp/B0992VW16R?tag=eloabder-20&linkCode=osi&th=1&psc=1">View Product</a></div><div class="product"><a href="https://www.amazon.com/dp/B0D3J9HHS2?tag=eloabder-20&linkCode=osi&th=1&psc=1"><img src="https://m.media-amazon.com/images/I/51VkOjMAkXL._SL500_.jpg" alt="Product Image"></a><p>Heinz Condiment Packets Variety 100 Pack- 25 Heinz Ketchup Packets, 25 Mayonnaise Packets, 25 Mustard Packets, and 25 Relish Packets. Ketchup Heinz, Mayo Packets.</p><p>$19.99 ($0.20 / Count)</p><a href="https://www.amazon.com/dp/B0D3J9HHS2?tag=eloabder-20&linkCode=osi&th=1&psc=1">View Product</a></div><div class="product"><a href="https://www.amazon.com/dp/B091DCC2CH?tag=eloabder-20&linkCode=osi&th=1&psc=1"><img src="https://m.media-amazon.com/images/I/415Iq4kWRXL._SL500_.jpg" alt="Product Image"></a><p>Hellmann's Real Mayonnaise Squeeze Bottle 3 Count a Rich Creamy Condiment Gluten Free, Made With 100% Cage-Free Eggs 20 oz</p><p>$11.90 ($0.20 / Fl Oz)</p><a href="https://www.amazon.com/dp/B091DCC2CH?tag=eloabder-20&linkCode=osi&th=1&psc=1">View Product</a></div><div class="product"><a href="https://www.amazon.com/dp/B0CMR2DML7?tag=eloabder-20&linkCode=osi&th=1&psc=1"><img src="https://m.media-amazon.com/images/I/61dFhpega1L._SL500_.jpg" alt="Product Image"></a><p>Crait Individual Condiment Packets Variety Pack of 50 Hot Sauce Packets with Mayo Packets, Ketchup Packets and Yellow Mustard Packets Single Serve</p><p>$15.00 ($0.30 / Count)</p><a href="https://www.amazon.com/dp/B0CMR2DML7?tag=eloabder-20&linkCode=osi&th=1&psc=1">View Product</a></div><div class="product"><a href="https://www.amazon.com/dp/B0D3JCR2XS?tag=eloabder-20&linkCode=osi&th=1&psc=1"><img src="https://m.media-amazon.com/images/I/51RtTP7u7aL._SL500_.jpg" alt="Product Image"></a><p>Hot Sauce Variety Pack of 48 Condiment Packets. 4 Each of 12 Flavors. Texas Pete Hot Sauce Packets, Mini Condiments, Mini Hot Sauce, Condiment Packets Variety Pack, Single Serve</p><p>$17.99 ($0.37 / Count)</p><a href="https://www.amazon.com/dp/B0D3JCR2XS?tag=eloabder-20&linkCode=osi&th=1&psc=1">View Product</a></div><div class="product"><a href="https://www.amazon.com/dp/B00XK3IYUW?tag=eloabder-20&linkCode=osi&th=1&psc=1"><img src="https://m.media-amazon.com/images/I/51T9Vgtx+bL._SL500_.jpg" alt="Product Image"></a><p>Heinz Condiment Packets Ketchup and Mustard (100 Total; 50 Each Flavor)</p><p>$13.10 ($0.60 / Ounce)</p><a href="https://www.amazon.com/dp/B00XK3IYUW?tag=eloabder-20&linkCode=osi&th=1&psc=1">View Product</a></div>
<div class="product"><a href="https://www.amazon.com/dp/B09DYZSHJR?tag=eloabder-20&linkCode=osi&th=1&psc=1"><img src="https://m.media-amazon.com/images/I/31fEqU5FfOL._SL500_.jpg" alt="Product Image"></a><p>DaVinci Gourmet Honey Syrup, 25.4 Fluid Ounce (Pack of 1)</p><p>$9.99 ($0.39 / Fl Oz)</p><a href="https://www.amazon.com/dp/B09DYZSHJR?tag=eloabder-20&linkCode=osi&th=1&psc=1">View Product</a></div><div class="product"><a href="https://www.amazon.com/dp/B09GW7TXH3?tag=eloabder-20&linkCode=osi&th=1&psc=1"><img src="https://m.media-amazon.com/images/I/31hUGuR-NsL._SL500_.jpg" alt="Product Image"></a><p>Glorybee, Premium Honey Syrup, Real Honey, No Artifical colors or flavors, 25.4 fl oz</p><p>$10.73 ($0.42 / Fl Oz)</p><a href="https://www.amazon.com/dp/B09GW7TXH3?tag=eloabder-20&linkCode=osi&th=1&psc=1">View Product</a></div><div class="product"><a href="https://www.amazon.com/dp/B07C1138N5?tag=eloabder-20&linkCode=osi&th=1&psc=1"><img src="https://m.media-amazon.com/images/I/31bISVR+FkL._SL500_.jpg" alt="Product Image"></a><p>Monin - Honey Syrup, Smooth Sweet Honey Flavor, Great for Teas, Lemonades, Cocktails, & Coffee, Gluten-Free, Non-GMO (1 Liter)</p><p>$19.13 ($0.57 / Fl Oz)</p><a href="https://www.amazon.com/dp/B07C1138N5?tag=eloabder-20&linkCode=osi&th=1&psc=1">View Product</a></div><div class="product"><a href="https://www.amazon.com/dp/B0D43FMJ8V?tag=eloabder-20&linkCode=osi&th=1&psc=1"><img src="https://m.media-amazon.com/images/I/41P8d3eueDL._SL500_.jpg" alt="Product Image"></a><p>Torani Salted Honey Butter Syrup for Coffee 25.4 Ounces Coffee Syrups and Flavors with Jimoco Pump Syrup Dispenser</p><p>$17.95 ($0.71 / Fl Oz)</p><a href="https://www.amazon.com/dp/B0D43FMJ8V?tag=eloabder-20&linkCode=osi&th=1&psc=1">View Product</a></div><div class="product"><a href="https://www.amazon.com/dp/B00IRRJBRQ?tag=eloabder-20&linkCode=osi&th=1&psc=1"><img src="https://m.media-amazon.com/images/I/31a3OJgvluL._SL500_.jpg" alt="Product Image"></a><p>Torani Honey Sweetener, 25.4 Ounce (Pack of 4)</p><p>$25.47 ($0.25 / Fl Oz)</p><a href="https://www.amazon.com/dp/B00IRRJBRQ?tag=eloabder-20&linkCode=osi&th=1&psc=1">View Product</a></div><div class="product"><a href="https://www.amazon.com/dp/B0BSMPDPZ9?tag=eloabder-20&linkCode=osi&th=1&psc=1"><img src="https://m.media-amazon.com/images/I/41A+L9ilEXL._SL500_.jpg" alt="Product Image"></a><p>Monin - Hot Honey Syrup, Robust Sweet & Spicy Flavors, Great for Lemonades, Teas, Cocktails, Culinary Recipes, & More, No Artificial Sweeteners, Gluten-Free, Non-GMO, Clean Label (1 Liter)</p><p>$17.99 ($0.53 / Fl Oz)</p><a href="https://www.amazon.com/dp/B0BSMPDPZ9?tag=eloabder-20&linkCode=osi&th=1&psc=1">View Product</a></div><div class="product"><a href="https://www.amazon.com/dp/B078YFLF9K?tag=eloabder-20&linkCode=osi&th=1&psc=1"><img src="https://m.media-amazon.com/images/I/41Gx-mwendL._SL500_.jpg" alt="Product Image"></a><p>Tippleman's Ginger Honey Syrup - Craft Cocktail Mixer - All Natural Complex Syrup for Cocktails and Non-Alcoholic Beverages - Margarita, Whiskey Sour, or Sweet Iced Tea - Makes 17 Cocktails</p><p>$24.99 ($1.92 / Fl Oz)</p><a href="https://www.amazon.com/dp/B078YFLF9K?tag=eloabder-20&linkCode=osi&th=1&psc=1">View Product</a></div><div class="product"><a href="https://www.amazon.com/dp/B07CWFJV6C?tag=eloabder-20&linkCode=osi&th=1&psc=1"><img src="https://m.media-amazon.com/images/I/41cmu+ltDxL._SL500_.jpg" alt="Product Image"></a><p>Robitussin Maximum Strength Honey Cough + Chest Congestion DM, Cough Medicine for Cough and Chest Congestion Relief Made with Real Honey- 4 Fl Oz Bottle</p><p>$11.74 ($2.94 / Fl Oz)</p><a href="https://www.amazon.com/dp/B07CWFJV6C?tag=eloabder-20&linkCode=osi&th=1&psc=1">View Product</a></div><div class="product"><a href="https://www.amazon.com/dp/B005S1LP28?tag=eloabder-20&linkCode=osi&th=1&psc=1"><img src="https://m.media-amazon.com/images/I/41DkU4bxBrL._SL500_.jpg" alt="Product Image"></a><p>Monin - Organic Honey Sweetener, Low-Calorie Liquid Sweetener, Sugar Substitute, Coffee Syrup, Made with Organic Honey, Simple Syrup for Cocktails, Iced Tea, & More, Clean Label (1 Liter)</p><p>$26.99 ($0.80 / Fl Oz)</p><a href="https://www.amazon.com/dp/B005S1LP28?tag=eloabder-20&linkCode=osi&th=1&psc=1">View Product</a></div>
<div class="product"><a href="https://www.amazon.com/dp/B0D3FYHWP7?tag=eloabder-20&linkCode=osi&th=1&psc=1"><img src="https://m.media-amazon.com/images/I/41W51dqWhAL._SL500_.jpg" alt="Product Image"></a><p>Blueprint Bryan Johnson Nutty Butter - Macadamia Nuts and Walnuts - Just 3 Ingredients - No Palm Oil - Keto and Low Carb Snack - No Added Sugar, Vegan, Non GMO, Keto and Paleo Friendly (8.8 ounces)</p><p>$11.00 ($1.25 / Ounce)</p><a href="https://www.amazon.com/dp/B0D3FYHWP7?tag=eloabder-20&linkCode=osi&th=1&psc=1">View Product</a></div><div class="product"><a href="https://www.amazon.com/dp/B0B34J7HHD?tag=eloabder-20&linkCode=osi&th=1&psc=1"><img src="https://m.media-amazon.com/images/I/31UpKhqk2QL._SL500_.jpg" alt="Product Image"></a><p>Octonuts Dry Roasted Pure Cashew 16oz Nut Butter 16oz - Pure Creamy Nut Butter - Gluten Free, Vegan, Kosher, Paleo, Non-GMO Nut Butters Single Ingredient</p><p>$11.99 ($0.75 / Ounce)</p><a href="https://www.amazon.com/dp/B0B34J7HHD?tag=eloabder-20&linkCode=osi&th=1&psc=1">View Product</a></div><div class="product"><a href="https://www.amazon.com/dp/B09NP7D465?tag=eloabder-20&linkCode=osi&th=1&psc=1"><img src="https://m.media-amazon.com/images/I/51+XSeELM2L._SL500_.jpg" alt="Product Image"></a><p>Crazy Go Nuts Walnut Butter - Plain w/ Sea Salt - Healthy Snacks, Keto, Vegan, Low Carb, Gluten Free, Superfood - Natural, Non-GMO, ALA, Omega 3 Fatty Acids, Good Fats and Antioxidants - 9.25 oz (1-Pack)</p><p>$10.99 ($1.19 / Ounce)</p><a href="https://www.amazon.com/dp/B09NP7D465?tag=eloabder-20&linkCode=osi&th=1&psc=1">View Product</a></div><div class="product"><a href="https://www.amazon.com/dp/B00KHAG1BK?tag=eloabder-20&linkCode=osi&th=1&psc=1"><img src="https://m.media-amazon.com/images/I/41nZVovN5oL._SL500_.jpg" alt="Product Image"></a><p>JUSTIN'S Classic Gluten-Free Almond Butter Squeeze Packs, 1.15 Ounce (Pack of 10)</p><p>$13.40 ($1.17 / Ounce)</p><a href="https://www.amazon.com/dp/B00KHAG1BK?tag=eloabder-20&linkCode=osi&th=1&psc=1">View Product</a></div><div class="product"><a href="https://www.amazon.com/dp/B01M06S98E?tag=eloabder-20&linkCode=osi&th=1&psc=1"><img src="https://m.media-amazon.com/images/I/41fCsKiYMdL._SL500_.jpg" alt="Product Image"></a><p>Organic Power Fuel Crunchy Nut Butter by NuttZo | 7 Nuts & Seeds Blend, Paleo, Non-GMO, Gluten-Free, Vegan, Kosher | 1g Sugar, 6g Protein | 26oz Jar</p><p>$21.99 ($0.85 / Ounce)</p><a href="https://www.amazon.com/dp/B01M06S98E?tag=eloabder-20&linkCode=osi&th=1&psc=1">View Product</a></div><div class="product"><a href="https://www.amazon.com/dp/B07CGZ2RJQ?tag=eloabder-20&linkCode=osi&th=1&psc=1"><img src="https://m.media-amazon.com/images/I/41eZiTYDVgL._SL500_.jpg" alt="Product Image"></a><p>Vör Pure Macadamia Nut Butter Spread (11oz) | Only One Ingredient</p><p>$18.99 ($1.73 / Ounce)</p><a href="https://www.amazon.com/dp/B07CGZ2RJQ?tag=eloabder-20&linkCode=osi&th=1&psc=1">View Product</a></div><div class="product"><a href="https://www.amazon.com/dp/B00X7W96OO?tag=eloabder-20&linkCode=osi&th=1&psc=1"><img src="https://m.media-amazon.com/images/I/41jU7bL5rFL._SL500_.jpg" alt="Product Image"></a><p>MaraNatha Creamy Roasted Caramel Almond Butter, No Stir, 12 Ounce Jar</p><p>$6.94 ($0.58 / Ounce)</p><a href="https://www.amazon.com/dp/B00X7W96OO?tag=eloabder-20&linkCode=osi&th=1&psc=1">View Product</a></div>
<div class="product"><a href="https://www.amazon.com/dp/B01CUS63OG?tag=eloabder-20&linkCode=osi&th=1&psc=1"><img src="https://m.media-amazon.com/images/I/51o0FJwMj8L._SL500_.jpg" alt="Product Image"></a><p>Anna and Sarah Tropical Dried Fruit Mix 2 Lbs</p><p>$17.99 ($9.00 / lb)</p><a href="https://www.amazon.com/dp/B01CUS63OG?tag=eloabder-20&linkCode=osi&th=1&psc=1">View Product</a></div><div class="product"><a href="https://www.amazon.com/dp/B09LZ7YCF7?tag=eloabder-20&linkCode=osi&th=1&psc=1"><img src="https://m.media-amazon.com/images/I/41XMLNKxlML._SL500_.jpg" alt="Product Image"></a><p>Dried Pineapple Chunks, 1 Pound. Dehydrated Pineapple Chunk, Dehydrated Pineapple Bulk, Dried Pineapple Bits. All Natural, Non-GMO, Lightly Sweetened Dried Pineapples, 16 oz.</p><p>$9.99 ($0.62 / oz)</p><a href="https://www.amazon.com/dp/B09LZ7YCF7?tag=eloabder-20&linkCode=osi&th=1&psc=1">View Product</a></div><div class="product"><a href="https://www.amazon.com/dp/B000M69QRU?tag=eloabder-20&linkCode=osi&th=1&psc=1"><img src="https://m.media-amazon.com/images/I/51EyH2xvyyS._SL500_.jpg" alt="Product Image"></a><p>Ocean Spray Craisins Dried Cranberries, Original, 48 Ounce</p><p>$7.62 ($0.16 / Fl Oz)</p><a href="https://www.amazon.com/dp/B000M69QRU?tag=eloabder-20&linkCode=osi&th=1&psc=1">View Product</a></div><div class="product"><a href="https://www.amazon.com/dp/B09YTMZ1GP?tag=eloabder-20&linkCode=osi&th=1&psc=1"><img src="https://m.media-amazon.com/images/I/51+y56cVq0L._SL500_.jpg" alt="Product Image"></a><p>Oregon Farm Fresh Snacks Dried Fruit Mix – 24oz Healthy Snacks - Fresh and Natural Fruit Trail Mix – Mixed Fruit Snacks for Adults and Kids – Ideal for Breakfast, Cakes, Snacks</p><p>$17.99 ($0.75 / Ounce)</p><a href="https://www.amazon.com/dp/B09YTMZ1GP?tag=eloabder-20&linkCode=osi&th=1&psc=1">View Product</a></div><div class="product"><a href="https://www.amazon.com/dp/B08Z5QXBK1?tag=eloabder-20&linkCode=osi&th=1&psc=1"><img src="https://m.media-amazon.com/images/I/51a0Oclr3nS._SL500_.jpg" alt="Product Image"></a><p>Dried Cherries Tart Cherry, 1lb. Montmorency Tart Cherries, Dried Sour Cherries Fresh, Montmorency Dried Tart Cherries, Dried Cherries, All-Natural Whole Sour Cherry 16 oz.</p><p>$14.28 ($0.89 / oz)</p><a href="https://www.amazon.com/dp/B08Z5QXBK1?tag=eloabder-20&linkCode=osi&th=1&psc=1">View Product</a></div><div class="product"><a href="https://www.amazon.com/dp/B00F34772M?tag=eloabder-20&linkCode=osi&th=1&psc=1"><img src="https://m.media-amazon.com/images/I/51AsgKQIMiL._SL500_.jpg" alt="Product Image"></a><p>A Gift Inside Sweet Bloom Dried Fruit Deluxe Tray Basket Arrangement for Holiday Birthday Healthy Snack Business Kosher</p><p>$33.20</p><a href="https://www.amazon.com/dp/B00F34772M?tag=eloabder-20&linkCode=osi&th=1&psc=1">View Product</a></div><div class="product"><a href="https://www.amazon.com/dp/B01N057EEP?tag=eloabder-20&linkCode=osi&th=1&psc=1"><img src="https://m.media-amazon.com/images/I/51MrelYxkML._SL500_.jpg" alt="Product Image"></a><p>Mavuno Harvest Organic Dried Fruit Variety Pack | Dried Mango, Pineapple, and Jackfruit | Healthy, Vegan, No Sugar Added, Non GMO Snacks for Kids & Adults | 2 Ounce, Pack of 3</p><p>$13.99 ($2.33 / Ounce)</p><a href="https://www.amazon.com/dp/B01N057EEP?tag=eloabder-20&linkCode=osi&th=1&psc=1">View Product</a></div><div class="product"><a href="https://www.amazon.com/dp/B08JWR4M3F?tag=eloabder-20&linkCode=osi&th=1&psc=1"><img src="https://m.media-amazon.com/images/I/41rjnxAN2FL._SL500_.jpg" alt="Product Image"></a><p>Sunrise Fresh Dried Sweet Cherries, Unsweetened, No Sugar Added, Fresh Fruit Flavor, 1 lb Bag</p><p>$14.49 ($0.91 / oz)</p><a href="https://www.amazon.com/dp/B08JWR4M3F?tag=eloabder-20&linkCode=osi&th=1&psc=1">View Product</a></div><div class="product"><a href="https://www.amazon.com/dp/B08YP8NQP4?tag=eloabder-20&linkCode=osi&th=1&psc=1"><img src="https://m.media-amazon.com/images/I/51GM51afRIS._SL500_.jpg" alt="Product Image"></a><p>Whole Dried Blueberries, No Sugar Added, Bulk, Dehydrated, Dried Unsweetened Blueberries, All Natural, Non-GMO, 1 Pound. - 16 oz.</p><p>$17.44 ($1.09 / oz)</p><a href="https://www.amazon.com/dp/B08YP8NQP4?tag=eloabder-20&linkCode=osi&th=1&psc=1">View Product</a></div>
<div class="product"><a href="https://www.amazon.com/dp/B084T1VWP5?tag=eloabder-20&linkCode=osi&th=1&psc=1"><img src="https://m.media-amazon.com/images/I/51o0utHF41L._SL500_.jpg" alt="Product Image"></a><p>Planters Pop & Pour Dry Roasted Sunflower Seeds, (4 - 5.85 oz. Jars)</p><p>$7.96 ($0.34 / Ounce)</p><a href="https://www.amazon.com/dp/B084T1VWP5?tag=eloabder-20&linkCode=osi&th=1&psc=1">View Product</a></div><div class="product"><a href="https://www.amazon.com/dp/B07TZX3KQZ?tag=eloabder-20&linkCode=osi&th=1&psc=1"><img src="https://m.media-amazon.com/images/I/41OvCvu5E9L._SL500_.jpg" alt="Product Image"></a><p>Yupik Organic Super 6 Seeds Mix, 2.2 lb, Non-GMO, Vegan</p><p>$11.99 ($0.34 / Ounce)</p><a href="https://www.amazon.com/dp/B07TZX3KQZ?tag=eloabder-20&linkCode=osi&th=1&psc=1">View Product</a></div><div class="product"><a href="https://www.amazon.com/dp/B07W7ZZJQB?tag=eloabder-20&linkCode=osi&th=1&psc=1"><img src="https://m.media-amazon.com/images/I/51jbKA5l0CL._SL500_.jpg" alt="Product Image"></a><p>Southern Style Nuts Gourmet Hunter Mix, 23 Ounces, Sesame Sticks, Peanuts, Sunflower Kernels, Almonds, Cashews, and Pepitas</p><p>$7.92 ($0.34 / Ounce)</p><a href="https://www.amazon.com/dp/B07W7ZZJQB?tag=eloabder-20&linkCode=osi&th=1&psc=1">View Product</a></div><div class="product"><a href="https://www.amazon.com/dp/B089LJB5F5?tag=eloabder-20&linkCode=osi&th=1&psc=1"><img src="https://m.media-amazon.com/images/I/51kS4PKIyZL._SL500_.jpg" alt="Product Image"></a><p>Fisher Oven Roasted Never Fried Deluxe Mixed Nuts, 24 Ounces (Pack of 1), Almonds, Cashews, Pecans, Pistachios, Snacks for Adults, Made With Sea Salt, No Added Oil, Artificial Ingredients or Preservatives, Trail Mix, Gluten Free</p><p>$17.09 ($0.71 / Ounce)</p><a href="https://www.amazon.com/dp/B089LJB5F5?tag=eloabder-20&linkCode=osi&th=1&psc=1">View Product</a></div><div class="product"><a href="https://www.amazon.com/dp/B077HZW2FX?tag=eloabder-20&linkCode=osi&th=1&psc=1"><img src="https://m.media-amazon.com/images/I/51AQx+2kfEL._SL500_.jpg" alt="Product Image"></a><p>BetterBody Foods Superfood Organic Super Seeds - Blend of Organic Chia Seeds, Milled Flax Seed, Hemp Hearts, Add to Smoothies Shakes & More, 1lb, 16 oz</p><p>$10.66 ($0.67 / Ounce)</p><a href="https://www.amazon.com/dp/B077HZW2FX?tag=eloabder-20&linkCode=osi&th=1&psc=1">View Product</a></div><div class="product"><a href="https://www.amazon.com/dp/B00PPKSZO8?tag=eloabder-20&linkCode=osi&th=1&psc=1"><img src="https://m.media-amazon.com/images/I/41Q7alFU8RL._SL500_.jpg" alt="Product Image"></a><p>PLANTERS Unsalted Mixed Nuts, Cashews, Almonds, Hazelnuts, Pecans, Pistachios no Shell, Party Snacks, Plant-Based Protein, Quick Snack for Adults, After School Snack, Kosher, 2.16lb Container</p><p>$17.26 ($0.50 / Fl Oz)</p><a href="https://www.amazon.com/dp/B00PPKSZO8?tag=eloabder-20&linkCode=osi&th=1&psc=1">View Product</a></div><div class="product"><a href="https://www.amazon.com/dp/B0CHLKJ7JM?tag=eloabder-20&linkCode=osi&th=1&psc=1"><img src="https://m.media-amazon.com/images/I/51sXps1S2KL._SL500_.jpg" alt="Product Image"></a><p>KIND Seeds Fruit & Nuts Snack Bar, Orange Cranberry | 5g Protein, High Fiber, Gluten Free Bars, 1.4 OZ, 12 Count</p><p>$14.96 ($1.25 / Count)</p><a href="https://www.amazon.com/dp/B0CHLKJ7JM?tag=eloabder-20&linkCode=osi&th=1&psc=1">View Product</a></div><div class="product"><a href="https://www.amazon.com/dp/B0CHLD9ZKL?tag=eloabder-20&linkCode=osi&th=1&psc=1"><img src="https://m.media-amazon.com/images/I/51l78v8NL9L._SL500_.jpg" alt="Product Image"></a><p>KIND Seeds Fruit & Nuts Snack Bar, Strawberry Sunflower Seed | 5g Protein, High Fiber, Gluten Free Bars, 1.4 OZ, 12 Count</p><p>$13.58 ($1.13 / Count)</p><a href="https://www.amazon.com/dp/B0CHLD9ZKL?tag=eloabder-20&linkCode=osi&th=1&psc=1">View Product</a></div><div class="product"><a href="https://www.amazon.com/dp/B079WN7C3F?tag=eloabder-20&linkCode=osi&th=1&psc=1"><img src="https://m.media-amazon.com/images/I/41YqpED33FL._SL500_.jpg" alt="Product Image"></a><p>GERBS Raw Super 7 Seed Snack Trail Mix 1 LBS. | Top 14 Food Allergy Free | Resealable Bulk Bag | Made in USA | Raw Pumpkin | Sunflower | Brown & Golden Flax | Black & White Chia | Hemp | Gluten Free</p><p>$14.99 ($0.94 / Ounce)</p><a href="https://www.amazon.com/dp/B079WN7C3F?tag=eloabder-20&linkCode=osi&th=1&psc=1">View Product</a></div><div class="product"><a href="https://www.amazon.com/dp/B00CYK8DOE?tag=eloabder-20&linkCode=osi&th=1&psc=1"><img src="https://m.media-amazon.com/images/I/41hvbaCdz6L._SL500_.jpg" alt="Product Image"></a><p>Oh! Nuts Roasted Salted Pumpkin Seeds | Resealable 2LB Bulk Bag of Unshelled Pepitas | All-Natural Protein Power for Gluten-Free & Vegan Snacking | Fresh & Healthy Keto Snacks</p><p>$18.81 ($0.59 / Ounce)</p><a href="https://www.amazon.com/dp/B00CYK8DOE?tag=eloabder-20&linkCode=osi&th=1&psc=1">View Product</a></div>

<div class="product"><a href="https://www.amazon.com/dp/B08TTFGPS5?tag=eloabder-20&linkCode=osi&th=1&psc=1"><img src="https://m.media-amazon.com/images/I/51LP-kQBLAL._SL500_.jpg" alt="Product Image"></a><p>Pine River Cheese Spreads - Variety Pack 3 8oz. Sharp Cheddar-Garlic & Herb-Swiss (24oz)</p><p>$21.93 ($0.91 / Ounce)</p><a href="https://www.amazon.com/dp/B08TTFGPS5?tag=eloabder-20&linkCode=osi&th=1&psc=1">View Product</a></div><div class="product"><a href="https://www.amazon.com/dp/B09GW71DPQ?tag=eloabder-20&linkCode=osi&th=1&psc=1"><img src="https://m.media-amazon.com/images/I/41BpjCgQpKL._SL500_.jpg" alt="Product Image"></a><p>Port Wine Cheese Spread 8 Ounce (Pack of 4)</p><p>$26.10 ($0.82 / Ounce)</p><a href="https://www.amazon.com/dp/B09GW71DPQ?tag=eloabder-20&linkCode=osi&th=1&psc=1">View Product</a></div><div class="product"><a href="https://www.amazon.com/dp/B006G4NCT0?tag=eloabder-20&linkCode=osi&th=1&psc=1"><img src="https://m.media-amazon.com/images/I/41-Krj0PbcL._SL500_.jpg" alt="Product Image"></a><p>Sharp Cheddar Cheese Spread 8 Ounce (Pack of 4)</p><p>$25.90 ($1.08 / Ounce)</p><a href="https://www.amazon.com/dp/B006G4NCT0?tag=eloabder-20&linkCode=osi&th=1&psc=1">View Product</a></div><div class="product"><a href="https://www.amazon.com/dp/B09SM3L7LN?tag=eloabder-20&linkCode=osi&th=1&psc=1"><img src="https://m.media-amazon.com/images/I/417W7hKPcvL._SL500_.jpg" alt="Product Image"></a><p>Cheese Snack Spread Variety 4 Pack</p><p>$34.00 ($1.06 / Ounce)</p><a href="https://www.amazon.com/dp/B09SM3L7LN?tag=eloabder-20&linkCode=osi&th=1&psc=1">View Product</a></div>
<div class="product"><a href="https://www.amazon.com/dp/B08CNRQ2C6?tag=eloabder-20&linkCode=osi&th=1&psc=1"><img src="https://m.media-amazon.com/images/I/41ps--esahL._SL500_.jpg" alt="Product Image"></a><p>HOIST Premium Military Hydration Electrolyte Drink, Powerful IV-Level Hydration, Clinically Proven Performance Drink, Peach Mango, 16 Fl Oz (Pack of 12)</p><p>$29.99 ($0.16 / Fl Oz)</p><a href="https://www.amazon.com/dp/B08CNRQ2C6?tag=eloabder-20&linkCode=osi&th=1&psc=1">View Product</a></div><div class="product"><a href="https://www.amazon.com/dp/B082BG3XYZ?tag=eloabder-20&linkCode=osi&th=1&psc=1"><img src="https://m.media-amazon.com/images/I/51+XFCzX3zL._SL500_.jpg" alt="Product Image"></a><p>UPTIME – Blueberry Pomegranate - Zero Sugar (12 Pack), Premium Energy Drink, 12oz Bottles, Natural Caffeine, Sparkling, Natural Flavors, 5 Calories…</p><p>$28.99 ($0.20 / Fl Oz)</p><a href="https://www.amazon.com/dp/B082BG3XYZ?tag=eloabder-20&linkCode=osi&th=1&psc=1">View Product</a></div><div class="product"><a href="https://www.amazon.com/dp/B0BSP3R4JX?tag=eloabder-20&linkCode=osi&th=1&psc=1"><img src="https://m.media-amazon.com/images/I/41TvMVYbcjL._SL500_.jpg" alt="Product Image"></a><p>Barcode Premium Hydration Drink - No Added Sugars, Variety Pack (12 Pack) - Plant-Based Beverage - Adaptogen Drink with Electrolytes for Immunity & Performance</p><p>$29.88 ($0.15 / Fl Oz)</p><a href="https://www.amazon.com/dp/B0BSP3R4JX?tag=eloabder-20&linkCode=osi&th=1&psc=1">View Product</a></div><div class="product"><a href="https://www.amazon.com/dp/B0CYL4CCKM?tag=eloabder-20&linkCode=osi&th=1&psc=1"><img src="https://m.media-amazon.com/images/I/514q0PPV9+L._SL500_.jpg" alt="Product Image"></a><p>ProBaller Ultra Premium Energy Drink - Wild Berry ZERO</p><p>$35.99 ($0.20 / Fl Oz)</p><a href="https://www.amazon.com/dp/B0CYL4CCKM?tag=eloabder-20&linkCode=osi&th=1&psc=1">View Product</a></div><div class="product"><a href="https://www.amazon.com/dp/B0D2BKB2J3?tag=eloabder-20&linkCode=osi&th=1&psc=1"><img src="https://m.media-amazon.com/images/I/41MbnJUx3LL._SL500_.jpg" alt="Product Image"></a><p>ProBaller Ultra Premium Energy Drink - Sugar Free</p><p>$35.99 ($0.20 / Fl Oz)</p><a href="https://www.amazon.com/dp/B0D2BKB2J3?tag=eloabder-20&linkCode=osi&th=1&psc=1">View Product</a></div><div class="product"><a href="https://www.amazon.com/dp/B0CYJXMRKS?tag=eloabder-20&linkCode=osi&th=1&psc=1"><img src="https://m.media-amazon.com/images/I/41gt6X6dVdL._SL500_.jpg" alt="Product Image"></a><p>Joggy Clean Energy Drink - 4-Pack Tart Cherry & Hibiscus - 150mg Organic Guayusa Caffeine - Zero Added Sugar, Vegan, Plant-Based, Natural Healthy Boost, Premium Beverage</p><p>$13.99 ($0.44 / Fl Oz)</p><a href="https://www.amazon.com/dp/B0CYJXMRKS?tag=eloabder-20&linkCode=osi&th=1&psc=1">View Product</a></div><div class="product"><a href="https://www.amazon.com/dp/B081QCCN21?tag=eloabder-20&linkCode=osi&th=1&psc=1"><img src="https://m.media-amazon.com/images/I/61k-oHxeO2L._SL500_.jpg" alt="Product Image"></a><p>Hawaiian Sun Premium Tropical Juice Drink Party Bundle of 10 Assorted Flavors (24 Cans Total)</p><p>$44.95 ($0.16 / Fl Oz )</p><a href="https://www.amazon.com/dp/B081QCCN21?tag=eloabder-20&linkCode=osi&th=1&psc=1">View Product</a></div><div class="product"><a href="https://www.amazon.com/dp/B0CCHW3Q8Q?tag=eloabder-20&linkCode=osi&th=1&psc=1"><img src="https://m.media-amazon.com/images/I/414+SPv3c5L._SL500_.jpg" alt="Product Image"></a><p>Camp Craft Cocktail Mix - Flo'rita | Premium Drink Mixer Infusion Kit with Dehydrated Fruit, Herbs and Vegan Sugar | 16 oz Glass Jar Mixer for Cocktails, Margaritas, and Mocktails - Serves 8</p><p>$25.00 ($1.56 / Fl Oz)</p><a href="https://www.amazon.com/dp/B0CCHW3Q8Q?tag=eloabder-20&linkCode=osi&th=1&psc=1">View Product</a></div><div class="product"><a href="https://www.amazon.com/dp/B0CVQN2NBB?tag=eloabder-20&linkCode=osi&th=1&psc=1"><img src="https://m.media-amazon.com/images/I/51bpS7Tlj2L._SL500_.jpg" alt="Product Image"></a><p>Starbucks Cold Brew Coffee, Vanilla Sweet Cream, 11 fl oz Cans (12 Pack), Premium Coffee Drink, Iced Coffee</p><p>$39.39 ($0.30 / Fl Oz)</p><a href="https://www.amazon.com/dp/B0CVQN2NBB?tag=eloabder-20&linkCode=osi&th=1&psc=1">View Product</a></div>
<div class="product"><a href="https://www.amazon.com/dp/B08PW3LK4T?tag=eloabder-20&linkCode=osi&th=1&psc=1"><img src="https://m.media-amazon.com/images/I/41TLoWBkNWL._SL500_.jpg" alt="Product Image"></a><p>Classic Ginger Beer, Regatta Craft Mixers, All-Natural Ingredients, Non-GMO, 7.5oz, Case of 24 Sleek Cans</p><p>$29.98 ($0.17 / Fl Oz)</p><a href="https://www.amazon.com/dp/B08PW3LK4T?tag=eloabder-20&linkCode=osi&th=1&psc=1">View Product</a></div><div class="product"><a href="https://www.amazon.com/dp/B08KTP2999?tag=eloabder-20&linkCode=osi&th=1&psc=1"><img src="https://m.media-amazon.com/images/I/41tC0pFgGtL._SL500_.jpg" alt="Product Image"></a><p>ABC Crafted Series Beer Making Kit | Beer Making Ingredients for Home Brewing | Yields 6 Gallons of Beer | Brown Ale</p><p>$25.00</p><a href="https://www.amazon.com/dp/B08KTP2999?tag=eloabder-20&linkCode=osi&th=1&psc=1">View Product</a></div><div class="product"><a href="https://www.amazon.com/dp/B01KSD9JKU?tag=eloabder-20&linkCode=osi&th=1&psc=1"><img src="https://m.media-amazon.com/images/I/517aGsVY9qL._SL500_.jpg" alt="Product Image"></a><p>Beer-infused Hot Sauce Variety 3-pack (Includes Asian Sriracha, Garlic Serrano, & Roasty Chipotle) - Craft Beer Gift, Hot Sauce Gift Set, Beer Sauce, BBQ Sauce, Beer Lover, Grill + Man Cave</p><p>$27.99 ($1.87 / Fl Oz)</p><a href="https://www.amazon.com/dp/B01KSD9JKU?tag=eloabder-20&linkCode=osi&th=1&psc=1">View Product</a></div><div class="product"><a href="https://www.amazon.com/dp/B0C9KKG6C6?tag=eloabder-20&linkCode=osi&th=1&psc=1"><img src="https://m.media-amazon.com/images/I/41Rxjjlu5+L._SL500_.jpg" alt="Product Image"></a><p>Plochman, Craft Beer Mustard (Brickstone), 11 oz, Blended Mustard</p><p>$6.99 ($0.64 / Ounce)</p><a href="https://www.amazon.com/dp/B0C9KKG6C6?tag=eloabder-20&linkCode=osi&th=1&psc=1">View Product</a></div><div class="product"><a href="https://www.amazon.com/dp/B01692UXRW?tag=eloabder-20&linkCode=osi&th=1&psc=1"><img src="https://m.media-amazon.com/images/I/51qUU-Fjx5L._SL500_.jpg" alt="Product Image"></a><p>BREW CANDY | Hoppy IPA + Roasty Stout + Honey Ale | Great Craft Beer Gift for Beer Drinkers and Candy Lovers | Perfect for the Man Cave, Brewery, Office, or Home | MADE IN USA</p><p>$9.99 ($2.50 / Ounce)</p><a href="https://www.amazon.com/dp/B01692UXRW?tag=eloabder-20&linkCode=osi&th=1&psc=1">View Product</a></div><div class="product"><a href="https://www.amazon.com/dp/B07L1M2P57?tag=eloabder-20&linkCode=osi&th=1&psc=1"><img src="https://m.media-amazon.com/images/I/415wGhwZDvL._SL500_.jpg" alt="Product Image"></a><p>Unique Snacks Sourdough Craft Beer Pretzel Rings, Delicious Homestyle Baked Snack Bag, Vegan, OU Kosher, and Non-GMO Food, No Artificial Flavor, 11 Oz. Bag, Pack of 6</p><p>$24.99 ($0.38 / Ounce)</p><a href="https://www.amazon.com/dp/B07L1M2P57?tag=eloabder-20&linkCode=osi&th=1&psc=1">View Product</a></div>
<div class="product"><a href="https://www.amazon.com/dp/B0CD79R3QZ?tag=eloabder-20&linkCode=osi&th=1&psc=1"><img src="https://m.media-amazon.com/images/I/21X3VVYgpXL._SL500_.jpg" alt="Product Image"></a><p>French Bloom Le Blanc Alcohol-Free Sparkling Wine, 750ml - Certified Organic, Vegan, Halal, Low Calorie, Sulfite Free - Made with Fine Organic Wine, No Preservatives or Added Sugar</p><p>$41.00 ($1.61 / Fl Oz)</p><a href="https://www.amazon.com/dp/B0CD79R3QZ?tag=eloabder-20&linkCode=osi&th=1&psc=1">View Product</a></div><div class="product"><a href="https://www.amazon.com/dp/B0D6HWD369?tag=eloabder-20&linkCode=osi&th=1&psc=1"><img src="https://m.media-amazon.com/images/I/31U1YybAm5L._SL500_.jpg" alt="Product Image"></a><p>Saint Viviana Non-Alcoholic Sauvignon Blanc, Crisp Dry White Wine with Fresh Fruit Flavor & Floral Notes, Made in Washington State, 24.6 Fl Oz Bottle</p><p>$22.99 ($0.93 / Fl Oz)</p><a href="https://www.amazon.com/dp/B0D6HWD369?tag=eloabder-20&linkCode=osi&th=1&psc=1">View Product</a></div><div class="product"><a href="https://www.amazon.com/dp/B0D244C3VJ?tag=eloabder-20&linkCode=osi&th=1&psc=1"><img src="https://m.media-amazon.com/images/I/416UnLmeDPL._SL500_.jpg" alt="Product Image"></a><p>Monari Marsala Fine Wine PDO Glaze| 9 Ounce, Pack of 6</p><p>$37.99 ($6.33 / Count)</p><a href="https://www.amazon.com/dp/B0D244C3VJ?tag=eloabder-20&linkCode=osi&th=1&psc=1">View Product</a></div><div class="product"><a href="https://www.amazon.com/dp/B0054KSA5I?tag=eloabder-20&linkCode=osi&th=1&psc=1"><img src="https://m.media-amazon.com/images/I/41Dk7Gmm5xL._SL500_.jpg" alt="Product Image"></a><p>Regina Fine Red Wine Vinegar, 12 Fl Oz</p><p>$12.94 ($1.08 / Fl Oz)</p><a href="https://www.amazon.com/dp/B0054KSA5I?tag=eloabder-20&linkCode=osi&th=1&psc=1">View Product</a></div><div class="product"><a href="https://www.amazon.com/dp/B0CC6JY2CM?tag=eloabder-20&linkCode=osi&th=1&psc=1"><img src="https://m.media-amazon.com/images/I/31FVY0Kg2cL._SL500_.jpg" alt="Product Image"></a><p>ST. REGIS Cabernet Sauvignon 25.4 Fl Oz (1 Pack) - Low Calorie and Sugar - Fruity & Spicy Rich Flavor from North of Spain Vineyards</p><p>$17.95 ($0.71 / Fl Oz)</p><a href="https://www.amazon.com/dp/B0CC6JY2CM?tag=eloabder-20&linkCode=osi&th=1&psc=1">View Product</a></div><div class="product"><a href="https://www.amazon.com/dp/B0CLYLY93H?tag=eloabder-20&linkCode=osi&th=1&psc=1"><img src="https://m.media-amazon.com/images/I/31cSVgLe1sL._SL500_.jpg" alt="Product Image"></a><p>Chateau del ISH Sparkling Rosé | Award-Winning Non-Alcoholic Sparkling Wine | De-Alcoholized Blend of Merlot & Pinot Noir Grapes | Only 9 grams of Sugar | 45 Calories per Serving | 750 ml Bottle</p><p>$23.99 ($0.94 / Fl Oz)</p><a href="https://www.amazon.com/dp/B0CLYLY93H?tag=eloabder-20&linkCode=osi&th=1&psc=1">View Product</a></div><div class="product"><a href="https://www.amazon.com/dp/B00075WK10?tag=eloabder-20&linkCode=osi&th=1&psc=1"><img src="https://m.media-amazon.com/images/I/41wn5BC9e3L._SL500_.jpg" alt="Product Image"></a><p>Mantova Italian White Wine Vinegar 17 oz (Pack of 2). Made with traditional methods and aged in fine wood casks, it retains the flavor of the wine, accented by the crisp character of the vinegar.</p><p>$12.97 ($7.21 / Fl Oz)</p><a href="https://www.amazon.com/dp/B00075WK10?tag=eloabder-20&linkCode=osi&th=1&psc=1">View Product</a></div><div class="product"><a href="https://www.amazon.com/dp/B0B6Y4LGT8?tag=eloabder-20&linkCode=osi&th=1&psc=1"><img src="https://m.media-amazon.com/images/I/31DYvJX17cL._SL500_.jpg" alt="Product Image"></a><p>Wander + Found Non-Alcoholic Wine, Pinot Noir, Award Winning Red Wine from Germany, Non-GMO Dealcoholized Wine, 750 ml (1 Bottle)</p><p>$25.99 ($1.02 / Fl Oz)</p><a href="https://www.amazon.com/dp/B0B6Y4LGT8?tag=eloabder-20&linkCode=osi&th=1&psc=1">View Product</a></div><div class="product"><a href="https://www.amazon.com/dp/B08FBLJFL3?tag=eloabder-20&linkCode=osi&th=1&psc=1"><img src="https://m.media-amazon.com/images/I/31xcotQJiQL._SL500_.jpg" alt="Product Image"></a><p>Lussory Organic Merlot Dealcoholized 0.0% Non-Alcoholic Red From Spain, Low Calories, Organic, Vegan (750ml, 1 Bottle)</p><p>$27.99 ($1.10 / Fl Oz)</p><a href="https://www.amazon.com/dp/B08FBLJFL3?tag=eloabder-20&linkCode=osi&th=1&psc=1">View Product</a></div>
<div class="product"><a href="https://www.amazon.com/dp/B08RD41V4Y?tag=eloabder-20&linkCode=osi&th=1&psc=1"><img src="https://m.media-amazon.com/images/I/41Ctrzm6OdL._SL500_.jpg" alt="Product Image"></a><p>Pure Organic Layered Fruit Bars Variety Pack 28 count (Pack of 1).</p><p>$13.99 ($0.40 / Ounce)</p><a href="https://www.amazon.com/dp/B08RD41V4Y?tag=eloabder-20&linkCode=osi&th=1&psc=1">View Product</a></div><div class="product"><a href="https://www.amazon.com/dp/B06X6JR48M?tag=eloabder-20&linkCode=osi&th=1&psc=1"><img src="https://m.media-amazon.com/images/I/51QhYDgoJFL._SL500_.jpg" alt="Product Image"></a><p>Nature's Garden Organic Trail Mix Snack Packs, Multi Pack 1.2 oz - Pack of 24 (Total 28.8 oz)</p><p>$14.89 ($0.52 / Ounce)</p><a href="https://www.amazon.com/dp/B06X6JR48M?tag=eloabder-20&linkCode=osi&th=1&psc=1">View Product</a></div><div class="product"><a href="https://www.amazon.com/dp/B0BQTL31PR?tag=eloabder-20&linkCode=osi&th=1&psc=1"><img src="https://m.media-amazon.com/images/I/512GxWL1ejL._SL500_.jpg" alt="Product Image"></a><p>Annie's Organic Birthday Cake Bunny Grahams and Cheddar Bunnies Snack Pack 36 Count, 36 oz</p><p>$16.99 ($0.47 / Ounce)</p><a href="https://www.amazon.com/dp/B0BQTL31PR?tag=eloabder-20&linkCode=osi&th=1&psc=1">View Product</a></div><div class="product"><a href="https://www.amazon.com/dp/B0C17SW6V1?tag=eloabder-20&linkCode=osi&th=1&psc=1"><img src="https://m.media-amazon.com/images/I/51JwHhUMp-L._SL500_.jpg" alt="Product Image"></a><p>Annie's Organic Bunny Fruit Snacks, Variety Pack, Gluten Free, 22 ct, 15.4 oz</p><p>$9.98 ($0.45 / Count)</p><a href="https://www.amazon.com/dp/B0C17SW6V1?tag=eloabder-20&linkCode=osi&th=1&psc=1">View Product</a></div><div class="product"><a href="https://www.amazon.com/dp/B079LY41VY?tag=eloabder-20&linkCode=osi&th=1&psc=1"><img src="https://m.media-amazon.com/images/I/51hNBmR-vOL._SL500_.jpg" alt="Product Image"></a><p>MadeGood Healthy Snacks Variety Pack (40 Count) Organic Assortment of Granola Bars, Granola Mini and Crispy Squares; Individually Wrapped Snacks</p><p>$29.99</p><a href="https://www.amazon.com/dp/B079LY41VY?tag=eloabder-20&linkCode=osi&th=1&psc=1">View Product</a></div><div class="product"><a href="https://www.amazon.com/dp/B0B88WYZVC?tag=eloabder-20&linkCode=osi&th=1&psc=1"><img src="https://m.media-amazon.com/images/I/41jnzaqqPlL._SL500_.jpg" alt="Product Image"></a><p>YumEarth Organic Fruit Snacks Box, 0.7 Ounce (Pack of 10)</p><p>$6.49 ($0.93 / Ounce)</p><a href="https://www.amazon.com/dp/B0B88WYZVC?tag=eloabder-20&linkCode=osi&th=1&psc=1">View Product</a></div><div class="product"><a href="https://www.amazon.com/dp/B087HBLXSM?tag=eloabder-20&linkCode=osi&th=1&psc=1"><img src="https://m.media-amazon.com/images/I/4103I3BvCSL._SL500_.jpg" alt="Product Image"></a><p>Tropical Fields Organic Crispy Coconut Rolls, 11 Oz</p><p>$9.94 ($0.90 / Ounce)</p><a href="https://www.amazon.com/dp/B087HBLXSM?tag=eloabder-20&linkCode=osi&th=1&psc=1">View Product</a></div><div class="product"><a href="https://www.amazon.com/dp/B08L4XZBS1?tag=eloabder-20&linkCode=osi&th=1&psc=1"><img src="https://m.media-amazon.com/images/I/51IN3a2zpZL._SL500_.jpg" alt="Product Image"></a><p>Annie's Organic Fruit Peel-A-Parts Fruit Snacks, Strawberry and Fruit Punch, 12 packs, 6.7 oz.</p><p>$9.99 ($0.83 / Count)</p><a href="https://www.amazon.com/dp/B08L4XZBS1?tag=eloabder-20&linkCode=osi&th=1&psc=1">View Product</a></div><div class="product"><a href="https://www.amazon.com/dp/B088PRVMXL?tag=eloabder-20&linkCode=osi&th=1&psc=1"><img src="https://m.media-amazon.com/images/I/51Lye-KMCNL._SL500_.jpg" alt="Product Image"></a><p>Gimme Seaweed - Sea Salt & Avocado Oil - 20 Count - Organic Roasted Seaweed Sheets - Keto, Vegan, Gluten Free - Great Source of Iodine & Omega 3’s - Healthy On-The-Go Snack for Kids & Adults</p><p>$14.43 ($4.51 / Ounce)</p><a href="https://www.amazon.com/dp/B088PRVMXL?tag=eloabder-20&linkCode=osi&th=1&psc=1">View Product</a></div><div class="product"><a href="https://www.amazon.com/dp/B0792LF5DZ?tag=eloabder-20&linkCode=osi&th=1&psc=1"><img src="https://m.media-amazon.com/images/I/51Ogpal4rKL._SL500_.jpg" alt="Product Image"></a><p>Simply, Variety Pack Snacks, 0.875 Ounce (Pack of 36)</p><p>$22.43 ($0.71 / Ounce)</p><a href="https://www.amazon.com/dp/B0792LF5DZ?tag=eloabder-20&linkCode=osi&th=1&psc=1">View Product</a></div>
<div class="product"><a href="https://www.amazon.com/dp/B07D83162X?tag=eloabder-20&linkCode=osi&th=1&psc=1"><img src="https://m.media-amazon.com/images/I/515OpZM7eUL._SL500_.jpg" alt="Product Image"></a><p>CLIF BAR - Energy Bars - Variety Pack - Made with Organic Oats - 9-11g Protein - Non-GMO - Plant Based - 2.4 oz. (16 Count)</p><p>$25.98 ($0.68 / Ounce)</p><a href="https://www.amazon.com/dp/B07D83162X?tag=eloabder-20&linkCode=osi&th=1&psc=1">View Product</a></div><div class="product"><a href="https://www.amazon.com/dp/B0CXQ6QP2B?tag=eloabder-20&linkCode=osi&th=1&psc=1"><img src="https://m.media-amazon.com/images/I/41zGg7iGu+L._SL500_.jpg" alt="Product Image"></a><p>CLIF BAR - Crunchy Peanut Butter - Made with Organic Oats - 11g Protein - Non-GMO - Plant Based - Energy Bars - 2.4 oz. (15 Pack)</p><p>$17.24 ($0.48 / Ounce)</p><a href="https://www.amazon.com/dp/B0CXQ6QP2B?tag=eloabder-20&linkCode=osi&th=1&psc=1">View Product</a></div><div class="product"><a href="https://www.amazon.com/dp/B00GJ82VK4?tag=eloabder-20&linkCode=osi&th=1&psc=1"><img src="https://m.media-amazon.com/images/I/51j2KOV9-+L._SL500_.jpg" alt="Product Image"></a><p>Pure Protein Bars, High Protein, Nutritious Snacks to Support Energy, Low Sugar, Gluten Free, Chocolate Peanut Butter, 1.76oz, 12 Count (Packaging May Vary)</p><p>$15.55 ($0.73 / Ounce)</p><a href="https://www.amazon.com/dp/B00GJ82VK4?tag=eloabder-20&linkCode=osi&th=1&psc=1">View Product</a></div><div class="product"><a href="https://www.amazon.com/dp/B084R2FJVV?tag=eloabder-20&linkCode=osi&th=1&psc=1"><img src="https://m.media-amazon.com/images/I/51mGjMQ-PjL._SL500_.jpg" alt="Product Image"></a><p>KIND Energy Bars, Chocolate Chunk, Healthy Snacks, Gluten Free, 30 Count</p><p>$35.45 ($0.56 / Ounce)</p><a href="https://www.amazon.com/dp/B084R2FJVV?tag=eloabder-20&linkCode=osi&th=1&psc=1">View Product</a></div><div class="product"><a href="https://www.amazon.com/dp/B0BHMRSNWX?tag=eloabder-20&linkCode=osi&th=1&psc=1"><img src="https://m.media-amazon.com/images/I/51mha5Z8vAL._SL500_.jpg" alt="Product Image"></a><p>Verb Energy - Variety Pack Caffeinated Snack Bars - 110-Calorie Low Sugar Energy Bar - Nutrition Bars - Vegan Snacks - Gluten Free Breakfast Bars with Organic Green Tea, 26g (Pack of 16)</p><p>$28.95 ($1.97 / Ounce)</p><a href="https://www.amazon.com/dp/B0BHMRSNWX?tag=eloabder-20&linkCode=osi&th=1&psc=1">View Product</a></div><div class="product"><a href="https://www.amazon.com/dp/B08939X5HL?tag=eloabder-20&linkCode=osi&th=1&psc=1"><img src="https://m.media-amazon.com/images/I/51RKwNvJZiL._SL500_.jpg" alt="Product Image"></a><p>Nature Valley Chewy Fruit and Nut Granola Bars, Trail Mix, 1.2 oz, 15 ct</p><p>$6.24 ($0.35 / Ounce)</p><a href="https://www.amazon.com/dp/B08939X5HL?tag=eloabder-20&linkCode=osi&th=1&psc=1">View Product</a></div><div class="product"><a href="https://www.amazon.com/dp/B004XEDS5I?tag=eloabder-20&linkCode=osi&th=1&psc=1"><img src="https://m.media-amazon.com/images/I/51dc89OLXjL._SL500_.jpg" alt="Product Image"></a><p>CLIF BAR - Chocolate Chip - Made with Organic Oats - Non-GMO - Plant Based - Energy Bars - 2.4 oz. (12 Pack)</p><p>$15.17 ($0.53 / Ounce)</p><a href="https://www.amazon.com/dp/B004XEDS5I?tag=eloabder-20&linkCode=osi&th=1&psc=1">View Product</a></div><div class="product"><a href="https://www.amazon.com/dp/B07HHK51J9?tag=eloabder-20&linkCode=osi&th=1&psc=1"><img src="https://m.media-amazon.com/images/I/41h0pofx49L._SL500_.jpg" alt="Product Image"></a><p>Quantum Energy Square: Energy Bar with Caffeine & 10g Protein. Delicious Healthy Snack On The Go. (Vegan, Gluten-free, Soy-free, Dairy-free). Flavor: Variety 8Pk</p><p>$19.95 ($1.48 / Ounce)</p><a href="https://www.amazon.com/dp/B07HHK51J9?tag=eloabder-20&linkCode=osi&th=1&psc=1">View Product</a></div><div class="product"><a href="https://www.amazon.com/dp/B0BY3NL6N3?tag=eloabder-20&linkCode=osi&th=1&psc=1"><img src="https://m.media-amazon.com/images/I/61a84haNQXL._SL500_.jpg" alt="Product Image"></a><p>Atkins Soft Baked Energy Bars, Blueberry, 15g Protein,2g Sugar, Excellent Source of Fiber, Low Carb, 4 Packs (5 Bars Each)</p><p>$40.00 ($2.00 / Count)</p><a href="https://www.amazon.com/dp/B0BY3NL6N3?tag=eloabder-20&linkCode=osi&th=1&psc=1">View Product</a></div><div class="product"><a href="https://www.amazon.com/dp/B0767X1YGZ?tag=eloabder-20&linkCode=osi&th=1&psc=1"><img src="https://m.media-amazon.com/images/I/41wLM+HSd7L._SL500_.jpg" alt="Product Image"></a><p>SKRATCH LABS Energy Bar | Cherry + Pistachio (12 pack) | Plant Based Healthy Snack | Low Sugar - 5g Protein | non-gmo, gluten free, soy free, vegan, kosher</p><p>$29.95 ($1.41 / Ounce)</p><a href="https://www.amazon.com/dp/B0767X1YGZ?tag=eloabder-20&linkCode=osi&th=1&psc=1">View Product</a></div>
<div class="product"><a href="https://www.amazon.com/dp/B00819SSGK?tag=eloabder-20&linkCode=osi&th=1&psc=1"><img src="https://m.media-amazon.com/images/I/51OoPlQlUFL._SL500_.jpg" alt="Product Image"></a><p>Orville Redenbacher's Original Gourmet Popping Corn Kernels, 8 lb.</p><p>$13.28 ($0.10 / Ounce)</p><a href="https://www.amazon.com/dp/B00819SSGK?tag=eloabder-20&linkCode=osi&th=1&psc=1">View Product</a></div><div class="product"><a href="https://www.amazon.com/dp/B0C8QMKF7K?tag=eloabder-20&linkCode=osi&th=1&psc=1"><img src="https://m.media-amazon.com/images/I/41Q1zRw163L._SL500_.jpg" alt="Product Image"></a><p>Extra Buttery Caramel Gourmet Popcorn | 6 Cups Total | Made From Scratch, Made in USA, & GMO-Free | Great as a Snack, Gift, Thank You, & Movie Night - (10.8oz Total)</p><p>$8.99 ($0.83 / Ounce)</p><a href="https://www.amazon.com/dp/B0C8QMKF7K?tag=eloabder-20&linkCode=osi&th=1&psc=1">View Product</a></div><div class="product"><a href="https://www.amazon.com/dp/B0CKLW62T5?tag=eloabder-20&linkCode=osi&th=1&psc=1"><img src="https://m.media-amazon.com/images/I/51UzqTDjfaL._SL500_.jpg" alt="Product Image"></a><p>Garrett Popcorn Garrett Mix, 6.0oz, 4 Bags, Cheese and Caramel Gourmet Popcorn, Gluten Free, Sweet and Salty Snack, Popped Popcorn Bags</p><p>$24.95 ($1.04 / Ounce)</p><a href="https://www.amazon.com/dp/B0CKLW62T5?tag=eloabder-20&linkCode=osi&th=1&psc=1">View Product</a></div><div class="product"><a href="https://www.amazon.com/dp/B07JN5467R?tag=eloabder-20&linkCode=osi&th=1&psc=1"><img src="https://m.media-amazon.com/images/I/51vsJLZ79WL._SL500_.jpg" alt="Product Image"></a><p>Urban Accents MOVIE NIGHT Popcorn Kernels and Popcorn Seasoning Variety Pack (set of 8) - 3 Non-GMO Popcorn Kernel Packs and 5 Gourmet Popcorn Snack Seasoning</p><p>$22.00 ($1.01 / Ounce)</p><a href="https://www.amazon.com/dp/B07JN5467R?tag=eloabder-20&linkCode=osi&th=1&psc=1">View Product</a></div><div class="product"><a href="https://www.amazon.com/dp/B0C9592XTW?tag=eloabder-20&linkCode=osi&th=1&psc=1"><img src="https://m.media-amazon.com/images/I/41DvOymNLML._SL500_.jpg" alt="Product Image"></a><p>Funky Chunky Gourmet Popcorn, Chocolatey Popcorn, Pretzel, and Nutty Mixes, Peanut Butter Cup Popcorn, 19-Ounce Large Bag (Pack of 1)</p><p>$15.00 ($0.79 / Ounce)</p><a href="https://www.amazon.com/dp/B0C9592XTW?tag=eloabder-20&linkCode=osi&th=1&psc=1">View Product</a></div><div class="product"><a href="https://www.amazon.com/dp/B0D3FH1GW4?tag=eloabder-20&linkCode=osi&th=1&psc=1"><img src="https://m.media-amazon.com/images/I/51hBtOn2I4L._SL500_.jpg" alt="Product Image"></a><p>Garrett Popcorn Garrett Mix, 1.9oz, 12 Bags, Cheese and Caramel Gourmet Popcorn, Gluten Free, Sweet and Salty Snack Bags, Popped Popcorn Bags, Multipack</p><p>$29.95 ($1.31 / Ounce)</p><a href="https://www.amazon.com/dp/B0D3FH1GW4?tag=eloabder-20&linkCode=osi&th=1&psc=1">View Product</a></div><div class="product"><a href="https://www.amazon.com/dp/B00Q0PWE7Q?tag=eloabder-20&linkCode=osi&th=1&psc=1"><img src="https://m.media-amazon.com/images/I/51jM1d0eF8L._SL500_.jpg" alt="Product Image"></a><p>Popcornopolis Gourmet Caramel Corn Popcorn, Popped Popcorn Snack Bags 9.5 Oz</p><p>$8.99 ($0.95 / Ounce)</p><a href="https://www.amazon.com/dp/B00Q0PWE7Q?tag=eloabder-20&linkCode=osi&th=1&psc=1">View Product</a></div><div class="product"><a href="https://www.amazon.com/dp/B00D2H6LOW?tag=eloabder-20&linkCode=osi&th=1&psc=1"><img src="https://m.media-amazon.com/images/I/41iePRgsY5L._SL500_.jpg" alt="Product Image"></a><p>Thatcher's Gourmet Specialties Fruit Medley, 8 Oz (Pack of 1)</p><p>$6.25 ($0.78 / Ounce)</p><a href="https://www.amazon.com/dp/B00D2H6LOW?tag=eloabder-20&linkCode=osi&th=1&psc=1">View Product</a></div>
<div class="product"><a href="https://www.amazon.com/dp/B07ZXN7LPC?tag=eloabder-20&linkCode=osi&th=1&psc=1"><img src="https://m.media-amazon.com/images/I/51YkD3V1JyL._SL500_.jpg" alt="Product Image"></a><p>Mantova Organic Italian Specialty Pasta, Caserecce (2 packs of 1 lb. each) - Artisan Pasta, Non-GMO, Vegan, Kosher Certified, and Imported From Italy, Premium Quality</p><p>$12.99 ($0.41 / Ounce)</p><a href="https://www.amazon.com/dp/B07ZXN7LPC?tag=eloabder-20&linkCode=osi&th=1&psc=1">View Product</a></div><div class="product"><a href="https://www.amazon.com/dp/B01F2Z8ZOU?tag=eloabder-20&linkCode=osi&th=1&psc=1"><img src="https://m.media-amazon.com/images/I/51MK8iWLCgL._SL500_.jpg" alt="Product Image"></a><p>Mantova Organic Italian Specialty Pasta, Lumaconi, 1 lb (Pack of 2)</p><p>$13.99 ($0.87 / Ounce)</p><a href="https://www.amazon.com/dp/B01F2Z8ZOU?tag=eloabder-20&linkCode=osi&th=1&psc=1">View Product</a></div><div class="product"><a href="https://www.amazon.com/dp/B004N5HA6A?tag=eloabder-20&linkCode=osi&th=1&psc=1"><img src="https://m.media-amazon.com/images/I/517oR0RhHgL._SL500_.jpg" alt="Product Image"></a><p>Morelli Gourmet Pasta Italian Gift Basket From Italy - Tricolor Pasta Linguine Set - Red Chili, Garlic & Basil, and Lemon Pasta - Tricolored Organic Pasta from Italy, Made in Italy (3x 8.8 Ounce)</p><p>$31.99 ($1.21 / Ounce)</p><a href="https://www.amazon.com/dp/B004N5HA6A?tag=eloabder-20&linkCode=osi&th=1&psc=1">View Product</a></div><div class="product"><a href="https://www.amazon.com/dp/B00I8R5HSW?tag=eloabder-20&linkCode=osi&th=1&psc=1"><img src="https://m.media-amazon.com/images/I/41miThBoNtL._SL500_.jpg" alt="Product Image"></a><p>Mafaldine Italian Pasta di Gragnano | I.G.P. Protected | USDA Certified Organic | 17.6 Ounce | 500 Gram</p><p>$12.95 ($0.73 / Ounce)</p><a href="https://www.amazon.com/dp/B00I8R5HSW?tag=eloabder-20&linkCode=osi&th=1&psc=1">View Product</a></div><div class="product"><a href="https://www.amazon.com/dp/B0B1469JM5?tag=eloabder-20&linkCode=osi&th=1&psc=1"><img src="https://m.media-amazon.com/images/I/51spzGwiJ9L._SL500_.jpg" alt="Product Image"></a><p>Morelli Busiate, Pici, and Bucatini Organic Pasta Variety Pack - Imported Italian Pasta Sampler - Specialty Assortment Includes Three-17.6 oz Packages of Gourmet Pasta from Italy</p><p>$39.99 ($0.76 / Ounce)</p><a href="https://www.amazon.com/dp/B0B1469JM5?tag=eloabder-20&linkCode=osi&th=1&psc=1">View Product</a></div><div class="product"><a href="https://www.amazon.com/dp/B083X2P94L?tag=eloabder-20&linkCode=osi&th=1&psc=1"><img src="https://m.media-amazon.com/images/I/51APpkv+ImL._SL500_.jpg" alt="Product Image"></a><p>Pasta Deliziosa! Handcrafted Pasta Variety Pack, All Flavors, 12 Ounce (Pack of 6)</p><p>$38.99 ($3.25 / Ounce)</p><a href="https://www.amazon.com/dp/B083X2P94L?tag=eloabder-20&linkCode=osi&th=1&psc=1">View Product</a></div><div class="product"><a href="https://www.amazon.com/dp/B0793LPXRN?tag=eloabder-20&linkCode=osi&th=1&psc=1"><img src="https://m.media-amazon.com/images/I/41zIY0jxDdL._SL500_.jpg" alt="Product Image"></a><p>La Molisana Pasta Anellini Siciliani, 16 oz</p><p>$6.95 ($0.43 / Ounce)</p><a href="https://www.amazon.com/dp/B0793LPXRN?tag=eloabder-20&linkCode=osi&th=1&psc=1">View Product</a></div><div class="product"><a href="https://www.amazon.com/dp/B006ODJEBS?tag=eloabder-20&linkCode=osi&th=1&psc=1"><img src="https://m.media-amazon.com/images/I/51x4T3SOw1L._SL500_.jpg" alt="Product Image"></a><p>La Molisana Pasta Fusilli Bucati Cort, 1 Pound (Pack of 1)</p><p>$7.99 ($0.05 / Ounce)</p><a href="https://www.amazon.com/dp/B006ODJEBS?tag=eloabder-20&linkCode=osi&th=1&psc=1">View Product</a></div><div class="product"><a href="https://www.amazon.com/dp/B0095F92HS?tag=eloabder-20&linkCode=osi&th=1&psc=1"><img src="https://m.media-amazon.com/images/I/51IXE-gW1gL._SL500_.jpg" alt="Product Image"></a><p>De Cecco Pasta, Egg Pappardelle, 8.8 Ounce</p><p>$2.50 ($0.28 / Ounce)</p><a href="https://www.amazon.com/dp/B0095F92HS?tag=eloabder-20&linkCode=osi&th=1&psc=1">View Product</a></div><div class="product"><a href="https://www.amazon.com/dp/B000LRH8AM?tag=eloabder-20&linkCode=osi&th=1&psc=1"><img src="https://m.media-amazon.com/images/I/517Gsx3xbQL._SL500_.jpg" alt="Product Image"></a><p>RiceSelect Tri-Color Orzo Rice-Shaped Pasta, Premium Spinach- and Tomato-Flavored Non-GMO Orzo Pasta, 32-Ounce Jar</p><p>$7.29 ($0.28 / Ounce)</p><a href="https://www.amazon.com/dp/B000LRH8AM?tag=eloabder-20&linkCode=osi&th=1&psc=1">View Product</a></div>
<div class="product"><a href="https://www.amazon.com/dp/B00LUK2TGC?tag=eloabder-20&linkCode=osi&th=1&psc=1"><img src="https://m.media-amazon.com/images/I/51-6ifc3VmL._SL500_.jpg" alt="Product Image"></a><p>The Gourmet Choice Gift Basket by Wine Country Gift Baskets</p><p>$83.35</p><a href="https://www.amazon.com/dp/B00LUK2TGC?tag=eloabder-20&linkCode=osi&th=1&psc=1">View Product</a></div><div class="product"><a href="https://www.amazon.com/dp/B009LHPJ1S?tag=eloabder-20&linkCode=osi&th=1&psc=1"><img src="https://m.media-amazon.com/images/I/51cf0AEkjgL._SL500_.jpg" alt="Product Image"></a><p>Wine Country Gift Baskets Gourmet Feast Perfect For Family, Friends, Co-Workers, Loved Ones and Clients</p><p>$59.95</p><a href="https://www.amazon.com/dp/B009LHPJ1S?tag=eloabder-20&linkCode=osi&th=1&psc=1">View Product</a></div><div class="product"><a href="https://www.amazon.com/dp/B004D9XYWU?tag=eloabder-20&linkCode=osi&th=1&psc=1"><img src="https://m.media-amazon.com/images/I/515H6eRSagL._SL500_.jpg" alt="Product Image"></a><p>A Gift Inside Chocolate, Caramel and Crunch Grand Gift Basket</p><p>$42.95</p><a href="https://www.amazon.com/dp/B004D9XYWU?tag=eloabder-20&linkCode=osi&th=1&psc=1">View Product</a></div><div class="product"><a href="https://www.amazon.com/dp/B00BY78O7Y?tag=eloabder-20&linkCode=osi&th=1&psc=1"><img src="https://m.media-amazon.com/images/I/51sFeewMqVL._SL500_.jpg" alt="Product Image"></a><p>The Bon Appetit Gourmet Gift Basket by Wine Country Gift Baskets Gift for Families College Students Appreciation Thank You Congratulations Get Well Soon Care Package</p><p>$49.95</p><a href="https://www.amazon.com/dp/B00BY78O7Y?tag=eloabder-20&linkCode=osi&th=1&psc=1">View Product</a></div><div class="product"><a href="https://www.amazon.com/dp/B07CHSN691?tag=eloabder-20&linkCode=osi&th=1&psc=1"><img src="https://m.media-amazon.com/images/I/51-Qvkf4yFL._SL500_.jpg" alt="Product Image"></a><p>Dried Fruit Gift Basket– Healthy Gourmet Snack Box - Holiday Food Tray - Variety Snacks - Birthday, Sympathy, Mom, Dad, Corporate Tray - Bonnie & Pop</p><p>$37.99</p><a href="https://www.amazon.com/dp/B07CHSN691?tag=eloabder-20&linkCode=osi&th=1&psc=1">View Product</a></div><div class="product"><a href="https://www.amazon.com/dp/B00FBGKCHE?tag=eloabder-20&linkCode=osi&th=1&psc=1"><img src="https://m.media-amazon.com/images/I/51anmoX7EkL._SL500_.jpg" alt="Product Image"></a><p>Broadway Basketeers Chocolate Gift Basket Snack Gifts for Women, Men, Families, College, Appreciation, Thank You, Birthday, Corporate, Get Well Soon, Sympathy Care Package</p><p>$48.70 ($48.70 / Count)</p><a href="https://www.amazon.com/dp/B00FBGKCHE?tag=eloabder-20&linkCode=osi&th=1&psc=1">View Product</a></div><div class="product"><a href="https://www.amazon.com/dp/B00BY78O60?tag=eloabder-20&linkCode=osi&th=1&psc=1"><img src="https://m.media-amazon.com/images/I/51vKfvc7JTL._SL500_.jpg" alt="Product Image"></a><p>Wine Country Gift Baskets The Connoisseur Gourmet Gift Basket Food Gift Basket for Families College Students Appreciation Thank You Congratulations Get Well Soon Care Package</p><p>$56.36</p><a href="https://www.amazon.com/dp/B00BY78O60?tag=eloabder-20&linkCode=osi&th=1&psc=1">View Product</a></div><div class="product"><a href="https://www.amazon.com/dp/B07FT598PM?tag=eloabder-20&linkCode=osi&th=1&psc=1"><img src="https://m.media-amazon.com/images/I/51OJVHYoRsL._SL500_.jpg" alt="Product Image"></a><p>Wine Country Gift Baskets Gourmet Deluxe Gift Basket</p><p>$99.95</p><a href="https://www.amazon.com/dp/B07FT598PM?tag=eloabder-20&linkCode=osi&th=1&psc=1">View Product</a></div>
<div class="product"><a href="https://www.amazon.com/dp/B0B5ZTZL6G?tag=eloabder-20&linkCode=osi&th=1&psc=1"><img src="https://m.media-amazon.com/images/I/51rZYLnRlVL._SL500_.jpg" alt="Product Image"></a><p>Reinmoson Tea Strainers for Loose Tea, Extra Fine Mesh Tea Infuser, 304 Stainless Steel & Updated Slim Threaded Lid, Loose Leaf Tea Steeper for Black Tea, Rooibos, etc</p><p>$9.99</p><a href="https://www.amazon.com/dp/B0B5ZTZL6G?tag=eloabder-20&linkCode=osi&th=1&psc=1">View Product</a></div><div class="product"><a href="https://www.amazon.com/dp/B00SBTK5KW?tag=eloabder-20&linkCode=osi&th=1&psc=1"><img src="https://m.media-amazon.com/images/I/414cqIbd9eL._SL500_.jpg" alt="Product Image"></a><p>Tea Forte Single Steeps Loose Leaf Lotus Tea Sampler, Assorted Variety Tea Box, Serve Pouches,15 Count (Pack of 1)</p><p>$18.00 ($9.33 / Ounce)</p><a href="https://www.amazon.com/dp/B00SBTK5KW?tag=eloabder-20&linkCode=osi&th=1&psc=1">View Product</a></div><div class="product"><a href="https://www.amazon.com/dp/B08VMR4MXN?tag=eloabder-20&linkCode=osi&th=1&psc=1"><img src="https://m.media-amazon.com/images/I/51qQv4-VV3L._SL500_.jpg" alt="Product Image"></a><p>Twinings Tea Sampler Set 12 Flavors Assortment 48 Assorted Tea Bags with 20 Honey Sticks for Tea, Straws and Naturally Caffeine Free Herbal Tea Set…</p><p>$22.96 ($22.96 / Count)</p><a href="https://www.amazon.com/dp/B08VMR4MXN?tag=eloabder-20&linkCode=osi&th=1&psc=1">View Product</a></div><div class="product"><a href="https://www.amazon.com/dp/B074T2FWJY?tag=eloabder-20&linkCode=osi&th=1&psc=1"><img src="https://m.media-amazon.com/images/I/41n1uoomGAL._SL500_.jpg" alt="Product Image"></a><p>10Pcs Heart Tea Infuser for Loose Leaf Tea Steeper - Tea Diffusers for Loose Tea Leaf Steeper Tea Strainers for Loose Tea Infuser Spoon - Tea Steeper for Loose Tea Strainer Heart Shaped Tea Infuser</p><p>$9.98 ($1.00 / Count)</p><a href="https://www.amazon.com/dp/B074T2FWJY?tag=eloabder-20&linkCode=osi&th=1&psc=1">View Product</a></div><div class="product"><a href="https://www.amazon.com/dp/B074L4MZRY?tag=eloabder-20&linkCode=osi&th=1&psc=1"><img src="https://m.media-amazon.com/images/I/418v4F8ZhkL._SL500_.jpg" alt="Product Image"></a><p>VAHDAM Perfect Measure Loose Leaf Tea Spoon | Premium Quality Stainless Steel Tea Scoop | Perfect Measuring Teaspoons To Brew 1 Cup Of Loose Leaf Tea & Matcha</p><p>$7.99</p><a href="https://www.amazon.com/dp/B074L4MZRY?tag=eloabder-20&linkCode=osi&th=1&psc=1">View Product</a></div><div class="product"><a href="https://www.amazon.com/dp/B09FF6P7BL?tag=eloabder-20&linkCode=osi&th=1&psc=1"><img src="https://m.media-amazon.com/images/I/41oGPC0w7ML._SL500_.jpg" alt="Product Image"></a><p>Cute Tea Infuser by OTOTO - Loose Leaf Tea Steeper, Tea Accessories, Tea Diffusers, Tea Infuser for Loose Leaf Tea, Tea Strainers, Cute Gifts, Tea Gift Set, Kitchen Gifts, Cooking Gadgets</p><p>$14.95</p><a href="https://www.amazon.com/dp/B09FF6P7BL?tag=eloabder-20&linkCode=osi&th=1&psc=1">View Product</a></div><div class="product"><a href="https://www.amazon.com/dp/B072XP4FQK?tag=eloabder-20&linkCode=osi&th=1&psc=1"><img src="https://m.media-amazon.com/images/I/31Lfv+7oU6L._SL500_.jpg" alt="Product Image"></a><p>Tea Infuser (Set of 2 Pyramid & Square) with Tea Scoop | Ultra Fine Tea Strainer for Loose Leaf Tea | Stainless Steel Tea Steeper for a Superior Brewing Experience</p><p>$9.99</p><a href="https://www.amazon.com/dp/B072XP4FQK?tag=eloabder-20&linkCode=osi&th=1&psc=1">View Product</a></div><div class="product"><a href="https://www.amazon.com/dp/B0D2SCT4C4?tag=eloabder-20&linkCode=osi&th=1&psc=1"><img src="https://m.media-amazon.com/images/I/51vJnfc4-JL._SL500_.jpg" alt="Product Image"></a><p>Organic Tea Gift Set with Portable Kettle - 36 Piece Tea Gifts for Tea Lovers - Includes Insulated Mug, Assorted Organic Teas, Honey Sticks & Tea Accessories - Ultimate Brewing Experience</p><p>$56.90</p><a href="https://www.amazon.com/dp/B0D2SCT4C4?tag=eloabder-20&linkCode=osi&th=1&psc=1">View Product</a></div>
<div class="product"><a href="https://www.amazon.com/dp/B01NAV05XS?tag=eloabder-20&linkCode=osi&th=1&psc=1"><img src="https://m.media-amazon.com/images/I/51xpd-egLaL._SL500_.jpg" alt="Product Image"></a><p>Torani Variety Pack Caramel, French Vanilla, Vanilla & Hazelnut, 25.4 Ounces (Pack of 4)</p><p>$35.99 ($0.35 / Fl Oz)</p><a href="https://www.amazon.com/dp/B01NAV05XS?tag=eloabder-20&linkCode=osi&th=1&psc=1">View Product</a></div><div class="product"><a href="https://www.amazon.com/dp/B084NVN1J6?tag=eloabder-20&linkCode=osi&th=1&psc=1"><img src="https://m.media-amazon.com/images/I/51Vz7p8hhyL._SL500_.jpg" alt="Product Image"></a><p>Bones Coffee Company Cookies 'N Dreams Coffee Beans, Cookies & Cream Flavor, Low Acid Flavored Coffee, Made with Arabica Coffee Beans, Medium Roast Gourmet Coffee (12 oz)</p><p>$17.99 ($1.50 / Ounce)</p><a href="https://www.amazon.com/dp/B084NVN1J6?tag=eloabder-20&linkCode=osi&th=1&psc=1">View Product</a></div><div class="product"><a href="https://www.amazon.com/dp/B0C2DHCBD6?tag=eloabder-20&linkCode=osi&th=1&psc=1"><img src="https://m.media-amazon.com/images/I/51wa33jmF7L._SL500_.jpg" alt="Product Image"></a><p>Torani Puremade Sauce Variety Pack, 4 Flavors, 16.5 Ounces Bottle (Set of 4)</p><p>$25.99 ($0.39 / Ounce)</p><a href="https://www.amazon.com/dp/B0C2DHCBD6?tag=eloabder-20&linkCode=osi&th=1&psc=1">View Product</a></div><div class="product"><a href="https://www.amazon.com/dp/B000S75D66?tag=eloabder-20&linkCode=osi&th=1&psc=1"><img src="https://m.media-amazon.com/images/I/41AZMaoxbWL._SL500_.jpg" alt="Product Image"></a><p>illy Ground Coffee Moka - 100% Arabica Flavored Coffee Ground - Rich Aromatic Coffee Grounds Profile – Classico Medium Roast - Notes of Caramel, Orange Blossom & Jasmine - No Preservatives – 8.8 Ounce</p><p>$13.85 ($1.57 / Ounce)</p><a href="https://www.amazon.com/dp/B000S75D66?tag=eloabder-20&linkCode=osi&th=1&psc=1">View Product</a></div><div class="product"><a href="https://www.amazon.com/dp/B0BBY6V5T3?tag=eloabder-20&linkCode=osi&th=1&psc=1"><img src="https://m.media-amazon.com/images/I/515wvEFTD7L._SL500_.jpg" alt="Product Image"></a><p>Bones Coffee Company NEW World Tour Sample Pack | Ground Coffee Beans Sampler Gift Box Set | 4 oz Pack of 5 Assorted Single-Origin Gourmet Coffee Gifts | Medium Roast Coffee Beverages (Ground)</p><p>$34.99 ($1.75 / Ounce)</p><a href="https://www.amazon.com/dp/B0BBY6V5T3?tag=eloabder-20&linkCode=osi&th=1&psc=1">View Product</a></div>

<div class="product"><a href="https://www.amazon.com/dp/B01E4C982U?tag=eloabder-20&linkCode=osi&th=1&psc=1"><img src="https://m.media-amazon.com/images/I/51nAunBrSiL._SL500_.jpg" alt="Product Image"></a><p>Green Tea leaves Sencha, JAS Certified Organic, Japanese Tea, Uji-Kyoto, 80g Bag 【YAMASAN】</p><p>$14.70 ($5.25 / Ounce)</p><a href="https://www.amazon.com/dp/B01E4C982U?tag=eloabder-20&linkCode=osi&th=1&psc=1">View Product</a></div><div class="product"><a href="https://www.amazon.com/dp/B000SARJF6?tag=eloabder-20&linkCode=osi&th=1&psc=1"><img src="https://m.media-amazon.com/images/I/51hE2hmSzuL._SL500_.jpg" alt="Product Image"></a><p>Davidson's Tea Bulk, English Breakfast, 16 Ounce</p><p>$15.99 ($1.00 / Ounce)</p><a href="https://www.amazon.com/dp/B000SARJF6?tag=eloabder-20&linkCode=osi&th=1&psc=1">View Product</a></div><div class="product"><a href="https://www.amazon.com/dp/B008FOLQRE?tag=eloabder-20&linkCode=osi&th=1&psc=1"><img src="https://m.media-amazon.com/images/I/51F0rcvhhvL._SL500_.jpg" alt="Product Image"></a><p>Traditional Medicinals Organic Raspberry Leaf Herbal Tea, Eases Menstrual Cramps & Supports Healthy Pregnancy, (Pack of 1) - 16 Tea Bags</p><p>$4.92 ($5.79 / Ounce)</p><a href="https://www.amazon.com/dp/B008FOLQRE?tag=eloabder-20&linkCode=osi&th=1&psc=1">View Product</a></div><div class="product"><a href="https://www.amazon.com/dp/B00136MKEO?tag=eloabder-20&linkCode=osi&th=1&psc=1"><img src="https://m.media-amazon.com/images/I/41Ll68Q3iLL._SL500_.jpg" alt="Product Image"></a><p>Ahmad Tea Earl Grey Aromatic Loose Tea, Ceylon Caddy, 17.6 Oz</p><p>$14.87 ($0.84 / Ounce)</p><a href="https://www.amazon.com/dp/B00136MKEO?tag=eloabder-20&linkCode=osi&th=1&psc=1">View Product</a></div><div class="product"><a href="https://www.amazon.com/dp/B087G3NQGN?tag=eloabder-20&linkCode=osi&th=1&psc=1"><img src="https://m.media-amazon.com/images/I/51wev+SayvL._SL500_.jpg" alt="Product Image"></a><p>TIAN HU SHAN Premium Green Tea Loose Leaf 16 Ounce (454g)</p><p>$14.98 ($0.94 / Ounce)</p><a href="https://www.amazon.com/dp/B087G3NQGN?tag=eloabder-20&linkCode=osi&th=1&psc=1">View Product</a></div><div class="product"><a href="https://www.amazon.com/dp/B007Y94GN2?tag=eloabder-20&linkCode=osi&th=1&psc=1"><img src="https://m.media-amazon.com/images/I/51hqdPaNJYL._SL500_.jpg" alt="Product Image"></a><p>The Tao of Tea, Hibiscus Ginger Tea, Loose Leaf, 3.0 Ounce Tin to make 50 cups</p><p>$10.90 ($3.63 / Ounce)</p><a href="https://www.amazon.com/dp/B007Y94GN2?tag=eloabder-20&linkCode=osi&th=1&psc=1">View Product</a></div><div class="product"><a href="https://www.amazon.com/dp/B0D3WN5RG3?tag=eloabder-20&linkCode=osi&th=1&psc=1"><img src="https://m.media-amazon.com/images/I/5109jIe8NoL._SL500_.jpg" alt="Product Image"></a><p>Mevlana Ceylon Tea, Loose Leaf, 1 Lbs - Best Ceylon Black Tea Leaves from Sri Lanka - Loose Leaf Black Tea</p><p>$14.99 ($0.94 / Ounce)</p><a href="https://www.amazon.com/dp/B0D3WN5RG3?tag=eloabder-20&linkCode=osi&th=1&psc=1">View Product</a></div><div class="product"><a href="https://www.amazon.com/dp/B087G345SM?tag=eloabder-20&linkCode=osi&th=1&psc=1"><img src="https://m.media-amazon.com/images/I/51gQfgKqklL._SL500_.jpg" alt="Product Image"></a><p>TIAN HU SHAN Premium Oolong Tea Loose Leaf 14 Ounce (400g)</p><p>$14.99 ($1.07 / Ounce)</p><a href="https://www.amazon.com/dp/B087G345SM?tag=eloabder-20&linkCode=osi&th=1&psc=1">View Product</a></div>
<div class="product"><a href="https://www.amazon.com/dp/B08XWVFTKS?tag=eloabder-20&linkCode=osi&th=1&psc=1"><img src="https://m.media-amazon.com/images/I/41hJk3cTdnL._SL500_.jpg" alt="Product Image"></a><p>Lindt Gourmet Chocolate Truffles Gift Box, Assorted Chocolate Truffles, Great for gift giving, 14.7 Ounces</p><p>$24.99 ($1.70 / Ounce)</p><a href="https://www.amazon.com/dp/B08XWVFTKS?tag=eloabder-20&linkCode=osi&th=1&psc=1">View Product</a></div>
<div class="product"><a href="https://www.amazon.com/dp/B0CJ3XYPV3?tag=eloabder-20&linkCode=osi&th=1&psc=1"><img src="https://m.media-amazon.com/images/I/519ufxoFyDL._SL500_.jpg" alt="Product Image"></a><p>Blue House VARIETY Handcrafted Gourmet Caramel Candies Gift Box, Maple, Raspberry, Coffee, and Sea Salt</p><p>$26.98 ($1.35 / Count)</p><a href="https://www.amazon.com/dp/B0CJ3XYPV3?tag=eloabder-20&linkCode=osi&th=1&psc=1">View Product</a></div><div class="product"><a href="https://www.amazon.com/dp/B06VW4Z7B1?tag=eloabder-20&linkCode=osi&th=1&psc=1"><img src="https://m.media-amazon.com/images/I/516NdD4b5nL._SL500_.jpg" alt="Product Image"></a><p>BALI'S BEST Coffee Candy - Original Flavor | 1lb Jar | Rich, Smooth Taste | Indulge in Gourmet Coffee Delight - For Coffee Lovers, Delicious Treat for Any Occasion</p><p>$9.87 ($0.62 / Ounce)</p><a href="https://www.amazon.com/dp/B06VW4Z7B1?tag=eloabder-20&linkCode=osi&th=1&psc=1">View Product</a></div><div class="product"><a href="https://www.amazon.com/dp/B086N119VC?tag=eloabder-20&linkCode=osi&th=1&psc=1"><img src="https://m.media-amazon.com/images/I/41xKAcovvCS._SL500_.jpg" alt="Product Image"></a><p>Cerez Pazari Turkish Delight Candy with Assorted Mix Flavours 16 oz Gourmet Medium Size Snacks Gift Box | No Nuts Sweet Luxury Traditional Confectionery Vegan Lokum Loukoumi Approx.42 Pcs</p><p>$13.49 ($0.96 / Ounce)</p><a href="https://www.amazon.com/dp/B086N119VC?tag=eloabder-20&linkCode=osi&th=1&psc=1">View Product</a></div>
<div class="product"><a href="https://www.amazon.com/dp/B07CJLPR4P?tag=eloabder-20&linkCode=osi&th=1&psc=1"><img src="https://m.media-amazon.com/images/I/41vviwnqT4L._SL500_.jpg" alt="Product Image"></a><p>Funky Chunky Gourmet Popcorn Sampler Variety Pack with all 5 flavors: Sea Salt Caramel, Nutty Choco Pop, Peanut Butter Cup, Chip Zel Pop, and Chocolate Pretzel, 2 oz (5 Bags)</p><p>$20.00 ($2.00 / Ounce)</p><a href="https://www.amazon.com/dp/B07CJLPR4P?tag=eloabder-20&linkCode=osi&th=1&psc=1">View Product</a></div><div class="product"><a href="https://www.amazon.com/dp/B0CB1Q5YQ1?tag=eloabder-20&linkCode=osi&th=1&psc=1"><img src="https://m.media-amazon.com/images/I/61Xzv3ZgRIL._SL500_.jpg" alt="Product Image"></a><p>Italian Cracker Assortment - Pack of 30 - Snack Size Cracker Packs - Great Mother's Day Gift - Gourmet Artisan Cracker Variety Pack - Rosemary, Olive, Sesame, Poppy & Sesame, Pizza Flavors - Gourmet Crackers for Charcuterie Party - Cracker Gift Box - Kosher, Preservative Free</p><p>$29.99 ($34.01 / Ounce)</p><a href="https://www.amazon.com/dp/B0CB1Q5YQ1?tag=eloabder-20&linkCode=osi&th=1&psc=1">View Product</a></div><div class="product"><a href="https://www.amazon.com/dp/B0BLMMSPLW?tag=eloabder-20&linkCode=osi&th=1&psc=1"><img src="https://m.media-amazon.com/images/I/61jdT7ZVojL._SL500_.jpg" alt="Product Image"></a><p>International Snack Box, 30 Pcs Premium Foreign Rare Snack Food Gifts with Suprise Item,European Snacks for Adults and Kids for Easter Day</p><p>$39.95 ($0.62 / Ounce)</p><a href="https://www.amazon.com/dp/B0BLMMSPLW?tag=eloabder-20&linkCode=osi&th=1&psc=1">View Product</a></div><div class="product"><a href="https://www.amazon.com/dp/B07Z9SBTTC?tag=eloabder-20&linkCode=osi&th=1&psc=1"><img src="https://m.media-amazon.com/images/I/51P13LVLpjL._SL500_.jpg" alt="Product Image"></a><p>Sahale Snacks Glazed Mix Nut Blend Variety Pack, 1.5 Oz Grab & Go Bags (12 Total Packs) - Four Different Dry-Roasted Deluxe Mixed Nuts Blends Included - Non-GMO Kosher & Certified Gluten-Free Snacks</p><p>$42.20 ($2.34 / Ounce)</p><a href="https://www.amazon.com/dp/B07Z9SBTTC?tag=eloabder-20&linkCode=osi&th=1&psc=1">View Product</a></div><div class="product"><a href="https://www.amazon.com/dp/B00LAQ4Z1I?tag=eloabder-20&linkCode=osi&th=1&psc=1"><img src="https://m.media-amazon.com/images/I/41PkJ7khWFL._SL500_.jpg" alt="Product Image"></a><p>Sheila G's Brownie Brittle – Chocolate Chip & Salted Caramel Thin and Crispy Sweet Snacks (Pack of 20, 1 oz), Rich Gourmet Brownie Bites Dessert</p><p>$29.70 ($1.48 / Ounce)</p><a href="https://www.amazon.com/dp/B00LAQ4Z1I?tag=eloabder-20&linkCode=osi&th=1&psc=1">View Product</a></div><div class="product"><a href="https://www.amazon.com/dp/B09GW1NT5C?tag=eloabder-20&linkCode=osi&th=1&psc=1"><img src="https://m.media-amazon.com/images/I/613yB5WvmhL._SL500_.jpg" alt="Product Image"></a><p>CRAVEBOX Gourmet Specialty Snacks Box Care Package Boxes for College Students Adults Healthy Cookies Bar Organic Variety Gift Pack Assortment Basket Mix Sampler Treat Final Exam Office Men Women Halloween Back to School</p><p>$36.95 ($36.95 / Count)</p><a href="https://www.amazon.com/dp/B09GW1NT5C?tag=eloabder-20&linkCode=osi&th=1&psc=1">View Product</a></div>
<div class="product"><a href="https://www.amazon.com/dp/B00MPQ5ZOS?tag=eloabder-20&linkCode=osi&th=1&psc=1"><img src="https://m.media-amazon.com/images/I/51rC2bMIM5L._SL500_.jpg" alt="Product Image"></a><p>BetterBody Foods Organic Chia Seeds 2 lbs, 32 Oz, with Omega-3, Non-GMO, Gluten Free, Keto Diet Friendly, Vegan, Good Source of Fiber</p><p>$14.26 ($0.45 / Ounce)</p><a href="https://www.amazon.com/dp/B00MPQ5ZOS?tag=eloabder-20&linkCode=osi&th=1&psc=1">View Product</a></div><div class="product"><a href="https://www.amazon.com/dp/B000R7V3DE?tag=eloabder-20&linkCode=osi&th=1&psc=1"><img src="https://m.media-amazon.com/images/I/51YhGUGB+2L._SL500_.jpg" alt="Product Image"></a><p>Pacific Foods Organic Free Range Chicken Broth, 8 oz Carton (Pack of 4)</p><p>$3.39 ($0.11 / Fl Oz)</p><a href="https://www.amazon.com/dp/B000R7V3DE?tag=eloabder-20&linkCode=osi&th=1&psc=1">View Product</a></div><div class="product"><a href="https://www.amazon.com/dp/B073ZNGZ7F?tag=eloabder-20&linkCode=osi&th=1&psc=1"><img src="https://m.media-amazon.com/images/I/51PZf9bpVIL._SL500_.jpg" alt="Product Image"></a><p>BetterBody Foods Organic Quinoa, Vegan, Complete Plant Protein, Gluten Free, Low Glycemic Rice Replacement, 24 ounce</p><p>$15.63 ($0.65 / Fl Oz)</p><a href="https://www.amazon.com/dp/B073ZNGZ7F?tag=eloabder-20&linkCode=osi&th=1&psc=1">View Product</a></div><div class="product"><a href="https://www.amazon.com/dp/B01N3365YI?tag=eloabder-20&linkCode=osi&th=1&psc=1"><img src="https://m.media-amazon.com/images/I/41N0Mk2m0pL._SL500_.jpg" alt="Product Image"></a><p>NOW Foods, Organic Pumpkin Seeds, Raw and Unsalted, Excellent Source of Protein and Iron, Certified Non-GMO, Keto-Friendly Snack, 12-Ounce (Packaging May Vary)</p><p>$6.99 ($0.58 / Ounce)</p><a href="https://www.amazon.com/dp/B01N3365YI?tag=eloabder-20&linkCode=osi&th=1&psc=1">View Product</a></div><div class="product"><a href="https://www.amazon.com/dp/B0CMW5KTLL?tag=eloabder-20&linkCode=osi&th=1&psc=1"><img src="https://m.media-amazon.com/images/I/51skmBt-7dL._SL500_.jpg" alt="Product Image"></a><p>Kate’s Real Food Organic Granola Bars - Snack & Share Variety Pack (2.2 oz, Pack of 12) - Organic Energy Bars Made with Gluten Free Oats - Non GMO, Soy Free, Whole Grains, and All Natural</p><p>$33.88 ($1.28 / Ounce)</p><a href="https://www.amazon.com/dp/B0CMW5KTLL?tag=eloabder-20&linkCode=osi&th=1&psc=1">View Product</a></div><div class="product"><a href="https://www.amazon.com/dp/B008RLUXI8?tag=eloabder-20&linkCode=osi&th=1&psc=1"><img src="https://m.media-amazon.com/images/I/51cnqntGe8L._SL500_.jpg" alt="Product Image"></a><p>Annie's Organic Variety Pack, Cheddar Bunnies, Bunny Grahams and Cheddar Squares, 12 Pouches, 11 oz</p><p>$8.49 ($0.77 / Ounce)</p><a href="https://www.amazon.com/dp/B008RLUXI8?tag=eloabder-20&linkCode=osi&th=1&psc=1">View Product</a></div><div class="product"><a href="https://www.amazon.com/dp/B01IPZUZW4?tag=eloabder-20&linkCode=osi&th=1&psc=1"><img src="https://m.media-amazon.com/images/I/51F2XkB6b5L._SL500_.jpg" alt="Product Image"></a><p>BetterBody Foods Organic Cacao Powder, Rich Chocolate Flavor, Non-GMO, Gluten-Free, Cocoa, 16 ounce, 1 lb bag</p><p>$12.27 ($0.77 / Ounce)</p><a href="https://www.amazon.com/dp/B01IPZUZW4?tag=eloabder-20&linkCode=osi&th=1&psc=1">View Product</a></div><div class="product"><a href="https://www.amazon.com/dp/B016BC50VY?tag=eloabder-20&linkCode=osi&th=1&psc=1"><img src="https://m.media-amazon.com/images/I/51yOgUaWJ1L._SL500_.jpg" alt="Product Image"></a><p>Good Sense Roasted & Salted Organic Pumpkin Seeds (Pepitas), Non-GMO & All Natural, 6 Ounce Resealable Bag</p><p>$3.99 ($0.66 / Ounce)</p><a href="https://www.amazon.com/dp/B016BC50VY?tag=eloabder-20&linkCode=osi&th=1&psc=1">View Product</a></div><div class="product"><a href="https://www.amazon.com/dp/B0B5V77FSZ?tag=eloabder-20&linkCode=osi&th=1&psc=1"><img src="https://m.media-amazon.com/images/I/41qVxhNyX6L._SL500_.jpg" alt="Product Image"></a><p>Pacific Foods Organic Chicken and Wild Rice Soup, 16.3 oz Can</p><p>$2.87 ($0.18 / Ounce)</p><a href="https://www.amazon.com/dp/B0B5V77FSZ?tag=eloabder-20&linkCode=osi&th=1&psc=1">View Product</a></div>
<div class="product"><a href="https://www.amazon.com/dp/B00CBX8F3I?tag=eloabder-20&linkCode=osi&th=1&psc=1"><img src="https://m.media-amazon.com/images/I/51YgGi3uXNL._SL500_.jpg" alt="Product Image"></a><p>Glutino Gluten Free Table Crackers, Premium Squares, Original, 7 oz</p><p>$3.13 ($0.45 / Ounce)</p><a href="https://www.amazon.com/dp/B00CBX8F3I?tag=eloabder-20&linkCode=osi&th=1&psc=1">View Product</a></div><div class="product"><a href="https://www.amazon.com/dp/B0C64N6ZTC?tag=eloabder-20&linkCode=osi&th=1&psc=1"><img src="https://m.media-amazon.com/images/I/41jSEFaAtWL._SL500_.jpg" alt="Product Image"></a><p>Katz Gluten Free Toaster Pastries. Strawberry. Easy Breakfast Food Or Anytime Healthy Snacks For Adults & Kids. Gluten Free Snacks. Dairy Free, Nut Free, Peanut Free, Soy Free. Snacks For Adults Kosher Snacks. 8 OZ (Pack Of 2</p><p>$12.97 ($0.81 / Ounce)</p><a href="https://www.amazon.com/dp/B0C64N6ZTC?tag=eloabder-20&linkCode=osi&th=1&psc=1">View Product</a></div><div class="product"><a href="https://www.amazon.com/dp/B006OIWD7U?tag=eloabder-20&linkCode=osi&th=1&psc=1"><img src="https://m.media-amazon.com/images/I/51fcMhMMuFL._SL500_.jpg" alt="Product Image"></a><p>Kinnikinnick Gluten Free Angel Food Cake Mix, 16 Ounce</p><p>$9.00 ($0.56 / Ounce)</p><a href="https://www.amazon.com/dp/B006OIWD7U?tag=eloabder-20&linkCode=osi&th=1&psc=1">View Product</a></div><div class="product"><a href="https://www.amazon.com/dp/B00HKIBKQS?tag=eloabder-20&linkCode=osi&th=1&psc=1"><img src="https://m.media-amazon.com/images/I/41vcEf0YqVL._SL500_.jpg" alt="Product Image"></a><p>Lotus Foods Bulk Food Organic Millet & Brown Rice Ramen Noodles with Red Miso Soup, Gluten-Free Easy to Cook & Healthy Japanese Noodles with Instant Gourmet Broth, 2.8 Oz (Pack of 10)</p><p>$23.90 ($0.85 / Ounce)</p><a href="https://www.amazon.com/dp/B00HKIBKQS?tag=eloabder-20&linkCode=osi&th=1&psc=1">View Product</a></div><div class="product"><a href="https://www.amazon.com/dp/B09P8VQ62R?tag=eloabder-20&linkCode=osi&th=1&psc=1"><img src="https://m.media-amazon.com/images/I/517vF20bKYL._SL500_.jpg" alt="Product Image"></a><p>Gluten Free Sugar Free Butter Cookies 36 Count Traditional Danish Cookies, Premium Assorted Shortbread cookies for Diabetics (1 Pk, 11 Ounce)</p><p>$13.99 ($1.27 / Ounce)</p><a href="https://www.amazon.com/dp/B09P8VQ62R?tag=eloabder-20&linkCode=osi&th=1&psc=1">View Product</a></div><div class="product"><a href="https://www.amazon.com/dp/B07QFY8KVJ?tag=eloabder-20&linkCode=osi&th=1&psc=1"><img src="https://m.media-amazon.com/images/I/41A8K3x-WKL._SL500_.jpg" alt="Product Image"></a><p>Double Yolk Gluten Free Medium Egg Noodles,10 Ounce Bag (Pack of 2)</p><p>$20.00 ($1.00 / Ounce)</p><a href="https://www.amazon.com/dp/B07QFY8KVJ?tag=eloabder-20&linkCode=osi&th=1&psc=1">View Product</a></div><div class="product"><a href="https://www.amazon.com/dp/B017QPT0P2?tag=eloabder-20&linkCode=osi&th=1&psc=1"><img src="https://m.media-amazon.com/images/I/41bJSGh8ocS._SL500_.jpg" alt="Product Image"></a><p>Mom's Gluten Free Angel Food Cake Mix,1-Pack, Easy to Make, 12 Servings, Non GMO Delicious and Healthy Gluten Free Desserts</p><p>$9.99 ($0.55 / Ounce)</p><a href="https://www.amazon.com/dp/B017QPT0P2?tag=eloabder-20&linkCode=osi&th=1&psc=1">View Product</a></div>
<div class="product"><a href="https://www.amazon.com/dp/B08QG24L5V?tag=eloabder-20&linkCode=osi&th=1&psc=1"><img src="https://m.media-amazon.com/images/I/61+-HZ1es-L._SL500_.jpg" alt="Product Image"></a><p>Hellmann's Vegan Dressing and Spread Vegan 3 Ct for a Rich, Creamy Plant-Based Alternative to Mayo Same Great Taste, Plant Based, Free From Eggs 11.5 oz</p><p>$13.47 ($0.39 / Fl Oz)</p><a href="https://www.amazon.com/dp/B08QG24L5V?tag=eloabder-20&linkCode=osi&th=1&psc=1">View Product</a></div><div class="product"><a href="https://www.amazon.com/dp/B07PQ9D3WP?tag=eloabder-20&linkCode=osi&th=1&psc=1"><img src="https://m.media-amazon.com/images/I/519WO4YN0lL._SL500_.jpg" alt="Product Image"></a><p>Kapka Assorted Variety Indian Meals - 5 Pack - Ready to Eat Authentic Vegan Prepared Food - Just Add Water - Microwaveable Plant-Based Snacks for Breakfast, Lunch, Non-GMO, No Additives - 3.5oz Each</p><p>$22.99 ($1.31 / Ounce)</p><a href="https://www.amazon.com/dp/B07PQ9D3WP?tag=eloabder-20&linkCode=osi&th=1&psc=1">View Product</a></div><div class="product"><a href="https://www.amazon.com/dp/B093TNJY8D?tag=eloabder-20&linkCode=osi&th=1&psc=1"><img src="https://m.media-amazon.com/images/I/51imOXudzIL._SL500_.jpg" alt="Product Image"></a><p>TASTY BITE Mexican Protein Bowl, 8.8 Ounce, Pack of 6, Ready to Eat, Microwaveable, Vegan, 12g Plant Protein, Tangy Citrus</p><p>$21.96 ($0.42 / Ounce)</p><a href="https://www.amazon.com/dp/B093TNJY8D?tag=eloabder-20&linkCode=osi&th=1&psc=1">View Product</a></div><div class="product"><a href="https://www.amazon.com/dp/B0B23VJWWN?tag=eloabder-20&linkCode=osi&th=1&psc=1"><img src="https://m.media-amazon.com/images/I/519YN5vy+eL._SL500_.jpg" alt="Product Image"></a><p>Casa Verde | Variety flavours, 100% Natural food, Pack of 4, Real taste | 100% vegan & Non-GMO, Plant based, No preservatives</p><p>$26.99 ($0.77 / Ounce)</p><a href="https://www.amazon.com/dp/B0B23VJWWN?tag=eloabder-20&linkCode=osi&th=1&psc=1">View Product</a></div><div class="product"><a href="https://www.amazon.com/dp/B071JLJ9Q8?tag=eloabder-20&linkCode=osi&th=1&psc=1"><img src="https://m.media-amazon.com/images/I/51iqkJ5JbAL._SL500_.jpg" alt="Product Image"></a><p>Vegan Snacks Gift Basket for Adults Healthy Food Treats Variety Pack with Cookies, Protein Bars, Candy, Crispy Chips, Vegan Jerky, Fruit and Nut Blends - Ideal Vegan Snack Box Gift for Women & Men</p><p>$42.99 ($2.15 / Count)</p><a href="https://www.amazon.com/dp/B071JLJ9Q8?tag=eloabder-20&linkCode=osi&th=1&psc=1">View Product</a></div><div class="product"><a href="https://www.amazon.com/dp/B086PDWSNC?tag=eloabder-20&linkCode=osi&th=1&psc=1"><img src="https://m.media-amazon.com/images/I/51WO5dIKDjL._SL500_.jpg" alt="Product Image"></a><p>Kitchen & Love Best Sellers Variety Box 6-Pack | Vegan, Ready-to-Eat, No Refrigeration Required | Plant-Based, Gourmet Flavors</p><p>$27.99 ($0.59 / Ounce)</p><a href="https://www.amazon.com/dp/B086PDWSNC?tag=eloabder-20&linkCode=osi&th=1&psc=1">View Product</a></div><div class="product"><a href="https://www.amazon.com/dp/B08QG3CRNP?tag=eloabder-20&linkCode=osi&th=1&psc=1"><img src="https://m.media-amazon.com/images/I/617B3UIbxHL._SL500_.jpg" alt="Product Image"></a><p>Best Foods Vegan Dressing and Spread Vegan 1 ct for a Rich, Creamy Plant-Based Alternative to Mayo Same Great Taste, Plant Based, Free From Eggs 11.5 oz</p><p>$5.59 ($0.49 / Fl Oz)</p><a href="https://www.amazon.com/dp/B08QG3CRNP?tag=eloabder-20&linkCode=osi&th=1&psc=1">View Product</a></div><div class="product"><a href="https://www.amazon.com/dp/B09874VXSX?tag=eloabder-20&linkCode=osi&th=1&psc=1"><img src="https://m.media-amazon.com/images/I/51dRBp+9AzS._SL500_.jpg" alt="Product Image"></a><p>VEGAN VALLEY Cashew Nacho Cheeze Sauce, 14.5 oz - Shelf Stable, Tangy Vegan Nacho Cheeze -Certified Gluten-Free, Kosher, Dairy Free Cheeze -Non-GMO Plant-Based Cheeze Great As Vegan Pasta Sauce, Dip</p><p>$12.97 ($0.89 / Ounce)</p><a href="https://www.amazon.com/dp/B09874VXSX?tag=eloabder-20&linkCode=osi&th=1&psc=1">View Product</a></div><div class="product"><a href="https://www.amazon.com/dp/B076XR11WH?tag=eloabder-20&linkCode=osi&th=1&psc=1"><img src="https://m.media-amazon.com/images/I/41cpFCG2iiL._SL500_.jpg" alt="Product Image"></a><p>NOOCH IT! Fair Trade Dairy-Free Cashew Grated Cheeze | Vegan Parmesan ● Tasty Cheese Alternative | 4oz (Vegan "Parm", Gluten-Free)</p><p>$10.99 ($2.75 / Ounce)</p><a href="https://www.amazon.com/dp/B076XR11WH?tag=eloabder-20&linkCode=osi&th=1&psc=1">View Product</a></div>
<div class="product"><a href="https://www.amazon.com/dp/B09GFBR6MW?tag=eloabder-20&linkCode=osi&th=1&psc=1"><img src="https://m.media-amazon.com/images/I/51Jn8cqk0AL._SL500_.jpg" alt="Product Image"></a><p>Keto Almond Flour Crackers Variety Pack - Gluten Free, Low Carb, No Sugar</p><p>$14.99 ($2.22 / Ounce)</p><a href="https://www.amazon.com/dp/B09GFBR6MW?tag=eloabder-20&linkCode=osi&th=1&psc=1">View Product</a></div><div class="product"><a href="https://www.amazon.com/dp/B07TYW7CQ8?tag=eloabder-20&linkCode=osi&th=1&psc=1"><img src="https://m.media-amazon.com/images/I/51HQ0o0qxrL._SL500_.jpg" alt="Product Image"></a><p>Tillamook Country Smoker Keto Friendly Zero Sugar Smoked Sausages, Original, 10 Ounce</p><p>$11.49 ($1.15 / Ounce)</p><a href="https://www.amazon.com/dp/B07TYW7CQ8?tag=eloabder-20&linkCode=osi&th=1&psc=1">View Product</a></div><div class="product"><a href="https://www.amazon.com/dp/B09VXNV7ZZ?tag=eloabder-20&linkCode=osi&th=1&psc=1"><img src="https://m.media-amazon.com/images/I/51GQQjKLByL._SL500_.jpg" alt="Product Image"></a><p>Keto Strawberry Jam, No Sugar Added - Monk Fruit Sweetened, Gluten Free Spread from ChocZero, 12 oz</p><p>$9.99 ($0.83 / Ounce)</p><a href="https://www.amazon.com/dp/B09VXNV7ZZ?tag=eloabder-20&linkCode=osi&th=1&psc=1">View Product</a></div><div class="product"><a href="https://www.amazon.com/dp/B09GJ1RDS8?tag=eloabder-20&linkCode=osi&th=1&psc=1"><img src="https://m.media-amazon.com/images/I/61fQrPm63ML._SL500_.jpg" alt="Product Image"></a><p>Ratio Soft Baked Bars, Chocolate Brownie, 1g Sugar, Keto Friendly, 5.34 OZ (6 Bars)</p><p>$7.43 ($1.39 / Ounce)</p><a href="https://www.amazon.com/dp/B09GJ1RDS8?tag=eloabder-20&linkCode=osi&th=1&psc=1">View Product</a></div><div class="product"><a href="https://www.amazon.com/dp/B08ZS5VQ4P?tag=eloabder-20&linkCode=osi&th=1&psc=1"><img src="https://m.media-amazon.com/images/I/41bWBXP6BWL._SL500_.jpg" alt="Product Image"></a><p>Legendary Foods 20 gr Protein Pastry - Low Carb Tasty Protein Bar Alternative, Keto Friendly, No Sugar Added High Protein Breakfast Snacks, Gluten Free Keto Food - Brown Sugar Cinnamon (8-Pack)</p><p>$24.95 ($1.42 / Ounce)</p><a href="https://www.amazon.com/dp/B08ZS5VQ4P?tag=eloabder-20&linkCode=osi&th=1&psc=1">View Product</a></div><div class="product"><a href="https://www.amazon.com/dp/B08SHZGKD9?tag=eloabder-20&linkCode=osi&th=1&psc=1"><img src="https://m.media-amazon.com/images/I/51z4hGA4oGL._SL500_.jpg" alt="Product Image"></a><p>ChocZero Milk Chocolate Hazelnut Spread - Keto Friendly, No Sugar Added, Best Low Carb Dessert, Perfect Topping for Almond Flour Pancakes, Naturally Sweetened with Monk Fruit (1 jar, 12 oz)</p><p>$9.59 ($0.80 / Ounce)</p><a href="https://www.amazon.com/dp/B08SHZGKD9?tag=eloabder-20&linkCode=osi&th=1&psc=1">View Product</a></div><div class="product"><a href="https://www.amazon.com/dp/B078YD277Z?tag=eloabder-20&linkCode=osi&th=1&psc=1"><img src="https://m.media-amazon.com/images/I/413KVQlVNYL._SL500_.jpg" alt="Product Image"></a><p>Twin Peaks Low Carb, Keto Friendly Protein Puffs, Nacho Cheese (300g, 21g Protein, 2g Carbs)</p><p>$26.98 ($2.55 / Ounce)</p><a href="https://www.amazon.com/dp/B078YD277Z?tag=eloabder-20&linkCode=osi&th=1&psc=1">View Product</a></div><div class="product"><a href="https://www.amazon.com/dp/B09HYCR8H8?tag=eloabder-20&linkCode=osi&th=1&psc=1"><img src="https://m.media-amazon.com/images/I/51-9H1RUjjL._SL500_.jpg" alt="Product Image"></a><p>Ratio Coconut Almond Granola Cereal, 1g Sugar, Keto Friendly, 8 OZ Resealable Cereal Bag</p><p>$6.98 ($0.87 / Ounce)</p><a href="https://www.amazon.com/dp/B09HYCR8H8?tag=eloabder-20&linkCode=osi&th=1&psc=1">View Product</a></div><div class="product"><a href="https://www.amazon.com/dp/B09L78DG1T?tag=eloabder-20&linkCode=osi&th=1&psc=1"><img src="https://m.media-amazon.com/images/I/41zLTQtCMFL._SL500_.jpg" alt="Product Image"></a><p>Keto Biscuit Zero Carb Mix - Keto and Gluten Free Biscuit Baking Mix - 0g Net Carbs Per Biscuit - Sweetened with Allulose - No Erythritol, Easy to Bake - No Sugar Alcohols - No Nut Flours - Makes 12 Biscuits (23g Mix)</p><p>$12.99 ($1.33 / Ounce)</p><a href="https://www.amazon.com/dp/B09L78DG1T?tag=eloabder-20&linkCode=osi&th=1&psc=1">View Product</a></div>
<div class="product"><a href="https://www.amazon.com/dp/B07D3NS8NW?tag=eloabder-20&linkCode=osi&th=1&psc=1"><img src="https://m.media-amazon.com/images/I/5119qXbMHbL._SL500_.jpg" alt="Product Image"></a><p>Chomps Grass-Fed and Finished Original Beef Jerky Snack Sticks 10-Pack - Keto, Paleo, Whole30, 10g Lean Meat Protein, Gluten-Free, Zero Sugar Food, Non-GMO</p><p>$23.99 ($2.09 / Ounce)</p><a href="https://www.amazon.com/dp/B07D3NS8NW?tag=eloabder-20&linkCode=osi&th=1&psc=1">View Product</a></div><div class="product"><a href="https://www.amazon.com/dp/B01MD0T6G0?tag=eloabder-20&linkCode=osi&th=1&psc=1"><img src="https://m.media-amazon.com/images/I/410g9hhT61L._SL500_.jpg" alt="Product Image"></a><p>Paleo Powder Autoimmune Protocol All Purpose Seasoning | The Original Paleo Aip Seasoning Great for All Paleo Diets | Certified Keto Food, Paleo Whole 30, Aip Food, Gluten Free Seasoning</p><p>$10.99 ($2.75 / Ounce)</p><a href="https://www.amazon.com/dp/B01MD0T6G0?tag=eloabder-20&linkCode=osi&th=1&psc=1">View Product</a></div><div class="product"><a href="https://www.amazon.com/dp/B0844YJVX3?tag=eloabder-20&linkCode=osi&th=1&psc=1"><img src="https://m.media-amazon.com/images/I/51ejTPkppoL._SL500_.jpg" alt="Product Image"></a><p>Kevin's Natural Foods Paleo Simmer Sauce Variety Pack - Stir-Fry Sauce, Gluten Free, No Preservatives, Non-GMO - 3 Pack (Teriyaki/Thai Coconut/Korean BBQ)</p><p>$15.00 ($0.71 / Ounce)</p><a href="https://www.amazon.com/dp/B0844YJVX3?tag=eloabder-20&linkCode=osi&th=1&psc=1">View Product</a></div><div class="product"><a href="https://www.amazon.com/dp/B097CGVXGZ?tag=eloabder-20&linkCode=osi&th=1&psc=1"><img src="https://m.media-amazon.com/images/I/51q6lfDMpKL._SL500_.jpg" alt="Product Image"></a><p>Thunderbird Real Food Bars - Gluten Free, Paleo, Vegan Snack Food Bar Variety Pack - 102 Ounce</p><p>$18.99 ($1.86 / Ounce)</p><a href="https://www.amazon.com/dp/B097CGVXGZ?tag=eloabder-20&linkCode=osi&th=1&psc=1">View Product</a></div><div class="product"><a href="https://www.amazon.com/dp/B07B6N46RZ?tag=eloabder-20&linkCode=osi&th=1&psc=1"><img src="https://m.media-amazon.com/images/I/51VZNI8wYuL._SL500_.jpg" alt="Product Image"></a><p>Caveman Foods Dark Chocolate Almond Coconut (12 Count Box) 1.4 Ounce, Nutrition Bar , NON GMO, GULTEN Free, Paleo Friendly Dark Coconut Dark Chocolate Coconut bars</p><p>$18.55 ($1.10 / Ounce)</p><a href="https://www.amazon.com/dp/B07B6N46RZ?tag=eloabder-20&linkCode=osi&th=1&psc=1">View Product</a></div><div class="product"><a href="https://www.amazon.com/dp/B07TBB5XBT?tag=eloabder-20&linkCode=osi&th=1&psc=1"><img src="https://m.media-amazon.com/images/I/41C-Kn4zXqL._SL500_.jpg" alt="Product Image"></a><p>Paleo AIP Seasoned Breading Mix | Cassava Root with AIP Seasoning Paleo Mix for all Paleo Diets | Certified Keto Food, Gluten Free, No MSG, No Additives, No Anti-Caking Agents, No Added Sugar.</p><p>$11.99 ($1.50 / Ounce)</p><a href="https://www.amazon.com/dp/B07TBB5XBT?tag=eloabder-20&linkCode=osi&th=1&psc=1">View Product</a></div><div class="product"><a href="https://www.amazon.com/dp/B01II47Y94?tag=eloabder-20&linkCode=osi&th=1&psc=1"><img src="https://m.media-amazon.com/images/I/51qQs0vK2+L._SL500_.jpg" alt="Product Image"></a><p>Bearded Brothers Organic Vegan Protein Energy Bars - Gluten & Soy Free Paleo | Non GMO, Low Glycemic, Plant Based Protein, High Fiber | 12pk Six Flavor Variety</p><p>$30.99 ($1.70 / Ounce)</p><a href="https://www.amazon.com/dp/B01II47Y94?tag=eloabder-20&linkCode=osi&th=1&psc=1">View Product</a></div><div class="product"><a href="https://www.amazon.com/dp/B081XYV62N?tag=eloabder-20&linkCode=osi&th=1&psc=1"><img src="https://m.media-amazon.com/images/I/61EH9U076rL._SL500_.jpg" alt="Product Image"></a><p>Paleo Snacks Variety Pack for Adult | Healthy Snack Box [25 Count] Holiday Gift Basket Gluten Free | Mix of Whole Foods, Protein Bars, Crackers, Chips, Puffs, Fruit & Nuts by Snack Attack</p><p>$51.99</p><a href="https://www.amazon.com/dp/B081XYV62N?tag=eloabder-20&linkCode=osi&th=1&psc=1">View Product</a></div><div class="product"><a href="https://www.amazon.com/dp/B07NXF79QB?tag=eloabder-20&linkCode=osi&th=1&psc=1"><img src="https://m.media-amazon.com/images/I/41+l-WTpxlL._SL500_.jpg" alt="Product Image"></a><p>BetterBody Foods Avocado Oil Mayonnaise, Non-GMO Mayo Spread Made with Cage-Free Eggs, Paleo (15 Ounces)</p><p>$7.98 ($0.53 / Fl Oz)</p><a href="https://www.amazon.com/dp/B07NXF79QB?tag=eloabder-20&linkCode=osi&th=1&psc=1">View Product</a></div>
<div class="product"><a href="https://www.amazon.com/dp/B08R6DZXYV?tag=eloabder-20&linkCode=osi&th=1&psc=1"><img src="https://m.media-amazon.com/images/I/514+AzE-ZdL._SL500_.jpg" alt="Product Image"></a><p>The Only Bean - Crunchy Roasted Edamame Beans (Sea Salt) - Keto Snacks (2g Net) - High Protein Healthy Snacks (14g Protein) - Low Carb & Calorie, Gluten-Free Snack, Vegan Food - 4 oz (3 Pack)</p><p>$13.97 ($1.16 / Ounce)</p><a href="https://www.amazon.com/dp/B08R6DZXYV?tag=eloabder-20&linkCode=osi&th=1&psc=1">View Product</a></div><div class="product"><a href="https://www.amazon.com/dp/B081K2H9MT?tag=eloabder-20&linkCode=osi&th=1&psc=1"><img src="https://m.media-amazon.com/images/I/51AY70sTn+L._SL500_.jpg" alt="Product Image"></a><p>Natural Heaven Hearts of Palm Pasta, Angel Hair Noodles - Low Carb Pasta, Gluten-Free, Paleo, Keto Pasta Noodles, Plant-Based Healthy Food, 9 Oz</p><p>$7.98 ($0.89 / Ounce)</p><a href="https://www.amazon.com/dp/B081K2H9MT?tag=eloabder-20&linkCode=osi&th=1&psc=1">View Product</a></div><div class="product"><a href="https://www.amazon.com/dp/B010LWGDMA?tag=eloabder-20&linkCode=osi&th=1&psc=1"><img src="https://m.media-amazon.com/images/I/51a0+d-4GQL._SL500_.jpg" alt="Product Image"></a><p>Atkins Endulge Caramel Nut Chew Bar, Dessert Favorite, 1g Sugar, Good Source of Fiber, Low Sugar, 10 Count</p><p>$12.49 ($1.04 / Ounce)</p><a href="https://www.amazon.com/dp/B010LWGDMA?tag=eloabder-20&linkCode=osi&th=1&psc=1">View Product</a></div><div class="product"><a href="https://www.amazon.com/dp/B092L4RYLD?tag=eloabder-20&linkCode=osi&th=1&psc=1"><img src="https://m.media-amazon.com/images/I/51OTsRP+TZL._SL500_.jpg" alt="Product Image"></a><p>Legendary Foods 20 gr Protein Pastry, Low Carb, Tasty Protein Bar Alternative, Keto Friendly, No Sugar Added, High Protein Breakfast Snacks, Gluten Free Keto Food - Hot Fudge (8-Pack)</p><p>$26.99 ($1.53 / Ounce)</p><a href="https://www.amazon.com/dp/B092L4RYLD?tag=eloabder-20&linkCode=osi&th=1&psc=1">View Product</a></div><div class="product"><a href="https://www.amazon.com/dp/B0B3YG1RSV?tag=eloabder-20&linkCode=osi&th=1&psc=1"><img src="https://m.media-amazon.com/images/I/419gDC2KO3L._SL500_.jpg" alt="Product Image"></a><p>King Arthur Baking Keto Pizza Crust Mix, 1g Net Carbs Per Serving, Low Carb & Keto Friendly, 10.25 oz</p><p>$5.49 ($0.54 / Ounce)</p><a href="https://www.amazon.com/dp/B0B3YG1RSV?tag=eloabder-20&linkCode=osi&th=1&psc=1">View Product</a></div><div class="product"><a href="https://www.amazon.com/dp/B0CJ5MXM5F?tag=eloabder-20&linkCode=osi&th=1&psc=1"><img src="https://m.media-amazon.com/images/I/51sa1DKliOL._SL500_.jpg" alt="Product Image"></a><p>BeyondTwistz Low Carb Pretzels, Garlic Butter, Keto Friendly, 2g Net Carbs, 18g Protein, Powered By HealthSense® High Fiber Wheat Flour, Family Size 8oz Bag, Pack of 1</p><p>$12.99 ($1.62 / Ounce)</p><a href="https://www.amazon.com/dp/B0CJ5MXM5F?tag=eloabder-20&linkCode=osi&th=1&psc=1">View Product</a></div><div class="product"><a href="https://www.amazon.com/dp/B0C95KJ8K6?tag=eloabder-20&linkCode=osi&th=1&psc=1"><img src="https://m.media-amazon.com/images/I/51mYAdV0dDL._SL500_.jpg" alt="Product Image"></a><p>Mr. Tortilla Low Carb Keto Soft Taco Shells, Vegan Healthy Snacks & Bread Alternative, 1 Net Carb 15 Calories Delicious Small Batch Kosher Wraps -(Multigrain, 12 Count)</p><p>$5.99 ($0.50 / Count)</p><a href="https://www.amazon.com/dp/B0C95KJ8K6?tag=eloabder-20&linkCode=osi&th=1&psc=1">View Product</a></div>
<div class="product"><a href="https://www.amazon.com/dp/B0B7S2CQ8L?tag=eloabder-20&linkCode=osi&th=1&psc=1"><img src="https://m.media-amazon.com/images/I/41MUr4yS1EL._SL500_.jpg" alt="Product Image"></a><p>Legendary Foods High Protein Snack - Chocolate Sweet Roll, 20 Gr Protein Bar Alternative, Low Carb Food, Low Sugar - Gluten Free Keto Breakfast Snacks, Healthy Chocolate Flavored Rolls (10-pack)</p><p>$33.99 ($1.44 / Ounce)</p><a href="https://www.amazon.com/dp/B0B7S2CQ8L?tag=eloabder-20&linkCode=osi&th=1&psc=1">View Product</a></div><div class="product"><a href="https://www.amazon.com/dp/B0B2N5GHMG?tag=eloabder-20&linkCode=osi&th=1&psc=1"><img src="https://m.media-amazon.com/images/I/61SWf5ZeiCL._SL500_.jpg" alt="Product Image"></a><p>The Only Bean Crunchy Roasted Edamame - Healthy Snacks for Adults and Kids (Variety Pack), Low Calorie & Carb Keto Snack Food, Vegan Gluten Free High Protein Snacks (11g), Office Snack, 0.9oz 24 pack</p><p>$28.97 ($1.34 / Ounce)</p><a href="https://www.amazon.com/dp/B0B2N5GHMG?tag=eloabder-20&linkCode=osi&th=1&psc=1">View Product</a></div><div class="product"><a href="https://www.amazon.com/dp/B0CZT2LPZJ?tag=eloabder-20&linkCode=osi&th=1&psc=1"><img src="https://m.media-amazon.com/images/I/41XWEdSgdDL._SL500_.jpg" alt="Product Image"></a><p>Crisp Power High Protein Pretzel Crisps - 6 Pack x 1.75 oz Crunchy & Flavorful Plant-Based Snack. No Sugar, 28g Protein Per Pack in 3 Savory Flavors, Vegan, Keto Friendly, Non-GMO, Kosher Non-Dairy (1.75 Ounce (Pack of 6), Everything)</p><p>$19.90 ($1.88 / Ounce)</p><a href="https://www.amazon.com/dp/B0CZT2LPZJ?tag=eloabder-20&linkCode=osi&th=1&psc=1">View Product</a></div><div class="product"><a href="https://www.amazon.com/dp/B09GLBLPYG?tag=eloabder-20&linkCode=osi&th=1&psc=1"><img src="https://m.media-amazon.com/images/I/51i+PQS9qVL._SL500_.jpg" alt="Product Image"></a><p>Quest Nutrition Tortilla Style Protein Chips Variety Pack, Chili Lime, Nacho Cheese, Loaded Taco, Low Carb, High Protein, Gluten Free, 1.1 oz (Pack of 12)</p><p>$29.99 ($2.27 / Ounce)</p><a href="https://www.amazon.com/dp/B09GLBLPYG?tag=eloabder-20&linkCode=osi&th=1&psc=1">View Product</a></div><div class="product"><a href="https://www.amazon.com/dp/B086CHT1TM?tag=eloabder-20&linkCode=osi&th=1&psc=1"><img src="https://m.media-amazon.com/images/I/519WyQYsN0L._SL500_.jpg" alt="Product Image"></a><p>Quest Nutrition Lemon Cake Protein Bars, High Protein, Low Carb, Gluten Free, Keto Friendly, 12 Count (Pack of 1)</p><p>$22.99 ($0.90 / Ounce)</p><a href="https://www.amazon.com/dp/B086CHT1TM?tag=eloabder-20&linkCode=osi&th=1&psc=1">View Product</a></div>
<div class="product"><a href="https://www.amazon.com/dp/B093CGRM2T?tag=eloabder-20&linkCode=osi&th=1&psc=1"><img src="https://m.media-amazon.com/images/I/41HZ8Kc174L._SL500_.jpg" alt="Product Image"></a><p>Farmers' Market Charcuterie Gift for Summer, Wisconsin Cheese, Hickory Smoked Meat, Shelf Stable, Gourmet Meat and Cheese Platter, Small Spicy</p><p>$29.99</p><a href="https://www.amazon.com/dp/B093CGRM2T?tag=eloabder-20&linkCode=osi&th=1&psc=1">View Product</a></div>

Aucun résultat trouvé.
<div class="product"><a href="https://www.amazon.com/dp/B07BQXJ123?tag=eloabder-20&linkCode=osi&th=1&psc=1"><img src="https://m.media-amazon.com/images/I/41h4IsgjbZL._SL500_.jpg" alt="Product Image"></a><p>Squirrel Brand Sweet Brown Butter Cashews, 3.5 Ounces Resealable Bag, Gluten Free, Vegetarian</p><p>$2.74 ($0.78 / Fl Oz)</p><a href="https://www.amazon.com/dp/B07BQXJ123?tag=eloabder-20&linkCode=osi&th=1&psc=1">View Product</a></div><div class="product"><a href="https://www.amazon.com/dp/B003P02EGU?tag=eloabder-20&linkCode=osi&th=1&psc=1"><img src="https://m.media-amazon.com/images/I/51aUMBXF71L._SL500_.jpg" alt="Product Image"></a><p>Sparkling Ice, Black Raspberry Sparkling Water, Zero Sugar Flavored Water, with Vitamins and Antioxidants, Low Calorie Beverage, 17 fl oz Bottles (Pack of 12)</p><p>$9.98 ($0.05 / Fl Oz)</p><a href="https://www.amazon.com/dp/B003P02EGU?tag=eloabder-20&linkCode=osi&th=1&psc=1">View Product</a></div><div class="product"><a href="https://www.amazon.com/dp/B0C6RG22VN?tag=eloabder-20&linkCode=osi&th=1&psc=1"><img src="https://m.media-amazon.com/images/I/31fjAuuWWNL._SL500_.jpg" alt="Product Image"></a><p>Bauducco Vanilla Wafers - Crispy Wafer Cookies With 3 Delicious, Indulgent, Decadent Layers of Vanilla Flavored Cream - Delicious Sweet Snack or Desert - 5.0 oz (Pack of 1)</p><p>$1.59 ($0.32 / Ounce)</p><a href="https://www.amazon.com/dp/B0C6RG22VN?tag=eloabder-20&linkCode=osi&th=1&psc=1">View Product</a></div><div class="product"><a href="https://www.amazon.com/dp/B09W5ZVDD2?tag=eloabder-20&linkCode=osi&th=1&psc=1"><img src="https://m.media-amazon.com/images/I/41SSfHVmdrL._SL500_.jpg" alt="Product Image"></a><p>Cinnamon Toast Crunch Creamy Cinnamon Spread, 10 Ounce</p><p>$2.48 ($0.25 / Ounce)</p><a href="https://www.amazon.com/dp/B09W5ZVDD2?tag=eloabder-20&linkCode=osi&th=1&psc=1">View Product</a></div><div class="product"><a href="https://www.amazon.com/dp/B00L2MWLMK?tag=eloabder-20&linkCode=osi&th=1&psc=1"><img src="https://m.media-amazon.com/images/I/51dBawJ2u9L._SL500_.jpg" alt="Product Image"></a><p>Duncan Hines Dark Chocolate Fudge Brownie Mix, 18.2 OZ</p><p>$1.54 ($0.08 / Ounce)</p><a href="https://www.amazon.com/dp/B00L2MWLMK?tag=eloabder-20&linkCode=osi&th=1&psc=1">View Product</a></div><div class="product"><a href="https://www.amazon.com/dp/B004M15U12?tag=eloabder-20&linkCode=osi&th=1&psc=1"><img src="https://m.media-amazon.com/images/I/51WF3t7pADL._SL500_.jpg" alt="Product Image"></a><p>PLANTERS Deluxe Salted Whole Cashews, Party Snacks, Plant-Based Protein, Quick Snack for Adults, After School Snack, Roasted Cashew Flavored with Sea Salt, Bulk Nuts, Kosher, 1 lb 2.25oz Canister</p><p>$9.98 ($0.55 / Ounce)</p><a href="https://www.amazon.com/dp/B004M15U12?tag=eloabder-20&linkCode=osi&th=1&psc=1">View Product</a></div><div class="product"><a href="https://www.amazon.com/dp/B078J62RYJ?tag=eloabder-20&linkCode=osi&th=1&psc=1"><img src="https://m.media-amazon.com/images/I/51AXLNUF66L._SL500_.jpg" alt="Product Image"></a><p>PLANTERS Deluxe Mixed Nuts, Cashews, Almonds, Pecans, Pistachios, Hazelnuts, Roasted with Sea Salt, Party Snacks, Plant-Based Protein, Quick Snack for Adults, After School Snack, 27oz Container</p><p>$17.51 ($0.65 / Ounce)</p><a href="https://www.amazon.com/dp/B078J62RYJ?tag=eloabder-20&linkCode=osi&th=1&psc=1">View Product</a></div><div class="product"><a href="https://www.amazon.com/dp/B0BSB1D65T?tag=eloabder-20&linkCode=osi&th=1&psc=1"><img src="https://m.media-amazon.com/images/I/51u9sSRdlIL._SL500_.jpg" alt="Product Image"></a><p>PLANTERS Cashews Cinnamon & Brown Sugar, Party Snacks, 5 Oz Bag</p><p>$3.50 ($0.70 / Ounce)</p><a href="https://www.amazon.com/dp/B0BSB1D65T?tag=eloabder-20&linkCode=osi&th=1&psc=1">View Product</a></div><div class="product"><a href="https://www.amazon.com/dp/B0BN4LZ5P3?tag=eloabder-20&linkCode=osi&th=1&psc=1"><img src="https://m.media-amazon.com/images/I/51OLBHQEeSL._SL500_.jpg" alt="Product Image"></a><p>Planters Dry Roasted Bold & Savory Peanuts, Party Snacks, Plant-Based Protein, 16 Oz Jar</p><p>$2.98 ($0.19 / Ounce)</p><a href="https://www.amazon.com/dp/B0BN4LZ5P3?tag=eloabder-20&linkCode=osi&th=1&psc=1">View Product</a></div>

<div class="product"><a href="https://www.amazon.com/dp/B0CJQJYYVQ?tag=eloabder-20&linkCode=osi&th=1&psc=1"><img src="https://m.media-amazon.com/images/I/51mbf3FOrUL._SL500_.jpg" alt="Product Image"></a><p>Dried Fruit and Nuts Gift Baskets, 9 Healthy Varieties of Nuts & Dried Fruit Gifts, Gourmet Prime Candy Basket Delivery, Family Edible Food Ideas for All, Anniversary, Birthday, Care Package, Corporate Gifts</p><p>$24.99 ($24.99 / Count)</p><a href="https://www.amazon.com/dp/B0CJQJYYVQ?tag=eloabder-20&linkCode=osi&th=1&psc=1">View Product</a></div><div class="product"><a href="https://www.amazon.com/dp/B0BRYN42RF?tag=eloabder-20&linkCode=osi&th=1&psc=1"><img src="https://m.media-amazon.com/images/I/61sztsxabsL._SL500_.jpg" alt="Product Image"></a><p>Dried Fruit & Nuts Gift Basket Arrangement Platter, Gourmet Food Snack Box, For Fathers Day, Birthday Care Package, Healthy Kosher - Her Him - 12 Snackberry Assortment (Single)</p><p>$24.99 ($1.03 / Ounce)</p><a href="https://www.amazon.com/dp/B0BRYN42RF?tag=eloabder-20&linkCode=osi&th=1&psc=1">View Product</a></div><div class="product"><a href="https://www.amazon.com/dp/B0CZ4H5N2S?tag=eloabder-20&linkCode=osi&th=1&psc=1"><img src="https://m.media-amazon.com/images/I/51NLO50v2cL._SL500_.jpg" alt="Product Image"></a><p>Variety Dried Fuit Gift Basket, Fathers Day Gift Basket, Gift Box for Birthday. Anniversary, Get Well Gift, Gift for Him, Her and Family, Snackberry (1 Pack)</p><p>$9.99 ($0.62 / Ounce)</p><a href="https://www.amazon.com/dp/B0CZ4H5N2S?tag=eloabder-20&linkCode=osi&th=1&psc=1">View Product</a></div><div class="product"><a href="https://www.amazon.com/dp/B09HW1C373?tag=eloabder-20&linkCode=osi&th=1&psc=1"><img src="https://m.media-amazon.com/images/I/418cDyDC0eL._SL500_.jpg" alt="Product Image"></a><p>Farm Fresh Assorted Nuts Gift Basket - Artfully Arranged Gourmet Nuts and Dried Fruit Collection - Prime Arrangement Platter - Makes a Delicious, Healthy Gift Basket For Holidays, Parties, Corporate Gifts, and More</p><p>$12.99 ($12.99 / Count)</p><a href="https://www.amazon.com/dp/B09HW1C373?tag=eloabder-20&linkCode=osi&th=1&psc=1">View Product</a></div><div class="product"><a href="https://www.amazon.com/dp/B0CRD2MWB9?tag=eloabder-20&linkCode=osi&th=1&psc=1"><img src="https://m.media-amazon.com/images/I/51tT9Jj4hKL._SL500_.jpg" alt="Product Image"></a><p>Happy Birthday Dried Fruit & Nuts Gift Basket Arrangement Platter, Gourmet Food Snack Box, Birthday Care Package, Healthy Kosher, Her Him (9 Assortments)</p><p>$19.99 ($19.99 / Count)</p><a href="https://www.amazon.com/dp/B0CRD2MWB9?tag=eloabder-20&linkCode=osi&th=1&psc=1">View Product</a></div><div class="product"><a href="https://www.amazon.com/dp/B0CHCJK5GN?tag=eloabder-20&linkCode=osi&th=1&psc=1"><img src="https://m.media-amazon.com/images/I/61dpK7BoYbL._SL500_.jpg" alt="Product Image"></a><p>Broadway Basketeers Deluxe Thank You Dried Fruit And Nuts Gift Basket - A Premium Healthy Appreciation Gift - Corporate, Family & Friends</p><p>$32.06</p><a href="https://www.amazon.com/dp/B0CHCJK5GN?tag=eloabder-20&linkCode=osi&th=1&psc=1">View Product</a></div>
<div class="product"><a href="https://www.amazon.com/dp/B078SZHZ82?tag=eloabder-20&linkCode=osi&th=1&psc=1"><img src="https://m.media-amazon.com/images/I/51S82IO04jL._SL500_.jpg" alt="Product Image"></a><p>DEL MONTE FRESH CUT BLUE LAKE Cut Green Beans Canned Vegetables,14.5 Ounce (Pack of 12)</p><p>$12.99 ($0.07 / Ounce)</p><a href="https://www.amazon.com/dp/B078SZHZ82?tag=eloabder-20&linkCode=osi&th=1&psc=1">View Product</a></div>
<div class="product"><a href="https://www.amazon.com/dp/B0C94YG17L?tag=eloabder-20&linkCode=osi&th=1&psc=1"><img src="https://m.media-amazon.com/images/I/51VfC5jp4OL._SL500_.jpg" alt="Product Image"></a><p>Hickory Farms Farmhouse Sausage & Cheese Medium Gift Box | Gourmet Food Basket | Charcuterie | Father's Day Gift | Perfect For Family, Birthday, Sympathy, Congratulations, Retirement, Thinking of You, Father's Day Gift</p><p>$34.99 ($34.99 / Count)</p><a href="https://www.amazon.com/dp/B0C94YG17L?tag=eloabder-20&linkCode=osi&th=1&psc=1">View Product</a></div><div class="product"><a href="https://www.amazon.com/dp/B00K35V3F8?tag=eloabder-20&linkCode=osi&th=1&psc=1"><img src="https://m.media-amazon.com/images/I/41bd0TKnKfL._SL500_.jpg" alt="Product Image"></a><p>Farmers' Market Charcuterie Gift for Summer, Wisconsin Cheese, Hickory Smoked Meat, Shelf Stable, Gourmet Meat and Cheese Platter, Large Original</p><p>$39.99</p><a href="https://www.amazon.com/dp/B00K35V3F8?tag=eloabder-20&linkCode=osi&th=1&psc=1">View Product</a></div><div class="product"><a href="https://www.amazon.com/dp/B0994V3KXV?tag=eloabder-20&linkCode=osi&th=1&psc=1"><img src="https://m.media-amazon.com/images/I/61Zr7E45qvL._SL500_.jpg" alt="Product Image"></a><p>Wisconsin Cheese Company - Specialty 100% Wisconsin Cheese Block Assortment 4 oz. (Pack of 7 Blocks) Cheddar, Pepper Jack, Swiss, Gouda, Cheddar Salami, Smoked Cheddar & Tomato Basil Cheese - Cheese Sampler Gift Set</p><p>$39.99 ($1.43 / Ounce)</p><a href="https://www.amazon.com/dp/B0994V3KXV?tag=eloabder-20&linkCode=osi&th=1&psc=1">View Product</a></div><div class="product"><a href="https://www.amazon.com/dp/B009Y7I2F0?tag=eloabder-20&linkCode=osi&th=1&psc=1"><img src="https://m.media-amazon.com/images/I/41VgrnxieeL._SL500_.jpg" alt="Product Image"></a><p>Wisconsin Cheese Company - 100% Wisconsin Cheddar & Pepper Jack Cheese and Cracker Gift Basket. Large Gourmet Gift Box Assortment. Great for Charcuterie Boards & Gifts.</p><p>$29.99 ($2.11 / Ounce)</p><a href="https://www.amazon.com/dp/B009Y7I2F0?tag=eloabder-20&linkCode=osi&th=1&psc=1">View Product</a></div><div class="product"><a href="https://www.amazon.com/dp/B00FY43IJ2?tag=eloabder-20&linkCode=osi&th=1&psc=1"><img src="https://m.media-amazon.com/images/I/41QN9RXV4RL._SL500_.jpg" alt="Product Image"></a><p>California Delicious Gourmet Cheeseboard Gift, 8 piece set</p><p>$47.98 ($6.00 / Count)</p><a href="https://www.amazon.com/dp/B00FY43IJ2?tag=eloabder-20&linkCode=osi&th=1&psc=1">View Product</a></div><div class="product"><a href="https://www.amazon.com/dp/B0CRM55TF8?tag=eloabder-20&linkCode=osi&th=1&psc=1"><img src="https://m.media-amazon.com/images/I/51Vz3kt14-L._SL500_.jpg" alt="Product Image"></a><p>Farmers' Market Cheese Block Assortment 7oz 6-Pack, Shelf Stable, Pasteurized, Locally Sourced Wisconsin Cheese (Assortment, 6 Count)</p><p>$29.99 ($0.71 / Ounce)</p><a href="https://www.amazon.com/dp/B0CRM55TF8?tag=eloabder-20&linkCode=osi&th=1&psc=1">View Product</a></div>
<div class="product"><a href="https://www.amazon.com/dp/B006GXQHKW?tag=eloabder-20&linkCode=osi&th=1&psc=1"><img src="https://m.media-amazon.com/images/I/41gffgWPG4L._SL500_.jpg" alt="Product Image"></a><p>Old Wisconsin Premium Summer Sausage, 100% Natural Meat, Charcuterie, Ready to Eat, High Protein, Low Carb, Keto, Gluten Free, Original Flavor, 8 Ounce</p><p>$6.09 ($0.76 / Count)</p><a href="https://www.amazon.com/dp/B006GXQHKW?tag=eloabder-20&linkCode=osi&th=1&psc=1">View Product</a></div><div class="product"><a href="https://www.amazon.com/dp/B07PNM9SNJ?tag=eloabder-20&linkCode=osi&th=1&psc=1"><img src="https://m.media-amazon.com/images/I/51XUGii8qrL._SL500_.jpg" alt="Product Image"></a><p>Meat Shredz - Premium Dried Pulled Pork (Variety, 6 Pack) | Gluten Free | High Protein & Low Sugar | Bacon Bits | Dehydrated Backpacking & Camping Food | Shredded, Dried Jerky Chew Snack</p><p>$42.95 ($52.06 / lb)</p><a href="https://www.amazon.com/dp/B07PNM9SNJ?tag=eloabder-20&linkCode=osi&th=1&psc=1">View Product</a></div><div class="product"><a href="https://www.amazon.com/dp/B0CVQWPGC5?tag=eloabder-20&linkCode=osi&th=1&psc=1"><img src="https://m.media-amazon.com/images/I/41M9k0m4dOL._SL500_.jpg" alt="Product Image"></a><p>Olympic Delights Premium Meats and Cheese Gift Box by Dan the Sausageman featuring Summer Sausage, Stuffed Olives, Crackers and Mustard</p><p>$68.95</p><a href="https://www.amazon.com/dp/B0CVQWPGC5?tag=eloabder-20&linkCode=osi&th=1&psc=1">View Product</a></div><div class="product"><a href="https://www.amazon.com/dp/B000FIUQAQ?tag=eloabder-20&linkCode=osi&th=1&psc=1"><img src="https://m.media-amazon.com/images/I/51-jFNA-ZgL._SL500_.jpg" alt="Product Image"></a><p>Hormel Premium No Salt Added Canned Chunk Chicken Breast in Water, 5 Ounce (Pack of 12)</p><p>$25.44 ($0.42 / Ounce)</p><a href="https://www.amazon.com/dp/B000FIUQAQ?tag=eloabder-20&linkCode=osi&th=1&psc=1">View Product</a></div><div class="product"><a href="https://www.amazon.com/dp/B07Y936YWY?tag=eloabder-20&linkCode=osi&th=1&psc=1"><img src="https://m.media-amazon.com/images/I/51cpUvuRIzL._SL500_.jpg" alt="Product Image"></a><p>Jack Link's Beef Jerky, Sweet & Hot, ½ Pounder Bag - Flavorful Meat Snack, 9g of Protein and 80 Calories, Made with Premium Beef - 96 Percent Fat Free, No Added MSG or Nitrates/Nitrites</p><p>$9.99 ($1.25 / Ounce)</p><a href="https://www.amazon.com/dp/B07Y936YWY?tag=eloabder-20&linkCode=osi&th=1&psc=1">View Product</a></div><div class="product"><a href="https://www.amazon.com/dp/B000FK7G20?tag=eloabder-20&linkCode=osi&th=1&psc=1"><img src="https://m.media-amazon.com/images/I/414A4Q9AvAL._SL500_.jpg" alt="Product Image"></a><p>Swanson White and Dark Premium Chunk Canned Chicken Breast in Water, Fully Cooked Chicken, 9.75 OZ Can (Case of 12)</p><p>$35.76 ($0.31 / Ounce)</p><a href="https://www.amazon.com/dp/B000FK7G20?tag=eloabder-20&linkCode=osi&th=1&psc=1">View Product</a></div>
<div class="product"><a href="https://www.amazon.com/dp/B072126PMY?tag=eloabder-20&linkCode=osi&th=1&psc=1"><img src="https://m.media-amazon.com/images/I/51nw4J9x8YL._SL500_.jpg" alt="Product Image"></a><p>Simple Mills Almond Flour Baking Mix, Artisan Bread Mix - Gluten Free, Plant Based, Paleo Friendly, 10.4 Ounce (Pack of 3)</p><p>$23.97 ($0.77 / Ounce)</p><a href="https://www.amazon.com/dp/B072126PMY?tag=eloabder-20&linkCode=osi&th=1&psc=1">View Product</a></div><div class="product"><a href="https://www.amazon.com/dp/B081VPXGJS?tag=eloabder-20&linkCode=osi&th=1&psc=1"><img src="https://m.media-amazon.com/images/I/51j0-+rAaZL._SL500_.jpg" alt="Product Image"></a><p>Essential Baking Company Organic Artisan Sourdough Bread, 18.2 Ounce (Pack of 3)</p><p>$28.65 ($0.52 / Ounce)</p><a href="https://www.amazon.com/dp/B081VPXGJS?tag=eloabder-20&linkCode=osi&th=1&psc=1">View Product</a></div><div class="product"><a href="https://www.amazon.com/dp/B08HSPX7LM?tag=eloabder-20&linkCode=osi&th=1&psc=1"><img src="https://m.media-amazon.com/images/I/41RUhxZCnNL._SL500_.jpg" alt="Product Image"></a><p>Giusto's Vita-Grain All-Natural Artisan Malted Unbleached Bread Flour, 5lb Bag</p><p>$10.95 ($0.14 / Ounce)</p><a href="https://www.amazon.com/dp/B08HSPX7LM?tag=eloabder-20&linkCode=osi&th=1&psc=1">View Product</a></div>
<div class="product"><a href="https://www.amazon.com/dp/B001DDD4DS?tag=eloabder-20&linkCode=osi&th=1&psc=1"><img src="https://m.media-amazon.com/images/I/51osI10x5HL._SL500_.jpg" alt="Product Image"></a><p>Mantova Flavored Extra Virgin Olive Oil Variety Pack: Garlic, Basil, Chili, Lemon Organic Extra Virgin Olive Oil, 8.5-Ounce Per Bottle (Pack of 4) Great Gift Item</p><p>$36.99 ($1.09 / Fl Oz)</p><a href="https://www.amazon.com/dp/B001DDD4DS?tag=eloabder-20&linkCode=osi&th=1&psc=1">View Product</a></div><div class="product"><a href="https://www.amazon.com/dp/B001DDD4E2?tag=eloabder-20&linkCode=osi&th=1&psc=1"><img src="https://m.media-amazon.com/images/I/51cFWLj1kiL._SL500_.jpg" alt="Product Image"></a><p>Mantova Grand’Aroma Flavored Extra Virgin Olive Oils, Variety Gift Set, made in Italy, cold-pressed, 100% natural, heart-healthy, for grilling, barbequing, smoking, and cooking, 8.5 oz (Pack of 4)</p><p>$39.99 ($1.18 / Fl Oz)</p><a href="https://www.amazon.com/dp/B001DDD4E2?tag=eloabder-20&linkCode=osi&th=1&psc=1">View Product</a></div><div class="product"><a href="https://www.amazon.com/dp/B087S41Y1W?tag=eloabder-20&linkCode=osi&th=1&psc=1"><img src="https://m.media-amazon.com/images/I/518tVUgnUkL._SL500_.jpg" alt="Product Image"></a><p>Benissimo Herb Infused Cooking Oil Chef Pack, All Natural Italiano, Roasted Garlic, Mediterranean Garlic, Balsamic Garlic</p><p>$26.99 ($0.79 / Fl Oz)</p><a href="https://www.amazon.com/dp/B087S41Y1W?tag=eloabder-20&linkCode=osi&th=1&psc=1">View Product</a></div><div class="product"><a href="https://www.amazon.com/dp/B08CY8R7TF?tag=eloabder-20&linkCode=osi&th=1&psc=1"><img src="https://m.media-amazon.com/images/I/61pbDfsr-8L._SL500_.jpg" alt="Product Image"></a><p>Infused Extra Virgin Olive Oil Gift Box Set, First Cold Pressed, Variety Pack, 4 bottles x 8.5 fl.oz (250ml), Naturally Infused for Dipping & Tasting, (Gift Box Included), Chili, Garlic, Basil, Rosemary, BASSO1904</p><p>$35.99 ($1.06 / Fl Oz)</p><a href="https://www.amazon.com/dp/B08CY8R7TF?tag=eloabder-20&linkCode=osi&th=1&psc=1">View Product</a></div><div class="product"><a href="https://www.amazon.com/dp/B009HRQ47U?tag=eloabder-20&linkCode=osi&th=1&psc=1"><img src="https://m.media-amazon.com/images/I/41PaTko-dvL._SL500_.jpg" alt="Product Image"></a><p>TruffleHunter - English, Black & White Truffle Oil Set - 3.38 Oz x 3</p><p>$29.70 ($0.10 / Fl Oz)</p><a href="https://www.amazon.com/dp/B009HRQ47U?tag=eloabder-20&linkCode=osi&th=1&psc=1">View Product</a></div><div class="product"><a href="https://www.amazon.com/dp/B07ZZLZBF8?tag=eloabder-20&linkCode=osi&th=1&psc=1"><img src="https://m.media-amazon.com/images/I/51fpIYH949L._SL500_.jpg" alt="Product Image"></a><p>Viva Oliva Six 60ml (2oz) Variety Gift Set - Premium Flavored Extra Virgin Olive Oils (Tuscan Herb, Basil, Mushroom & Sage) and All Natural Balsamic Vinegars (18 Year Traditional, Grapefruit, Black Mission Fig)</p><p>$43.95 ($3.61 / Fl Oz)</p><a href="https://www.amazon.com/dp/B07ZZLZBF8?tag=eloabder-20&linkCode=osi&th=1&psc=1">View Product</a></div><div class="product"><a href="https://www.amazon.com/dp/B0B2LS1J8F?tag=eloabder-20&linkCode=osi&th=1&psc=1"><img src="https://m.media-amazon.com/images/I/41q4RRhEqPL._SL500_.jpg" alt="Product Image"></a><p>Infused Olive Oil Gift Sets - Organic Puglia Olive Oil Sampler Gift Set. Ideal for Italian Gifts and Edible Gift Baskets. Gourmet Olive Oil Gift Box of 5 x 3.45 Fl.Oz.</p><p>$53.80 ($3.16 / Fl Oz)</p><a href="https://www.amazon.com/dp/B0B2LS1J8F?tag=eloabder-20&linkCode=osi&th=1&psc=1">View Product</a></div><div class="product"><a href="https://www.amazon.com/dp/B08P967SSX?tag=eloabder-20&linkCode=osi&th=1&psc=1"><img src="https://m.media-amazon.com/images/I/51HyprLyr5L._SL500_.jpg" alt="Product Image"></a><p>Viva Oliva Four 60ml (2oz) Variety Gift Set - Premium Flavored Extra Virgin Olive Oils (Tuscan Herb & Basil) and All Natural Balsamic Vinegars (18 Year Traditional & Black Mission Fig)</p><p>$33.95 ($4.18 / Fl Oz)</p><a href="https://www.amazon.com/dp/B08P967SSX?tag=eloabder-20&linkCode=osi&th=1&psc=1">View Product</a></div><div class="product"><a href="https://www.amazon.com/dp/B0078DPMQY?tag=eloabder-20&linkCode=osi&th=1&psc=1"><img src="https://m.media-amazon.com/images/I/31qLwvo1tML._SL500_.jpg" alt="Product Image"></a><p>Benissimo Oil Roasted Garlic, 8.1 Ounces</p><p>$11.99 ($1.48 / Ounce)</p><a href="https://www.amazon.com/dp/B0078DPMQY?tag=eloabder-20&linkCode=osi&th=1&psc=1">View Product</a></div>
<div class="product"><a href="https://www.amazon.com/dp/B07MGKCV5Y?tag=eloabder-20&linkCode=osi&th=1&psc=1"><img src="https://m.media-amazon.com/images/I/31tE+o2DanL._SL500_.jpg" alt="Product Image"></a><p>Iberia All Natural Distilled White Vinegar, 1 Gallon - 5% Acidity</p><p>$12.99 ($0.10 / Fl Oz)</p><a href="https://www.amazon.com/dp/B07MGKCV5Y?tag=eloabder-20&linkCode=osi&th=1&psc=1">View Product</a></div><div class="product"><a href="https://www.amazon.com/dp/B07985NMQD?tag=eloabder-20&linkCode=osi&th=1&psc=1"><img src="https://m.media-amazon.com/images/I/41ElEDybjlL._SL500_.jpg" alt="Product Image"></a><p>Lucy's Family Owned - Natural Distilled White Vinegar, 1 Gallon (128 oz) - 5% Acidity (White Vinegar, 1 Gallon (128 fl oz.))</p><p>$17.99 ($0.14 / Fl Oz)</p><a href="https://www.amazon.com/dp/B07985NMQD?tag=eloabder-20&linkCode=osi&th=1&psc=1">View Product</a></div><div class="product"><a href="https://www.amazon.com/dp/B07F7MXPWD?tag=eloabder-20&linkCode=osi&th=1&psc=1"><img src="https://m.media-amazon.com/images/I/51GKn4NVqTL._SL500_.jpg" alt="Product Image"></a><p>Soeos Chinkiang Vinegar 16.9 fl oz (500ml), 3 Years Aged, Naturally Fermented, Mature Aged Black Vinegar, Chinese Black Vinegar, Zhenjiang Vinegar, Black Rice Vinegar, Black Vinegar Chinese.</p><p>$13.99 ($0.83 / Fl Oz)</p><a href="https://www.amazon.com/dp/B07F7MXPWD?tag=eloabder-20&linkCode=osi&th=1&psc=1">View Product</a></div><div class="product"><a href="https://www.amazon.com/dp/B001I7MVG0?tag=eloabder-20&linkCode=osi&th=1&psc=1"><img src="https://m.media-amazon.com/images/I/41HHUOECW2L._SL500_.jpg" alt="Product Image"></a><p>Bragg Organic Raw Apple Cider Vinegar, 32 Ounce - 1 Pack</p><p>$5.99 ($0.19 / Fl Oz)</p><a href="https://www.amazon.com/dp/B001I7MVG0?tag=eloabder-20&linkCode=osi&th=1&psc=1">View Product</a></div><div class="product"><a href="https://www.amazon.com/dp/B07W9HX3MV?tag=eloabder-20&linkCode=osi&th=1&psc=1"><img src="https://m.media-amazon.com/images/I/413FdgpxYrL._SL500_.jpg" alt="Product Image"></a><p>Calyptus 45% Pure Super Concentrated Vinegar | Dilutes to 9 Gallons | 9x Power Concentrate Vinegar | 1 Gallon</p><p>$26.99 ($0.21 / Fl Oz)</p><a href="https://www.amazon.com/dp/B07W9HX3MV?tag=eloabder-20&linkCode=osi&th=1&psc=1">View Product</a></div><div class="product"><a href="https://www.amazon.com/dp/B0052BFNLS?tag=eloabder-20&linkCode=osi&th=1&psc=1"><img src="https://m.media-amazon.com/images/I/31Tfk-0-ybL._SL500_.jpg" alt="Product Image"></a><p>Pompeian Gourmet Red Wine Vinegar, Perfect for Salad Dressings, Marinades & Sauces, Naturally Gluten Free, 30 Ounce</p><p>$4.91 ($0.16 / Fl Oz)</p><a href="https://www.amazon.com/dp/B0052BFNLS?tag=eloabder-20&linkCode=osi&th=1&psc=1">View Product</a></div><div class="product"><a href="https://www.amazon.com/dp/B00AAL6W2Y?tag=eloabder-20&linkCode=osi&th=1&psc=1"><img src="https://m.media-amazon.com/images/I/51dfgVE7orL._SL500_.jpg" alt="Product Image"></a><p>Mantova Organic Flavored Balsamic Vinegar of Modena 4-Variety Pack: Fig, Pear, Pomegranate, & Raspberry; Perfect for Gift Basket, Add to Pasta, Salad, Ice Cream and Cocktails, 8.5 oz per bottle</p><p>$27.99 ($0.82 / Fl Oz)</p><a href="https://www.amazon.com/dp/B00AAL6W2Y?tag=eloabder-20&linkCode=osi&th=1&psc=1">View Product</a></div><div class="product"><a href="https://www.amazon.com/dp/B0BGYTGT7X?tag=eloabder-20&linkCode=osi&th=1&psc=1"><img src="https://m.media-amazon.com/images/I/41huHEExA1L._SL500_.jpg" alt="Product Image"></a><p>Bragg Organic Apple Cider Vinegar With the Mother– Raw, Unfiltered All Natural Ingredients (64 Fl Oz (Pack of 1))</p><p>$13.68 ($0.21 / Fl Oz)</p><a href="https://www.amazon.com/dp/B0BGYTGT7X?tag=eloabder-20&linkCode=osi&th=1&psc=1">View Product</a></div><div class="product"><a href="https://www.amazon.com/dp/B08TZY2TZ8?tag=eloabder-20&linkCode=osi&th=1&psc=1"><img src="https://m.media-amazon.com/images/I/41YwKPQA9rL._SL500_.jpg" alt="Product Image"></a><p>Due Vittorie Oro Gold Balsamic Vinegar of Modena. Highest score from The Consortium of Modena With Cork Pourer - 8.45fl oz / 250ml</p><p>$17.00 ($2.01 / Fl Oz)</p><a href="https://www.amazon.com/dp/B08TZY2TZ8?tag=eloabder-20&linkCode=osi&th=1&psc=1">View Product</a></div>
<div class="product"><a href="https://www.amazon.com/dp/B07HMJWCNL?tag=eloabder-20&linkCode=osi&th=1&psc=1"><img src="https://m.media-amazon.com/images/I/51ayBrtgPUL._SL500_.jpg" alt="Product Image"></a><p>TRUFF Original Black Truffle Hot Sauce, Gourmet Hot Sauce with Ripe Chili Peppers, Black Truffle Oil, Agave Nectar, Unique Flavor Experience in a Bottle, 6 oz.</p><p>$14.99</p><a href="https://www.amazon.com/dp/B07HMJWCNL?tag=eloabder-20&linkCode=osi&th=1&psc=1">View Product</a></div><div class="product"><a href="https://www.amazon.com/dp/B083QT1TPX?tag=eloabder-20&linkCode=osi&th=1&psc=1"><img src="https://m.media-amazon.com/images/I/41mYuAlAFNL._SL500_.jpg" alt="Product Image"></a><p>TRUFF Hot Sauce Variety Pack, Gourmet Hot Sauce Set of Original, Hotter and Limited White Edition, Unique Flavor Experiences with Truffle, 3-Bottle Bundle, 3ct 6oz bottles</p><p>$67.99 ($3.78 / Ounce)</p><a href="https://www.amazon.com/dp/B083QT1TPX?tag=eloabder-20&linkCode=osi&th=1&psc=1">View Product</a></div><div class="product"><a href="https://www.amazon.com/dp/B0BV19S7TR?tag=eloabder-20&linkCode=osi&th=1&psc=1"><img src="https://m.media-amazon.com/images/I/51iGXyqK-pL._SL500_.jpg" alt="Product Image"></a><p>Le Sauce & Co., White Wine Lemon Garlic Gourmet Finishing Sauce (2-pack), Steakhouse Quality Gourmet Sauce, Lemon Sauce, Garlic Sauce, White Wine Sauce, Steak Sauce, Chicken sauce, Lemon Sauce, Cream Sauce,</p><p>$13.94 ($1.55 / Ounce)</p><a href="https://www.amazon.com/dp/B0BV19S7TR?tag=eloabder-20&linkCode=osi&th=1&psc=1">View Product</a></div><div class="product"><a href="https://www.amazon.com/dp/B078JBZBW5?tag=eloabder-20&linkCode=osi&th=1&psc=1"><img src="https://m.media-amazon.com/images/I/51J1qgzr8uL._SL500_.jpg" alt="Product Image"></a><p>Melinda’s Hot Sauce Variety Pack - Extra Spicy Gourmet Hot Sauce Gift Set with Variety of Heat Levels - Includes XXXXtra Reserve, Garlic Habanero, Extra Hot, Mango, Ghost Pepper- 5 oz, 5 Pack</p><p>$21.99 ($0.88 / Fl Oz)</p><a href="https://www.amazon.com/dp/B078JBZBW5?tag=eloabder-20&linkCode=osi&th=1&psc=1">View Product</a></div><div class="product"><a href="https://www.amazon.com/dp/B0BL864XMH?tag=eloabder-20&linkCode=osi&th=1&psc=1"><img src="https://m.media-amazon.com/images/I/51+63Ag8ApL._SL500_.jpg" alt="Product Image"></a><p>Dave's Gourmet Creamy Hot Sauce Variety 4-Pack - Moderate Heat for Flavoring Your Favorite Food</p><p>$30.99 ($0.97 / Ounce)</p><a href="https://www.amazon.com/dp/B0BL864XMH?tag=eloabder-20&linkCode=osi&th=1&psc=1">View Product</a></div>
<div class="product"><a href="https://www.amazon.com/dp/B07WT6GP2F?tag=eloabder-20&linkCode=osi&th=1&psc=1"><img src="https://m.media-amazon.com/images/I/41mEgBeglEL._SL500_.jpg" alt="Product Image"></a><p>Lindt Mini Pralines, Assorted Chocolate Pralines with Premium Filling, Great for gift giving, 6.2 oz Box</p><p>$16.49 ($2.66 / Ounce)</p><a href="https://www.amazon.com/dp/B07WT6GP2F?tag=eloabder-20&linkCode=osi&th=1&psc=1">View Product</a></div><div class="product"><a href="https://www.amazon.com/dp/B01BDI89SW?tag=eloabder-20&linkCode=osi&th=1&psc=1"><img src="https://m.media-amazon.com/images/I/61w5wYyxzKL._SL500_.jpg" alt="Product Image"></a><p>Ferrero Collection, 24 Count, Premium Gourmet Assorted Hazelnut Milk Chocolate, Dark Chocolate and Coconut, 9.1 oz</p><p>$11.97 ($1.32 / Ounce)</p><a href="https://www.amazon.com/dp/B01BDI89SW?tag=eloabder-20&linkCode=osi&th=1&psc=1">View Product</a></div><div class="product"><a href="https://www.amazon.com/dp/B0BHTWFQ5X?tag=eloabder-20&linkCode=osi&th=1&psc=1"><img src="https://m.media-amazon.com/images/I/41K-mIm1WNL._SL500_.jpg" alt="Product Image"></a><p>Lindt LINDOR Assorted Chocolate Truffles 90 Count Gift Box, Chocolate Candy with Smooth, Melting Truffle Center, 38.4 oz. Box</p><p>$33.95 ($0.88 / Ounce)</p><a href="https://www.amazon.com/dp/B0BHTWFQ5X?tag=eloabder-20&linkCode=osi&th=1&psc=1">View Product</a></div><div class="product"><a href="https://www.amazon.com/dp/B00UXI3PLU?tag=eloabder-20&linkCode=osi&th=1&psc=1"><img src="https://m.media-amazon.com/images/I/41Jw-Ek4+CL._SL500_.jpg" alt="Product Image"></a><p>Lindt LINDOR Milk Chocolate Candy Truffles, Milk Chocolate with Melting Truffle Center, 15.2 oz. Bag</p><p>$12.18 ($0.80 / Ounce)</p><a href="https://www.amazon.com/dp/B00UXI3PLU?tag=eloabder-20&linkCode=osi&th=1&psc=1">View Product</a></div>
<div class="product"><a href="https://www.amazon.com/dp/B000SDKDM4?tag=eloabder-20&linkCode=osi&th=1&psc=1"><img src="https://m.media-amazon.com/images/I/41L+oJp7MmL._SL500_.jpg" alt="Product Image"></a><p>Lavazza Super Crema Whole Bean Coffee Blend, light-Medium Espresso Roast, 2.2 Pound (Pack of 1) ,Premium Quality, Aromatic, Mild and creamy</p><p>$18.49 ($0.53 / Ounce)</p><a href="https://www.amazon.com/dp/B000SDKDM4?tag=eloabder-20&linkCode=osi&th=1&psc=1">View Product</a></div><div class="product"><a href="https://www.amazon.com/dp/B0721BGRS9?tag=eloabder-20&linkCode=osi&th=1&psc=1"><img src="https://m.media-amazon.com/images/I/41tHHVMfguL._SL500_.jpg" alt="Product Image"></a><p>Amazon Fresh, Dark Roast, Whole Bean Coffee, 32 Oz</p><p>$19.18 ($0.60 / Ounce)</p><a href="https://www.amazon.com/dp/B0721BGRS9?tag=eloabder-20&linkCode=osi&th=1&psc=1">View Product</a></div><div class="product"><a href="https://www.amazon.com/dp/B003GV7JFE?tag=eloabder-20&linkCode=osi&th=1&psc=1"><img src="https://m.media-amazon.com/images/I/41IKY6hLa9L._SL500_.jpg" alt="Product Image"></a><p>Eight O'Clock Coffee Whole Bean, The Original, 42 Ounce</p><p>$13.98</p><a href="https://www.amazon.com/dp/B003GV7JFE?tag=eloabder-20&linkCode=osi&th=1&psc=1">View Product</a></div><div class="product"><a href="https://www.amazon.com/dp/B07171HMF5?tag=eloabder-20&linkCode=osi&th=1&psc=1"><img src="https://m.media-amazon.com/images/I/41EBDHFVYVL._SL500_.jpg" alt="Product Image"></a><p>Mt. Comfort Coffee Organic Peru Medium Roast, 2.5 Pounds - Flavor Notes of Nutty, Chocolate, & Citrus - Sourced From Small, Peruvian Coffee Farms - Roasted Whole Beans</p><p>$23.19 ($0.58 / Ounce)</p><a href="https://www.amazon.com/dp/B07171HMF5?tag=eloabder-20&linkCode=osi&th=1&psc=1">View Product</a></div><div class="product"><a href="https://www.amazon.com/dp/B006Y7WAHE?tag=eloabder-20&linkCode=osi&th=1&psc=1"><img src="https://m.media-amazon.com/images/I/31VxnI1AuQL._SL500_.jpg" alt="Product Image"></a><p>Cameron's Coffee Roasted Whole Bean Coffee, Breakfast Blend, 32 Ounce, (Pack of 1)</p><p>$10.98 ($0.34 / Ounce)</p><a href="https://www.amazon.com/dp/B006Y7WAHE?tag=eloabder-20&linkCode=osi&th=1&psc=1">View Product</a></div><div class="product"><a href="https://www.amazon.com/dp/B0002E2GQU?tag=eloabder-20&linkCode=osi&th=1&psc=1"><img src="https://m.media-amazon.com/images/I/41f+StbrprL._SL500_.jpg" alt="Product Image"></a><p>Lavazza Crema E Aroma Whole Bean Coffee Blend, 2.2-Pound Bag , Balanced medium roast with an intense, earthy flavor and long lasting crema, Non-GMO</p><p>$17.99 ($0.51 / Ounce)</p><a href="https://www.amazon.com/dp/B0002E2GQU?tag=eloabder-20&linkCode=osi&th=1&psc=1">View Product</a></div><div class="product"><a href="https://www.amazon.com/dp/B005OJ4X32?tag=eloabder-20&linkCode=osi&th=1&psc=1"><img src="https://m.media-amazon.com/images/I/31GzxEGJ-1L._SL500_.jpg" alt="Product Image"></a><p>Lavazza Espresso Barista Gran Crema Whole Bean Coffee Blend, Medium Espresso Roast, Oz Bag (Packaging May Vary) - 2.2 LB, 35.2 Ounce</p><p>$17.99 ($0.51 / Ounce)</p><a href="https://www.amazon.com/dp/B005OJ4X32?tag=eloabder-20&linkCode=osi&th=1&psc=1">View Product</a></div><div class="product"><a href="https://www.amazon.com/dp/B003YVRX5W?tag=eloabder-20&linkCode=osi&th=1&psc=1"><img src="https://m.media-amazon.com/images/I/41Ioxmr1WhL._SL500_.jpg" alt="Product Image"></a><p>Tim Hortons Whole Bean Original, Medium Roast Coffee, Made with 100% Arabica Beans, 32 Ounce Bag</p><p>$15.68 ($0.49 / Ounce)</p><a href="https://www.amazon.com/dp/B003YVRX5W?tag=eloabder-20&linkCode=osi&th=1&psc=1">View Product</a></div><div class="product"><a href="https://www.amazon.com/dp/B016RY0LWO?tag=eloabder-20&linkCode=osi&th=1&psc=1"><img src="https://m.media-amazon.com/images/I/41I6lHKpWrL._SL500_.jpg" alt="Product Image"></a><p>Lavazza Espresso Italiano Whole Bean Coffee Blend, Medium Roast,Premium Quality Arabic, 2.2 Pound (Pack of 1) (Packaging may vary)</p><p>$14.98 ($0.43 / Ounce)</p><a href="https://www.amazon.com/dp/B016RY0LWO?tag=eloabder-20&linkCode=osi&th=1&psc=1">View Product</a></div>
<div class="product"><a href="https://www.amazon.com/dp/B09ZMVM3XJ?tag=eloabder-20&linkCode=osi&th=1&psc=1"><img src="https://m.media-amazon.com/images/I/51IRO3xhEKL._SL500_.jpg" alt="Product Image"></a><p>Gardenika Organic Loose Leaf Tea Sampler – 8 Pack, 1 LB – Herbal and Naturally Caffeine-Free Set - Ayurvedic Assortment Blend</p><p>$29.95 ($29.95 / Count)</p><a href="https://www.amazon.com/dp/B09ZMVM3XJ?tag=eloabder-20&linkCode=osi&th=1&psc=1">View Product</a></div><div class="product"><a href="https://www.amazon.com/dp/B0CVTGJHK9?tag=eloabder-20&linkCode=osi&th=1&psc=1"><img src="https://m.media-amazon.com/images/I/51J-jqFqytL._SL500_.jpg" alt="Product Image"></a><p>Lyon DIY Tea Blending Set-16 Tin Variety Pack-Premium Herbal Tea & Exotic Floral/Fruit Flavor Infusers - Create 75+ Cups w/Assorted Teas, Oolong, Chamomile, Rose, Peach & More</p><p>$44.95 ($6.25 / Ounce)</p><a href="https://www.amazon.com/dp/B0CVTGJHK9?tag=eloabder-20&linkCode=osi&th=1&psc=1">View Product</a></div><div class="product"><a href="https://www.amazon.com/dp/B01AJBV0US?tag=eloabder-20&linkCode=osi&th=1&psc=1"><img src="https://m.media-amazon.com/images/I/516u5DAm7GL._SL500_.jpg" alt="Product Image"></a><p>Tiesta Tea - Lavender Chamomile | Soft Chamomile Herbal Tea | Premium Loose Leaf Tea Blend | Non Caffeinated Herbal Tea | Make Hot or Iced Tea & Brews Up to 25 Cups - 0.9 Ounce Resealable Pouch</p><p>$4.99 ($5.54 / Ounce)</p><a href="https://www.amazon.com/dp/B01AJBV0US?tag=eloabder-20&linkCode=osi&th=1&psc=1">View Product</a></div><div class="product"><a href="https://www.amazon.com/dp/B08VF85JJF?tag=eloabder-20&linkCode=osi&th=1&psc=1"><img src="https://m.media-amazon.com/images/I/517Ac4bB6FL._SL500_.jpg" alt="Product Image"></a><p>Tiesta Tea Top 8 Favorites Sampler Set, Up to 80 Cups, High to No Caffeine, Hot & Iced Tea, Loose Leaf Tea Variety Pack with Green, Herbal, Black & Chai Tea, 8 Sample Pouches</p><p>$22.95 ($3.59 / Ounce)</p><a href="https://www.amazon.com/dp/B08VF85JJF?tag=eloabder-20&linkCode=osi&th=1&psc=1">View Product</a></div><div class="product"><a href="https://www.amazon.com/dp/B08MWDTNTZ?tag=eloabder-20&linkCode=osi&th=1&psc=1"><img src="https://m.media-amazon.com/images/I/51M1TNYBU7L._SL500_.jpg" alt="Product Image"></a><p>Tetley British Blend Premium Black Tea, 320 Tea Bags, Rainforest Alliance Certified, 320 Count (Pack of 1)</p><p>$15.92 ($0.05 / Count)</p><a href="https://www.amazon.com/dp/B08MWDTNTZ?tag=eloabder-20&linkCode=osi&th=1&psc=1">View Product</a></div><div class="product"><a href="https://www.amazon.com/dp/B086R8PDZV?tag=eloabder-20&linkCode=osi&th=1&psc=1"><img src="https://m.media-amazon.com/images/I/41nHau5YdVL._SL500_.jpg" alt="Product Image"></a><p>Buddha Teas - Organic Mushroom Wellness Blend - Herbal Tea - For Health & Wellbeing - With Antioxidants & Minerals - Clean Ingredients - Caffeine Free - OU Kosher & Non-GMO - 18 Tea Bags (Pack of 1).</p><p>$8.25 ($0.46 / Count)</p><a href="https://www.amazon.com/dp/B086R8PDZV?tag=eloabder-20&linkCode=osi&th=1&psc=1">View Product</a></div><div class="product"><a href="https://www.amazon.com/dp/B07CGW59KH?tag=eloabder-20&linkCode=osi&th=1&psc=1"><img src="https://m.media-amazon.com/images/I/611h06lvlUL._SL500_.jpg" alt="Product Image"></a><p>Loose Leaf Tea Sampler Create Your Own Tea Blend Starter Kit w/Sencha, Rooibos, China Black, & Ginger, Lavender, Rose, Lemongrass, Hibiscus Spices</p><p>$29.99</p><a href="https://www.amazon.com/dp/B07CGW59KH?tag=eloabder-20&linkCode=osi&th=1&psc=1">View Product</a></div><div class="product"><a href="https://www.amazon.com/dp/B0CT8JGNB8?tag=eloabder-20&linkCode=osi&th=1&psc=1"><img src="https://m.media-amazon.com/images/I/411PWQNU6BL._SL500_.jpg" alt="Product Image"></a><p>120 Premium Turmeric, Ginger, Cinnamon Blend Tea Bags, 100% Natural & No Additives & Caffeine Free.</p><p>$14.95 ($0.12 / Count)</p><a href="https://www.amazon.com/dp/B0CT8JGNB8?tag=eloabder-20&linkCode=osi&th=1&psc=1">View Product</a></div><div class="product"><a href="https://www.amazon.com/dp/B00OS96DVY?tag=eloabder-20&linkCode=osi&th=1&psc=1"><img src="https://m.media-amazon.com/images/I/51-sK6ajnML._SL500_.jpg" alt="Product Image"></a><p>Harney & Sons Tower of London Black Tea with Vanilla, Black Currant, Caramel, and Honey | 30 sachets, Historic Royal Palaces Collection</p><p>$10.33 ($3.90 / Ounce)</p><a href="https://www.amazon.com/dp/B00OS96DVY?tag=eloabder-20&linkCode=osi&th=1&psc=1">View Product</a></div><div class="product"><a href="https://www.amazon.com/dp/B0BHYBHVJ6?tag=eloabder-20&linkCode=osi&th=1&psc=1"><img src="https://m.media-amazon.com/images/I/51F9trJcmdL._SL500_.jpg" alt="Product Image"></a><p>Organic Sleep Blend Herbal Tea - 50 Packets - Natural Chamomile, Peppermint, Fennel And Tulsi Teabags - USDA Certified 100% Non-GMO - Decaffeinated Designer Gift Tin</p><p>$8.69 ($0.17 / Count)</p><a href="https://www.amazon.com/dp/B0BHYBHVJ6?tag=eloabder-20&linkCode=osi&th=1&psc=1">View Product</a></div>
<div class="product"><a href="https://www.amazon.com/dp/B0BVXD8CX3?tag=eloabder-20&linkCode=osi&th=1&psc=1"><img src="https://m.media-amazon.com/images/I/51hkEiL7c8L._SL500_.jpg" alt="Product Image"></a><p>Simply Organic Herbs, Spices and Seasonings Assorted Variety Sampler Gift Set - By Veher (24-Pack)</p><p>$142.95 ($5.96 / Ounce)</p><a href="https://www.amazon.com/dp/B0BVXD8CX3?tag=eloabder-20&linkCode=osi&th=1&psc=1">View Product</a></div><div class="product"><a href="https://www.amazon.com/dp/B094WXH3KP?tag=eloabder-20&linkCode=osi&th=1&psc=1"><img src="https://m.media-amazon.com/images/I/51mqUk3dM1L._SL500_.jpg" alt="Product Image"></a><p>eonou Encore Seasonings and Spices 10 pk - Premium Cooking Spices and Herbs (Oregano, Rosemary, Basil, Parsley, Italian Seasoning, Cumin, Steak Spice, Chopped Onion, Onion Powder, Thyme)</p><p>$19.99 ($2.00 / Count)</p><a href="https://www.amazon.com/dp/B094WXH3KP?tag=eloabder-20&linkCode=osi&th=1&psc=1">View Product</a></div><div class="product"><a href="https://www.amazon.com/dp/B072N9BLHS?tag=eloabder-20&linkCode=osi&th=1&psc=1"><img src="https://m.media-amazon.com/images/I/519zkN7EgWL._SL500_.jpg" alt="Product Image"></a><p>The Spice Way Herbes De Provence - | 4oz | fresh herbs and spice seasoning</p><p>$6.99 ($1.75 / Ounce)</p><a href="https://www.amazon.com/dp/B072N9BLHS?tag=eloabder-20&linkCode=osi&th=1&psc=1">View Product</a></div><div class="product"><a href="https://www.amazon.com/dp/B0761Z81ZK?tag=eloabder-20&linkCode=osi&th=1&psc=1"><img src="https://m.media-amazon.com/images/I/51tYgb8ntBL._SL500_.jpg" alt="Product Image"></a><p>McCormick Grill Mates Roasted Garlic & Herb Seasoning, 9.25 oz</p><p>$7.43 ($0.80 / Ounce)</p><a href="https://www.amazon.com/dp/B0761Z81ZK?tag=eloabder-20&linkCode=osi&th=1&psc=1">View Product</a></div><div class="product"><a href="https://www.amazon.com/dp/B00CQ7K9J2?tag=eloabder-20&linkCode=osi&th=1&psc=1"><img src="https://m.media-amazon.com/images/I/317BBm1p-TL._SL500_.jpg" alt="Product Image"></a><p>Bragg Sprinkle Herbs and Spices - Salt Free Seasoning, 1.5oz, Single</p><p>$6.99 ($4.66 / Ounce)</p><a href="https://www.amazon.com/dp/B00CQ7K9J2?tag=eloabder-20&linkCode=osi&th=1&psc=1">View Product</a></div><div class="product"><a href="https://www.amazon.com/dp/B003H2S2KI?tag=eloabder-20&linkCode=osi&th=1&psc=1"><img src="https://m.media-amazon.com/images/I/41mr0wk+3mL._SL500_.jpg" alt="Product Image"></a><p>Badia Herbs De Provence, 8 Ounces</p><p>$6.26 ($0.78 / Ounce)</p><a href="https://www.amazon.com/dp/B003H2S2KI?tag=eloabder-20&linkCode=osi&th=1&psc=1">View Product</a></div><div class="product"><a href="https://www.amazon.com/dp/B0BQ4VRJBL?tag=eloabder-20&linkCode=osi&th=1&psc=1"><img src="https://m.media-amazon.com/images/I/41ZxLNNd8mL._SL500_.jpg" alt="Product Image"></a><p>Weber Roasted Garlic & Herb Seasoning, 5.5 Ounce Shaker</p><p>$2.82 ($0.51 / Ounce)</p><a href="https://www.amazon.com/dp/B0BQ4VRJBL?tag=eloabder-20&linkCode=osi&th=1&psc=1">View Product</a></div><div class="product"><a href="https://www.amazon.com/dp/B08KRC7V7J?tag=eloabder-20&linkCode=osi&th=1&psc=1"><img src="https://m.media-amazon.com/images/I/4170CYnZ9WL._SL500_.jpg" alt="Product Image"></a><p>McCormick Salt Free Garlic and Herb Seasoning, 4.37 oz</p><p>$4.68 ($1.07 / Ounce)</p><a href="https://www.amazon.com/dp/B08KRC7V7J?tag=eloabder-20&linkCode=osi&th=1&psc=1">View Product</a></div><div class="product"><a href="https://www.amazon.com/dp/B00IX4WUTY?tag=eloabder-20&linkCode=osi&th=1&psc=1"><img src="https://m.media-amazon.com/images/I/51TAH1ijkqS._SL500_.jpg" alt="Product Image"></a><p>Bragg Sprinkle Herbs and Spices Seasoning, 1.5oz, 3 Pack</p><p>$20.27 ($13.51 / Ounce)</p><a href="https://www.amazon.com/dp/B00IX4WUTY?tag=eloabder-20&linkCode=osi&th=1&psc=1">View Product</a></div>
<div class="product"><a href="https://www.amazon.com/dp/B0BWSKYV63?tag=eloabder-20&linkCode=osi&th=1&psc=1"><img src="https://m.media-amazon.com/images/I/51Q5Je2yRhL._SL500_.jpg" alt="Product Image"></a><p>Welch's Fruit Snacks, Mixed Fruit, Perfect Easter Basket Stuffers, Gluten Free, Bulk Pack, Individual Single Serve Bags, 0.8 oz (Pack of 40)</p><p>$7.99 ($0.25 / Ounce)</p><a href="https://www.amazon.com/dp/B0BWSKYV63?tag=eloabder-20&linkCode=osi&th=1&psc=1">View Product</a></div><div class="product"><a href="https://www.amazon.com/dp/B08826B2XL?tag=eloabder-20&linkCode=osi&th=1&psc=1"><img src="https://m.media-amazon.com/images/I/61DT5pSYXFL._SL500_.jpg" alt="Product Image"></a><p>Frito Lay Ultimate Classic Snacks Package, Variety Assortment of Chips, Cookies, Crackers, & Nuts, (Pack of 40) (Packaging May Vary)</p><p>$26.91</p><a href="https://www.amazon.com/dp/B08826B2XL?tag=eloabder-20&linkCode=osi&th=1&psc=1">View Product</a></div><div class="product"><a href="https://www.amazon.com/dp/B013OY25GA?tag=eloabder-20&linkCode=osi&th=1&psc=1"><img src="https://m.media-amazon.com/images/I/51FlSjX95aL._SL500_.jpg" alt="Product Image"></a><p>Snack Pack Chocolate and Vanilla Flavored Pudding Cups Family Pack, 12 Count Pudding Cups (6 Pack)</p><p>$3.27 ($0.01 / Ounce)</p><a href="https://www.amazon.com/dp/B013OY25GA?tag=eloabder-20&linkCode=osi&th=1&psc=1">View Product</a></div><div class="product"><a href="https://www.amazon.com/dp/B0BWSLB73Z?tag=eloabder-20&linkCode=osi&th=1&psc=1"><img src="https://m.media-amazon.com/images/I/51RWXG4OG6L._SL500_.jpg" alt="Product Image"></a><p>Welch's Fruit Snacks, Fruit Punch & Island Fruits Variety Pack, Perfect for School Lunches, Gluten Free, Bulk Pack, 0.8 oz Individual Single Serve Bags (Pack of 40)</p><p>$8.49 ($0.21 / Count)</p><a href="https://www.amazon.com/dp/B0BWSLB73Z?tag=eloabder-20&linkCode=osi&th=1&psc=1">View Product</a></div><div class="product"><a href="https://www.amazon.com/dp/B09FFXR2VV?tag=eloabder-20&linkCode=osi&th=1&psc=1"><img src="https://m.media-amazon.com/images/I/51SZiftXwcL._SL500_.jpg" alt="Product Image"></a><p>The Only Bean Crunchy Dry Roasted Edamame Snacks (Sea Salt), Keto Snack Food, High Protein (11g) Healthy Snacks, Low Carb Gluten Free Office Vegan Food 100 Calorie Snack Pack, 0.9oz 10 Pack</p><p>$12.72 ($1.41 / Ounce)</p><a href="https://www.amazon.com/dp/B09FFXR2VV?tag=eloabder-20&linkCode=osi&th=1&psc=1">View Product</a></div><div class="product"><a href="https://www.amazon.com/dp/B072151Q32?tag=eloabder-20&linkCode=osi&th=1&psc=1"><img src="https://m.media-amazon.com/images/I/41Rlgfdz90L._SL500_.jpg" alt="Product Image"></a><p>Dole Fruit Bowls No Sugar Added Variety Pack Snacks, Peaches, Mandarin Oranges & Cherry Mixed Fruit, 4oz 12 Cups, Gluten & Dairy Free, Bulk Lunch Snacks for Kids & Adults</p><p>$6.74 ($0.56 / Count)</p><a href="https://www.amazon.com/dp/B072151Q32?tag=eloabder-20&linkCode=osi&th=1&psc=1">View Product</a></div><div class="product"><a href="https://www.amazon.com/dp/B084RDDFGR?tag=eloabder-20&linkCode=osi&th=1&psc=1"><img src="https://m.media-amazon.com/images/I/41eLMpoHGkL._SL500_.jpg" alt="Product Image"></a><p>Kellogg's Rice Krispies Treats, Crispy Marshmallow Squares, Original, School Lunch Snack, 41.9oz Case (54 Count)</p><p>$13.49 ($0.32 / Ounce)</p><a href="https://www.amazon.com/dp/B084RDDFGR?tag=eloabder-20&linkCode=osi&th=1&psc=1">View Product</a></div><div class="product"><a href="https://www.amazon.com/dp/B00G2XNSWQ?tag=eloabder-20&linkCode=osi&th=1&psc=1"><img src="https://m.media-amazon.com/images/I/411XH1pQP8L._SL500_.jpg" alt="Product Image"></a><p>Nutella & GO! Bulk 12 Pack, Hazelnut and Cocoa Spread with Breadsticks, Snack Cups for Kids, 1.8 oz Each</p><p>$11.99 ($0.56 / Ounce)</p><a href="https://www.amazon.com/dp/B00G2XNSWQ?tag=eloabder-20&linkCode=osi&th=1&psc=1">View Product</a></div><div class="product"><a href="https://www.amazon.com/dp/B00KR7PKTC?tag=eloabder-20&linkCode=osi&th=1&psc=1"><img src="https://m.media-amazon.com/images/I/414UW7g-s5L._SL500_.jpg" alt="Product Image"></a><p>Cheez-It Cheese Crackers, Baked Snack Crackers, Lunch Snacks, Variety Pack, 12.1oz Box (12 Packs)</p><p>$5.82 ($0.48 / Ounce)</p><a href="https://www.amazon.com/dp/B00KR7PKTC?tag=eloabder-20&linkCode=osi&th=1&psc=1">View Product</a></div><div class="product"><a href="https://www.amazon.com/dp/B078D7MGY5?tag=eloabder-20&linkCode=osi&th=1&psc=1"><img src="https://m.media-amazon.com/images/I/41ttxloA1AL._SL500_.jpg" alt="Product Image"></a><p>Pringles Potato Crisps Chips, Lunch Snacks, On-the-Go Snacks, Snack Stacks, Variety Pack, 19.3oz Box (27 Cups)</p><p>$12.99 ($0.67 / Ounce)</p><a href="https://www.amazon.com/dp/B078D7MGY5?tag=eloabder-20&linkCode=osi&th=1&psc=1">View Product</a></div>
<div class="product"><a href="https://www.amazon.com/dp/B0C5YLP6PC?tag=eloabder-20&linkCode=osi&th=1&psc=1"><img src="https://m.media-amazon.com/images/I/41Ru-8CxkhL._SL500_.jpg" alt="Product Image"></a><p>3 Pack, Gluten Free Potato Gnocchi, Cooks in 2-3 minutes, (3 x 1 lb), Italian Gnocchi, Product of Italy, NON GMO, Eggs Free, Vegan, by L'Oro Del Sud</p><p>$17.99 ($1.12 / Ounce)</p><a href="https://www.amazon.com/dp/B0C5YLP6PC?tag=eloabder-20&linkCode=osi&th=1&psc=1">View Product</a></div><div class="product"><a href="https://www.amazon.com/dp/B09Q98H64R?tag=eloabder-20&linkCode=osi&th=1&psc=1"><img src="https://m.media-amazon.com/images/I/5101NV4WQOL._SL500_.jpg" alt="Product Image"></a><p>Kraft Gluten Free Original Mac & Cheese Macaroni and Cheese Dinner, 4 ct Pack, 1.9 oz Cups</p><p>$6.49 ($0.85 / Ounce)</p><a href="https://www.amazon.com/dp/B09Q98H64R?tag=eloabder-20&linkCode=osi&th=1&psc=1">View Product</a></div><div class="product"><a href="https://www.amazon.com/dp/B0BRBWXDTK?tag=eloabder-20&linkCode=osi&th=1&psc=1"><img src="https://m.media-amazon.com/images/I/41Di2iNnMJL._SL500_.jpg" alt="Product Image"></a><p>Katz Gluten Free Oatmeal Crème Pies| Dairy Free, Nut Free, Soy Free, Gluten Free | Kosher (1 Pack 6.3 Ounce)</p><p>$12.99 ($2.16 / Ounce)</p><a href="https://www.amazon.com/dp/B0BRBWXDTK?tag=eloabder-20&linkCode=osi&th=1&psc=1">View Product</a></div><div class="product"><a href="https://www.amazon.com/dp/B01JJ9H1Q8?tag=eloabder-20&linkCode=osi&th=1&psc=1"><img src="https://m.media-amazon.com/images/I/41EC1yykptL._SL500_.jpg" alt="Product Image"></a><p>King Arthur, Measure for Measure Flour, Certified Gluten-Free, Non-GMO Project Verified, Certified Kosher, 3 Pounds, Packaging May Vary</p><p>$8.62 ($0.18 / Ounce)</p><a href="https://www.amazon.com/dp/B01JJ9H1Q8?tag=eloabder-20&linkCode=osi&th=1&psc=1">View Product</a></div><div class="product"><a href="https://www.amazon.com/dp/B07CL1SRNB?tag=eloabder-20&linkCode=osi&th=1&psc=1"><img src="https://m.media-amazon.com/images/I/51jpv3MCzgL._SL500_.jpg" alt="Product Image"></a><p>Snyder's of Hanover, Gluten Free Pretzels, 8 Oz</p><p>$4.89 ($0.61 / Ounce)</p><a href="https://www.amazon.com/dp/B07CL1SRNB?tag=eloabder-20&linkCode=osi&th=1&psc=1">View Product</a></div><div class="product"><a href="https://www.amazon.com/dp/B004TSXNIA?tag=eloabder-20&linkCode=osi&th=1&psc=1"><img src="https://m.media-amazon.com/images/I/5137tUox+SL._SL500_.jpg" alt="Product Image"></a><p>Annie's Gluten Free Cocoa and Vanilla Bunny Cookies, 6.75 oz</p><p>$4.22 ($0.62 / Ounce)</p><a href="https://www.amazon.com/dp/B004TSXNIA?tag=eloabder-20&linkCode=osi&th=1&psc=1">View Product</a></div><div class="product"><a href="https://www.amazon.com/dp/B00GI9B84O?tag=eloabder-20&linkCode=osi&th=1&psc=1"><img src="https://m.media-amazon.com/images/I/41e7kO-b3WS._SL500_.jpg" alt="Product Image"></a><p>Mom's Place Gluten Free Beef Stroganoff Mix</p><p>$5.99 ($5.99 / Count)</p><a href="https://www.amazon.com/dp/B00GI9B84O?tag=eloabder-20&linkCode=osi&th=1&psc=1">View Product</a></div><div class="product"><a href="https://www.amazon.com/dp/B0BXQWVL1Q?tag=eloabder-20&linkCode=osi&th=1&psc=1"><img src="https://m.media-amazon.com/images/I/413idrGl7fL._SL500_.jpg" alt="Product Image"></a><p>Simple Mills Almond Flour Snack Bars (Chocolate Brownie) with Organic Coconut Oil, Chia Seeds, Sunflower Seeds, and Flax Seeds, 6oz, 1 Count</p><p>$4.50 ($0.75 / Ounce)</p><a href="https://www.amazon.com/dp/B0BXQWVL1Q?tag=eloabder-20&linkCode=osi&th=1&psc=1">View Product</a></div><div class="product"><a href="https://www.amazon.com/dp/B09Z9QV2CT?tag=eloabder-20&linkCode=osi&th=1&psc=1"><img src="https://m.media-amazon.com/images/I/41pnXqKjS7L._SL500_.jpg" alt="Product Image"></a><p>Mom's Place Gluten Free Biscuits & Gravy Mix</p><p>$8.99 ($0.67 / Ounce)</p><a href="https://www.amazon.com/dp/B09Z9QV2CT?tag=eloabder-20&linkCode=osi&th=1&psc=1">View Product</a></div>
<div class="product"><a href="https://www.amazon.com/dp/B0BNZF5CCM?tag=eloabder-20&linkCode=osi&th=1&psc=1"><img src="https://m.media-amazon.com/images/I/61ZB1KesX-L._SL500_.jpg" alt="Product Image"></a><p>Midi International Snack Box | Premium Exotic Foreign Snacks | Unique Snack Food Gifts Included | Purple Theme Box | Candies from Around the World | 12 Full-Size + 1 Bonus Snacks</p><p>$14.95 ($14.95 / Count)</p><a href="https://www.amazon.com/dp/B0BNZF5CCM?tag=eloabder-20&linkCode=osi&th=1&psc=1">View Product</a></div><div class="product"><a href="https://www.amazon.com/dp/B08W72N8SM?tag=eloabder-20&linkCode=osi&th=1&psc=1"><img src="https://m.media-amazon.com/images/I/61UC7bprqkL._SL500_.jpg" alt="Product Image"></a><p>Midi International Snack Box | Premium Exotic Foreign Snacks | Unique Snack Food Gifts Included | Fantastic Space Theme | Candies from Around the World | 12 Full-Size + 1 Bonus Snacks</p><p>$14.99 ($1.25 / Count)</p><a href="https://www.amazon.com/dp/B08W72N8SM?tag=eloabder-20&linkCode=osi&th=1&psc=1">View Product</a></div><div class="product"><a href="https://www.amazon.com/dp/B0C6PRVVJY?tag=eloabder-20&linkCode=osi&th=1&psc=1"><img src="https://m.media-amazon.com/images/I/61o8Z3EzSnL._SL500_.jpg" alt="Product Image"></a><p>International Exotic Snack Box Variety Pack, 22 Count Premium Foreign Rare Snack Food Gifts with Suprise Item for Fun, Mystery Box of Snacks, European Snacks for Adults and Kids</p><p>$29.95</p><a href="https://www.amazon.com/dp/B0C6PRVVJY?tag=eloabder-20&linkCode=osi&th=1&psc=1">View Product</a></div><div class="product"><a href="https://www.amazon.com/dp/B09T7B3QFJ?tag=eloabder-20&linkCode=osi&th=1&psc=1"><img src="https://m.media-amazon.com/images/I/61Xx7pPJCkL._SL500_.jpg" alt="Product Image"></a><p>Universal Yums International Snack Box | Variety Pack Of Chips, Candy, Chocolates, And Snacks From Around The World | Foreign Snacks For Office, Family, Gifts, And Parties | (50 Exotic Snacks)</p><p>$49.50</p><a href="https://www.amazon.com/dp/B09T7B3QFJ?tag=eloabder-20&linkCode=osi&th=1&psc=1">View Product</a></div><div class="product"><a href="https://www.amazon.com/dp/B08W71KXLS?tag=eloabder-20&linkCode=osi&th=1&psc=1"><img src="https://m.media-amazon.com/images/I/61dcTJQFmBL._SL500_.jpg" alt="Product Image"></a><p>Midi International Snack Box | Premium Exotic Foreign Snacks | Unique Snack Food Gifts Included | Picnic Box Theme | Candies from Around the World | 12 Full-Size + 1 Bonus Snacks</p><p>$14.99 ($14.99 / Count)</p><a href="https://www.amazon.com/dp/B08W71KXLS?tag=eloabder-20&linkCode=osi&th=1&psc=1">View Product</a></div><div class="product"><a href="https://www.amazon.com/dp/B09TG6WCBC?tag=eloabder-20&linkCode=osi&th=1&psc=1"><img src="https://m.media-amazon.com/images/I/61lmk368l0L._SL500_.jpg" alt="Product Image"></a><p>Midi International Snack Box (Fairy Tale Themed) | Snacks Variety Pack of International Treats | Foreign Snack Box Offering Unique Experience | Mix Care Pack of Turkish Candies | 12 Full-Size Snacks</p><p>$14.99 ($1.00 / Ounce)</p><a href="https://www.amazon.com/dp/B09TG6WCBC?tag=eloabder-20&linkCode=osi&th=1&psc=1">View Product</a></div><div class="product"><a href="https://www.amazon.com/dp/B0BNZCVDYQ?tag=eloabder-20&linkCode=osi&th=1&psc=1"><img src="https://m.media-amazon.com/images/I/61aTXvWjbSL._SL500_.jpg" alt="Product Image"></a><p>Midi International Snack Box | Premium Exotic Foreign Snacks | Unique Snack Food Gifts Included | Orange Nebula Space Theme | Candies from Around the World | 12 Full-Size + 1 Bonus Snacks</p><p>$14.99 ($14.99 / Count)</p><a href="https://www.amazon.com/dp/B0BNZCVDYQ?tag=eloabder-20&linkCode=osi&th=1&psc=1">View Product</a></div><div class="product"><a href="https://www.amazon.com/dp/B0CK8DWXS2?tag=eloabder-20&linkCode=osi&th=1&psc=1"><img src="https://m.media-amazon.com/images/I/511Z-FX62TL._SL500_.jpg" alt="Product Image"></a><p>Mega International Snack Box | Premium Exotic Foreign Snacks | Unique Snack Food Gifts Included | Try Extraordinary Turkish Snacks | Candies from Around the World | 32+1 Full-Size Snacks</p><p>$39.95 ($1.00 / Ounce)</p><a href="https://www.amazon.com/dp/B0CK8DWXS2?tag=eloabder-20&linkCode=osi&th=1&psc=1">View Product</a></div><div class="product"><a href="https://www.amazon.com/dp/B0CGRMR7VN?tag=eloabder-20&linkCode=osi&th=1&psc=1"><img src="https://m.media-amazon.com/images/I/51PgWRUNnkL._SL500_.jpg" alt="Product Image"></a><p>Turkish Foreign Snack Box, Gourmet Turkish Food Gift Box, Variety of Unique Sweets and Savory Snacks from Turkey - International Snacks Box - Full Sized Snacks - 24ct</p><p>$23.99 ($1.00 / Count)</p><a href="https://www.amazon.com/dp/B0CGRMR7VN?tag=eloabder-20&linkCode=osi&th=1&psc=1">View Product</a></div>
<div class="product"><a href="https://www.amazon.com/dp/B001EQ5NHE?tag=eloabder-20&linkCode=osi&th=1&psc=1"><img src="https://m.media-amazon.com/images/I/51Kg06c5YuL._SL500_.jpg" alt="Product Image"></a><p>Spam Classic, 12 Ounce Can (Pack of 12)</p><p>$28.32 ($0.20 / Ounce)</p><a href="https://www.amazon.com/dp/B001EQ5NHE?tag=eloabder-20&linkCode=osi&th=1&psc=1">View Product</a></div><div class="product"><a href="https://www.amazon.com/dp/B08DQ6422D?tag=eloabder-20&linkCode=osi&th=1&psc=1"><img src="https://m.media-amazon.com/images/I/51-xOj2EbVL._SL500_.jpg" alt="Product Image"></a><p>Del Monte Cut Blue Lake Green Beans With No Added Salt 14.5 Oz,(Pack of 4)</p><p>$5.28 ($0.09 / Ounce)</p><a href="https://www.amazon.com/dp/B08DQ6422D?tag=eloabder-20&linkCode=osi&th=1&psc=1">View Product</a></div><div class="product"><a href="https://www.amazon.com/dp/B089PMW6C3?tag=eloabder-20&linkCode=osi&th=1&psc=1"><img src="https://m.media-amazon.com/images/I/41fKtFm2RAL._SL500_.jpg" alt="Product Image"></a><p>SpaghettiOs Canned Pasta with Meatballs, 15.6 oz Can (Pack of 12)</p><p>$11.44 ($0.06 / Ounce)</p><a href="https://www.amazon.com/dp/B089PMW6C3?tag=eloabder-20&linkCode=osi&th=1&psc=1">View Product</a></div><div class="product"><a href="https://www.amazon.com/dp/B006VS7C60?tag=eloabder-20&linkCode=osi&th=1&psc=1"><img src="https://m.media-amazon.com/images/I/51adZb-RUeL._SL500_.jpg" alt="Product Image"></a><p>Campbell’s Pork and Beans, 11 Oz Can (Case of 24)</p><p>$20.64 ($0.08 / Ounce)</p><a href="https://www.amazon.com/dp/B006VS7C60?tag=eloabder-20&linkCode=osi&th=1&psc=1">View Product</a></div><div class="product"><a href="https://www.amazon.com/dp/B00CPDWTBI?tag=eloabder-20&linkCode=osi&th=1&psc=1"><img src="https://m.media-amazon.com/images/I/61M2-LCC5uL._SL500_.jpg" alt="Product Image"></a><p>DEL MONTE FRESH CUT Whole New Canned Potatoes, Canned Vegetables, 12 Pack, 14.5 oz Can</p><p>$17.76 ($0.10 / Ounce)</p><a href="https://www.amazon.com/dp/B00CPDWTBI?tag=eloabder-20&linkCode=osi&th=1&psc=1">View Product</a></div><div class="product"><a href="https://www.amazon.com/dp/B00TFPKEZM?tag=eloabder-20&linkCode=osi&th=1&psc=1"><img src="https://m.media-amazon.com/images/I/51VTHItyaXL._SL500_.jpg" alt="Product Image"></a><p>Del Monte Canned Fresh Cut French Style Green Beans, 8 Ounce (Pack of 12)</p><p>$16.68 ($0.17 / Ounce)</p><a href="https://www.amazon.com/dp/B00TFPKEZM?tag=eloabder-20&linkCode=osi&th=1&psc=1">View Product</a></div><div class="product"><a href="https://www.amazon.com/dp/B08WR5J62L?tag=eloabder-20&linkCode=osi&th=1&psc=1"><img src="https://m.media-amazon.com/images/I/51QjonsN18L._SL500_.jpg" alt="Product Image"></a><p>Chicken of the Sea Chunk Light Tuna in Water, Wild Caught Tuna, 5-Ounce Cans (Pack of 10)</p><p>$8.90 ($2.85 / lb)</p><a href="https://www.amazon.com/dp/B08WR5J62L?tag=eloabder-20&linkCode=osi&th=1&psc=1">View Product</a></div><div class="product"><a href="https://www.amazon.com/dp/B01MQ6BDM0?tag=eloabder-20&linkCode=osi&th=1&psc=1"><img src="https://m.media-amazon.com/images/I/51chxbCoRfL._SL500_.jpg" alt="Product Image"></a><p>Libby's Vienna Sausage in Chicken Broth, Canned Sausage, 4.6 OZ (Pack of 24)</p><p>$23.52 ($0.98 / Count)</p><a href="https://www.amazon.com/dp/B01MQ6BDM0?tag=eloabder-20&linkCode=osi&th=1&psc=1">View Product</a></div><div class="product"><a href="https://www.amazon.com/dp/B01NBFQ8TF?tag=eloabder-20&linkCode=osi&th=1&psc=1"><img src="https://m.media-amazon.com/images/I/41ijyPglLPL._SL500_.jpg" alt="Product Image"></a><p>Bush's Best Baked Beans, Country Style with Bacon and Brown Sugar, 8.3 OZ (Pack of 12)</p><p>$20.28 ($1.69 / Count)</p><a href="https://www.amazon.com/dp/B01NBFQ8TF?tag=eloabder-20&linkCode=osi&th=1&psc=1">View Product</a></div><div class="product"><a href="https://www.amazon.com/dp/B019YHSNGC?tag=eloabder-20&linkCode=osi&th=1&psc=1"><img src="https://m.media-amazon.com/images/I/51oHYkvLL0L._SL500_.jpg" alt="Product Image"></a><p>Bumble Bee Chunk Light Tuna In Water, 5 oz Cans (Pack of 24) - Wild Caught Skipjack Tuna - 23g Protein Per Serving - MSC Certified Sustainable Seafood, Non-GMO, Gluten Free, Kosher</p><p>$23.36 ($0.19 / Ounce)</p><a href="https://www.amazon.com/dp/B019YHSNGC?tag=eloabder-20&linkCode=osi&th=1&psc=1">View Product</a></div>
<div class="product"><a href="https://www.amazon.com/dp/B07KQNNW9K?tag=eloabder-20&linkCode=osi&th=1&psc=1"><img src="https://m.media-amazon.com/images/I/51EVSxp535L._SL500_.jpg" alt="Product Image"></a><p>HORMEL COMPLEATS Protein Variety Pack Microwave Trays (Pack of 5)</p><p>$14.99 ($0.33 / Ounce)</p><a href="https://www.amazon.com/dp/B07KQNNW9K?tag=eloabder-20&linkCode=osi&th=1&psc=1">View Product</a></div><div class="product"><a href="https://www.amazon.com/dp/B000V1JVAI?tag=eloabder-20&linkCode=osi&th=1&psc=1"><img src="https://m.media-amazon.com/images/I/51moeAwg0qL._SL500_.jpg" alt="Product Image"></a><p>HORMEL COMPLEATS Meatloaf & Gravy With Mashed Potatoes Microwave Tray, 9 oz. (6 Pack)</p><p>$13.68 ($0.25 / Ounce)</p><a href="https://www.amazon.com/dp/B000V1JVAI?tag=eloabder-20&linkCode=osi&th=1&psc=1">View Product</a></div><div class="product"><a href="https://www.amazon.com/dp/B001E55YXS?tag=eloabder-20&linkCode=osi&th=1&psc=1"><img src="https://m.media-amazon.com/images/I/51f7Q-awP2L._SL500_.jpg" alt="Product Image"></a><p>HORMEL COMPLEATS Beef Pot Roast Microwave Tray, 9 Ounce (Pack of 6)</p><p>$13.68 ($0.25 / Ounce)</p><a href="https://www.amazon.com/dp/B001E55YXS?tag=eloabder-20&linkCode=osi&th=1&psc=1">View Product</a></div><div class="product"><a href="https://www.amazon.com/dp/B001E52XGO?tag=eloabder-20&linkCode=osi&th=1&psc=1"><img src="https://m.media-amazon.com/images/I/513-IE78MvL._SL500_.jpg" alt="Product Image"></a><p>HORMEL COMPLEATS Turkey & Dressing Microwave Tray, 10 oz. (6 Pack)</p><p>$13.68 ($0.23 / Ounce)</p><a href="https://www.amazon.com/dp/B001E52XGO?tag=eloabder-20&linkCode=osi&th=1&psc=1">View Product</a></div><div class="product"><a href="https://www.amazon.com/dp/B01JLWGOCA?tag=eloabder-20&linkCode=osi&th=1&psc=1"><img src="https://m.media-amazon.com/images/I/41JtN2c2Y3L._SL500_.jpg" alt="Product Image"></a><p>Idahoan Four Cheese Mashed Potatoes, Made with Gluten-Free 100-Percent Real Idaho Potatoes, 1.5 oz Cup (Pack of 10)</p><p>$11.23 ($0.75 / Ounce)</p><a href="https://www.amazon.com/dp/B01JLWGOCA?tag=eloabder-20&linkCode=osi&th=1&psc=1">View Product</a></div><div class="product"><a href="https://www.amazon.com/dp/B08P3SVWFR?tag=eloabder-20&linkCode=osi&th=1&psc=1"><img src="https://m.media-amazon.com/images/I/51Q7KX85dtL._SL500_.jpg" alt="Product Image"></a><p>StarKist Premium White Chicken - 2.6 oz Pouch (Pack of 12)</p><p>$15.06 ($0.48 / Ounce)</p><a href="https://www.amazon.com/dp/B08P3SVWFR?tag=eloabder-20&linkCode=osi&th=1&psc=1">View Product</a></div><div class="product"><a href="https://www.amazon.com/dp/B001E52WAG?tag=eloabder-20&linkCode=osi&th=1&psc=1"><img src="https://m.media-amazon.com/images/I/51dV9dBtkEL._SL500_.jpg" alt="Product Image"></a><p>Dinty Moore Beef Stew, 9-Ounce Packages (Pack of 6)</p><p>$17.34 ($0.32 / Ounce)</p><a href="https://www.amazon.com/dp/B001E52WAG?tag=eloabder-20&linkCode=osi&th=1&psc=1">View Product</a></div><div class="product"><a href="https://www.amazon.com/dp/B0BTQWY5LL?tag=eloabder-20&linkCode=osi&th=1&psc=1"><img src="https://m.media-amazon.com/images/I/61dN-t0ureL._SL500_.jpg" alt="Product Image"></a><p>MISS OLIVE'S Variety Pack Microwavable Low Sodium Ready Meals (Bundle of 6)-1 of each flavor</p><p>$26.49 ($0.63 / Ounce)</p><a href="https://www.amazon.com/dp/B0BTQWY5LL?tag=eloabder-20&linkCode=osi&th=1&psc=1">View Product</a></div><div class="product"><a href="https://www.amazon.com/dp/B0111Y7PO2?tag=eloabder-20&linkCode=osi&th=1&psc=1"><img src="https://m.media-amazon.com/images/I/51ReJtj0zJL._SL500_.jpg" alt="Product Image"></a><p>HORMEL COMPLEATS Rice & Chicken Microwave Tray, 7.5 Ounces (Pack of 7)</p><p>$15.96 ($0.30 / Ounce)</p><a href="https://www.amazon.com/dp/B0111Y7PO2?tag=eloabder-20&linkCode=osi&th=1&psc=1">View Product</a></div><div class="product"><a href="https://www.amazon.com/dp/B09GL33XZG?tag=eloabder-20&linkCode=osi&th=1&psc=1"><img src="https://m.media-amazon.com/images/I/41tbj+XvZLL._SL500_.jpg" alt="Product Image"></a><p>HMR Ultimate Entrée Pack | Pre-packaged Lunch or Dinner to Support Weight Loss | Pack of 17 Ready to Eat Meals | 10-20 grams of Protein per Entrée | Low Calorie Food | 7-8oz Servings per Meal</p><p>$89.99</p><a href="https://www.amazon.com/dp/B09GL33XZG?tag=eloabder-20&linkCode=osi&th=1&psc=1">View Product</a></div>
<div class="product"><a href="https://www.amazon.com/dp/B00I9VBMLI?tag=eloabder-20&linkCode=osi&th=1&psc=1"><img src="https://m.media-amazon.com/images/I/51kyWWI+vRL._SL500_.jpg" alt="Product Image"></a><p>Chef Boyardee Beef Ravioli, 15 oz, 4 Pack</p><p>$4.48 ($0.07 / Count)</p><a href="https://www.amazon.com/dp/B00I9VBMLI?tag=eloabder-20&linkCode=osi&th=1&psc=1">View Product</a></div>
<div class="product"><a href="https://www.amazon.com/dp/B0CJCXLDSP?tag=eloabder-20&linkCode=osi&th=1&psc=1"><img src="https://m.media-amazon.com/images/I/41uUHvJRp2L._SL500_.jpg" alt="Product Image"></a><p>ARM & HAMMER Baking Soda Made in USA, Ideal for Baking, Pure & Natural, 2.7lb Bag</p><p>$7.99 ($0.18 / Ounce)</p><a href="https://www.amazon.com/dp/B0CJCXLDSP?tag=eloabder-20&linkCode=osi&th=1&psc=1">View Product</a></div><div class="product"><a href="https://www.amazon.com/dp/B07JFLXZQV?tag=eloabder-20&linkCode=osi&th=1&psc=1"><img src="https://m.media-amazon.com/images/I/41mGwlHTcmL._SL500_.jpg" alt="Product Image"></a><p>Vanilla Bean Paste for Baking and Cooking - Gourmet Madagascar Bourbon Blend made with Real Vanilla Seeds - 4 Ounces</p><p>$14.99 ($3.75 / Ounce)</p><a href="https://www.amazon.com/dp/B07JFLXZQV?tag=eloabder-20&linkCode=osi&th=1&psc=1">View Product</a></div><div class="product"><a href="https://www.amazon.com/dp/B0046EJ570?tag=eloabder-20&linkCode=osi&th=1&psc=1"><img src="https://m.media-amazon.com/images/I/31TFd1IdsRL._SL500_.jpg" alt="Product Image"></a><p>Watkins All Natural Original Gourmet Baking Vanilla, with Pure Vanilla Extract, 11 Fl Oz (Pack of 1) - Packaging May Vary</p><p>$12.35 ($1.12 / Fl Oz)</p><a href="https://www.amazon.com/dp/B0046EJ570?tag=eloabder-20&linkCode=osi&th=1&psc=1">View Product</a></div><div class="product"><a href="https://www.amazon.com/dp/B00PMUNEK6?tag=eloabder-20&linkCode=osi&th=1&psc=1"><img src="https://m.media-amazon.com/images/I/41LZqR+JNZL._SL500_.jpg" alt="Product Image"></a><p>10 Organic Madagascar Vanilla Beans Whole Grade A Vanilla Pods for Vanilla Extract and Baking</p><p>$11.04 ($1.10 / Count)</p><a href="https://www.amazon.com/dp/B00PMUNEK6?tag=eloabder-20&linkCode=osi&th=1&psc=1">View Product</a></div><div class="product"><a href="https://www.amazon.com/dp/B0CBW3D9T7?tag=eloabder-20&linkCode=osi&th=1&psc=1"><img src="https://m.media-amazon.com/images/I/414XubDDPPL._SL500_.jpg" alt="Product Image"></a><p>Scratch Diastatic Malt Powder for Baking - (10oz) Dried Barley Malt for Baking Bread - Bread Improver - Premium Baking Ingredients for Breads, Pizzas, Pretzels, Desserts, Shakes and More</p><p>$8.95 ($0.90 / Ounce)</p><a href="https://www.amazon.com/dp/B0CBW3D9T7?tag=eloabder-20&linkCode=osi&th=1&psc=1">View Product</a></div><div class="product"><a href="https://www.amazon.com/dp/B00VEJOUXE?tag=eloabder-20&linkCode=osi&th=1&psc=1"><img src="https://m.media-amazon.com/images/I/41HmZhMPH1L._SL500_.jpg" alt="Product Image"></a><p>Bob's Red Mill Baking Soda - 1 Pound (Pack of 4), Non GMO, Gluten Free, Vegan, Kosher, Paleo Friendly</p><p>$13.10 ($0.20 / Ounce)</p><a href="https://www.amazon.com/dp/B00VEJOUXE?tag=eloabder-20&linkCode=osi&th=1&psc=1">View Product</a></div><div class="product"><a href="https://www.amazon.com/dp/B0CG7C5X2F?tag=eloabder-20&linkCode=osi&th=1&psc=1"><img src="https://m.media-amazon.com/images/I/41cN3OdncVL._SL500_.jpg" alt="Product Image"></a><p>Micro Ingredients Baking Soda Powder, 6lbs | Pure Sodium Bicarbonate | Bulk Food Grade Supply | Great for Cleaning, Cooking, Laundry, or Personal Care | Non-GMO, Filler Free</p><p>$13.95 ($0.15 / Ounce)</p><a href="https://www.amazon.com/dp/B0CG7C5X2F?tag=eloabder-20&linkCode=osi&th=1&psc=1">View Product</a></div><div class="product"><a href="https://www.amazon.com/dp/B075456XMK?tag=eloabder-20&linkCode=osi&th=1&psc=1"><img src="https://m.media-amazon.com/images/I/31YCnL21+nL._SL500_.jpg" alt="Product Image"></a><p>Pure Original Ingredients Baking Soda (2 lb) Sodium Bicarbonate (NaHCO3), Always Pure, No Fillers Or Additives.</p><p>$11.99 ($0.37 / Ounce)</p><a href="https://www.amazon.com/dp/B075456XMK?tag=eloabder-20&linkCode=osi&th=1&psc=1">View Product</a></div><div class="product"><a href="https://www.amazon.com/dp/B08FYKMRGT?tag=eloabder-20&linkCode=osi&th=1&psc=1"><img src="https://m.media-amazon.com/images/I/41TdlxCI0EL._SL500_.jpg" alt="Product Image"></a><p>King Arthur, Baking Sugar Alternative, Made with Plant-Based Ingredients, Keto-Friendly, 1-to-1 Substitute for Granulated Sugar, 12 Ounces</p><p>$9.95 ($0.83 / Ounce)</p><a href="https://www.amazon.com/dp/B08FYKMRGT?tag=eloabder-20&linkCode=osi&th=1&psc=1">View Product</a></div><div class="product"><a href="https://www.amazon.com/dp/B07KKL5Q68?tag=eloabder-20&linkCode=osi&th=1&psc=1"><img src="https://m.media-amazon.com/images/I/41G0eZnHIxL._SL500_.jpg" alt="Product Image"></a><p>Pure Original Ingredients Baking Soda (1 Gallon) Aluminum Free, Cooking, Baking, Cleaning</p><p>$30.99 ($0.19 / Ounce)</p><a href="https://www.amazon.com/dp/B07KKL5Q68?tag=eloabder-20&linkCode=osi&th=1&psc=1">View Product</a></div>
<div class="product"><a href="https://www.amazon.com/dp/B0029K0U90?tag=eloabder-20&linkCode=osi&th=1&psc=1"><img src="https://m.media-amazon.com/images/I/412vWjuj9tL._SL500_.jpg" alt="Product Image"></a><p>Mrs. Wages Pasta Sauce Canning Mix 5 Ounce (Pack of 6)</p><p>$19.32 ($0.64 / Ounce)</p><a href="https://www.amazon.com/dp/B0029K0U90?tag=eloabder-20&linkCode=osi&th=1&psc=1">View Product</a></div><div class="product"><a href="https://www.amazon.com/dp/B0005ZWUDU?tag=eloabder-20&linkCode=osi&th=1&psc=1"><img src="https://m.media-amazon.com/images/I/411oE+5BGYL._SL500_.jpg" alt="Product Image"></a><p>Classico Roasted Garlic Tomato Spaghetti Pasta Sauce (24 oz Jar)</p><p>$2.98 ($0.12 / Ounce)</p><a href="https://www.amazon.com/dp/B0005ZWUDU?tag=eloabder-20&linkCode=osi&th=1&psc=1">View Product</a></div><div class="product"><a href="https://www.amazon.com/dp/B00H3TKG6O?tag=eloabder-20&linkCode=osi&th=1&psc=1"><img src="https://m.media-amazon.com/images/I/41dtGUjEl7L._SL500_.jpg" alt="Product Image"></a><p>Classico Family Favorites Traditional Pasta Sauce (24 oz Jar)</p><p>$2.16 ($0.09 / Ounce)</p><a href="https://www.amazon.com/dp/B00H3TKG6O?tag=eloabder-20&linkCode=osi&th=1&psc=1">View Product</a></div><div class="product"><a href="https://www.amazon.com/dp/B088N719GQ?tag=eloabder-20&linkCode=osi&th=1&psc=1"><img src="https://m.media-amazon.com/images/I/412O4vvfLcL._SL500_.jpg" alt="Product Image"></a><p>Prego Traditional Pasta Sauce, 45 Oz Jar</p><p>$4.23 ($0.09 / Ounce)</p><a href="https://www.amazon.com/dp/B088N719GQ?tag=eloabder-20&linkCode=osi&th=1&psc=1">View Product</a></div><div class="product"><a href="https://www.amazon.com/dp/B00IAE65L6?tag=eloabder-20&linkCode=osi&th=1&psc=1"><img src="https://m.media-amazon.com/images/I/41keFWtHEbL._SL500_.jpg" alt="Product Image"></a><p>Prego Traditional Pasta Sauce, 67 Oz Jar</p><p>$5.36 ($0.08 / Ounce)</p><a href="https://www.amazon.com/dp/B00IAE65L6?tag=eloabder-20&linkCode=osi&th=1&psc=1">View Product</a></div><div class="product"><a href="https://www.amazon.com/dp/B0CRXQZMWN?tag=eloabder-20&linkCode=osi&th=1&psc=1"><img src="https://m.media-amazon.com/images/I/41GWdkqzH0L._SL500_.jpg" alt="Product Image"></a><p>Prego Creamy Roasted Garlic Pesto Pasta Sauce, 14.5 oz Jar</p><p>$2.79 ($0.19 / Ounce)</p><a href="https://www.amazon.com/dp/B0CRXQZMWN?tag=eloabder-20&linkCode=osi&th=1&psc=1">View Product</a></div><div class="product"><a href="https://www.amazon.com/dp/B0033TSDKY?tag=eloabder-20&linkCode=osi&th=1&psc=1"><img src="https://m.media-amazon.com/images/I/416ipEt-ErS._SL500_.jpg" alt="Product Image"></a><p>Classico Four Cheese Alfredo Pasta Sauce (15 oz Jar)</p><p>$3.13 ($0.21 / Ounce)</p><a href="https://www.amazon.com/dp/B0033TSDKY?tag=eloabder-20&linkCode=osi&th=1&psc=1">View Product</a></div><div class="product"><a href="https://www.amazon.com/dp/B000Q3R6V2?tag=eloabder-20&linkCode=osi&th=1&psc=1"><img src="https://m.media-amazon.com/images/I/51DwtNnipoL._SL500_.jpg" alt="Product Image"></a><p>Hunt's Traditional Pasta Sauce, 24 oz</p><p>$1.34 ($0.06 / Ounce)</p><a href="https://www.amazon.com/dp/B000Q3R6V2?tag=eloabder-20&linkCode=osi&th=1&psc=1">View Product</a></div><div class="product"><a href="https://www.amazon.com/dp/B00XXGW39Y?tag=eloabder-20&linkCode=osi&th=1&psc=1"><img src="https://m.media-amazon.com/images/I/41FycYZ91BL._SL500_.jpg" alt="Product Image"></a><p>Classico Vodka Sauce Tomato Spaghetti Pasta Sauce (24 oz Jar)</p><p>$2.52 ($0.10 / Fl Oz)</p><a href="https://www.amazon.com/dp/B00XXGW39Y?tag=eloabder-20&linkCode=osi&th=1&psc=1">View Product</a></div><div class="product"><a href="https://www.amazon.com/dp/B07JVJR966?tag=eloabder-20&linkCode=osi&th=1&psc=1"><img src="https://m.media-amazon.com/images/I/412rjNSU1HL._SL500_.jpg" alt="Product Image"></a><p>Prego Traditional Pasta Sauce, 24 Oz Jar (Case of 12)</p><p>$29.76 ($0.10 / Fl Oz)</p><a href="https://www.amazon.com/dp/B07JVJR966?tag=eloabder-20&linkCode=osi&th=1&psc=1">View Product</a></div>
<div class="product"><a href="https://www.amazon.com/dp/B07GBS8GVH?tag=eloabder-20&linkCode=osi&th=1&psc=1"><img src="https://m.media-amazon.com/images/I/51Xpb2UbnAS._SL500_.jpg" alt="Product Image"></a><p>BEN'S ORIGINAL Ready Rice Whole Grain Brown Rice, Easy Dinner Side, 8.8 OZ Pouch (Pack of 6)</p><p>$13.08 ($0.25 / Ounce)</p><a href="https://www.amazon.com/dp/B07GBS8GVH?tag=eloabder-20&linkCode=osi&th=1&psc=1">View Product</a></div><div class="product"><a href="https://www.amazon.com/dp/B000YPKPV0?tag=eloabder-20&linkCode=osi&th=1&psc=1"><img src="https://m.media-amazon.com/images/I/51RKdJy7-TL._SL500_.jpg" alt="Product Image"></a><p>Rice-A-Roni Long grain & wild rice with herbs, 4.3 Ounce Pack of 12</p><p>$12.00 ($0.23 / Ounce)</p><a href="https://www.amazon.com/dp/B000YPKPV0?tag=eloabder-20&linkCode=osi&th=1&psc=1">View Product</a></div><div class="product"><a href="https://www.amazon.com/dp/B004NRLAVY?tag=eloabder-20&linkCode=osi&th=1&psc=1"><img src="https://m.media-amazon.com/images/I/51l35npdSyL._SL500_.jpg" alt="Product Image"></a><p>Nishiki Premium Rice, Medium Grain,15 Pound (Pack of 1)</p><p>$20.19 ($0.08 / Ounce)</p><a href="https://www.amazon.com/dp/B004NRLAVY?tag=eloabder-20&linkCode=osi&th=1&psc=1">View Product</a></div><div class="product"><a href="https://www.amazon.com/dp/B00MMTQAF6?tag=eloabder-20&linkCode=osi&th=1&psc=1"><img src="https://m.media-amazon.com/images/I/41uID5vVhuL._SL500_.jpg" alt="Product Image"></a><p>Mahatma Extra Long Grain White Rice, 10 Pound, Gluten-Free and Non-GMO, Rice Bulk Bag (Pack of 1)</p><p>$9.98 ($0.06 / Ounce)</p><a href="https://www.amazon.com/dp/B00MMTQAF6?tag=eloabder-20&linkCode=osi&th=1&psc=1">View Product</a></div><div class="product"><a href="https://www.amazon.com/dp/B00I330QEQ?tag=eloabder-20&linkCode=osi&th=1&psc=1"><img src="https://m.media-amazon.com/images/I/41eu-3nevsL._SL500_.jpg" alt="Product Image"></a><p>Authentic Royal - Naturally Aged Long Grain Indian White Basmati Rice - 15 lbs</p><p>$15.03 ($0.06 / Ounce)</p><a href="https://www.amazon.com/dp/B00I330QEQ?tag=eloabder-20&linkCode=osi&th=1&psc=1">View Product</a></div><div class="product"><a href="https://www.amazon.com/dp/B00CLGUKKG?tag=eloabder-20&linkCode=osi&th=1&psc=1"><img src="https://m.media-amazon.com/images/I/41mEtyqtEVL._SL500_.jpg" alt="Product Image"></a><p>Mahatma Whole-Grain Brown Rice, 32-Ounce Bag of Rice, Stovetop or Microwave Rice</p><p>$2.68 ($0.08 / Ounce)</p><a href="https://www.amazon.com/dp/B00CLGUKKG?tag=eloabder-20&linkCode=osi&th=1&psc=1">View Product</a></div><div class="product"><a href="https://www.amazon.com/dp/B0087HFXJ6?tag=eloabder-20&linkCode=osi&th=1&psc=1"><img src="https://m.media-amazon.com/images/I/51eYTUAUKZL._SL500_.jpg" alt="Product Image"></a><p>RiceSelect Royal Blend, Blend Of Texmati White, Brown, Red, And Wild Rice, Premium Gluten Free Rice, Non-GMO, 21 Ounce Jar</p><p>$6.98 ($0.33 / Ounce)</p><a href="https://www.amazon.com/dp/B0087HFXJ6?tag=eloabder-20&linkCode=osi&th=1&psc=1">View Product</a></div><div class="product"><a href="https://www.amazon.com/dp/B07HKTD2BD?tag=eloabder-20&linkCode=osi&th=1&psc=1"><img src="https://m.media-amazon.com/images/I/519+60cp2dL._SL500_.jpg" alt="Product Image"></a><p>Nishiki Premium 7 Grains Mix, 2 Pound</p><p>$14.49 ($0.45 / Ounce)</p><a href="https://www.amazon.com/dp/B07HKTD2BD?tag=eloabder-20&linkCode=osi&th=1&psc=1">View Product</a></div><div class="product"><a href="https://www.amazon.com/dp/B00G9U46DW?tag=eloabder-20&linkCode=osi&th=1&psc=1"><img src="https://m.media-amazon.com/images/I/51Xpb2UbnAS._SL500_.jpg" alt="Product Image"></a><p>BEN'S ORIGINAL Ready Rice Whole Grain Brown Rice, Easy Dinner Side, 8.8 OZ Pouch (Pack of 12)</p><p>$26.16 ($0.25 / Ounce)</p><a href="https://www.amazon.com/dp/B00G9U46DW?tag=eloabder-20&linkCode=osi&th=1&psc=1">View Product</a></div>
<div class="product"><a href="https://www.amazon.com/dp/B0D4KLB4HP?tag=eloabder-20&linkCode=osi&th=1&psc=1"><img src="https://m.media-amazon.com/images/I/51r7s+M2jqL._SL500_.jpg" alt="Product Image"></a><p>Chronos Condiment 150 bundle pack - 50 Single Serve Pouches of Each: Ketchup, Mustard, and Mayo - 150 Pack, Great for Picnics, Boxed Lunch, BBQ, Travel, and Parties</p><p>$21.97</p><a href="https://www.amazon.com/dp/B0D4KLB4HP?tag=eloabder-20&linkCode=osi&th=1&psc=1">View Product</a></div><div class="product"><a href="https://www.amazon.com/dp/B003XLOOCS?tag=eloabder-20&linkCode=osi&th=1&psc=1"><img src="https://m.media-amazon.com/images/I/51x0jDzOLjL._SL500_.jpg" alt="Product Image"></a><p>Heinz Tomato Ketchup, Relish, and Mustard Picnic Pack, 3 Count</p><p>$5.98 ($0.11 / Ounce)</p><a href="https://www.amazon.com/dp/B003XLOOCS?tag=eloabder-20&linkCode=osi&th=1&psc=1">View Product</a></div><div class="product"><a href="https://www.amazon.com/dp/B0992VW16R?tag=eloabder-20&linkCode=osi&th=1&psc=1"><img src="https://m.media-amazon.com/images/I/51eFgOarc1L._SL500_.jpg" alt="Product Image"></a><p>Grab-n-Go Condiment Packs - 50 Single Serve Pouches of Each: Ketchup, Mustard, Relish, and Mayo - Great for Picnics, Boxed Lunch, BBQ, Travel, Picnic and Parties (200 Condiment Packets Total)</p><p>$29.99 ($0.15 / Count)</p><a href="https://www.amazon.com/dp/B0992VW16R?tag=eloabder-20&linkCode=osi&th=1&psc=1">View Product</a></div><div class="product"><a href="https://www.amazon.com/dp/B0D3J9HHS2?tag=eloabder-20&linkCode=osi&th=1&psc=1"><img src="https://m.media-amazon.com/images/I/51VkOjMAkXL._SL500_.jpg" alt="Product Image"></a><p>Heinz Condiment Packets Variety 100 Pack- 25 Heinz Ketchup Packets, 25 Mayonnaise Packets, 25 Mustard Packets, and 25 Relish Packets. Ketchup Heinz, Mayo Packets.</p><p>$19.99 ($0.20 / Count)</p><a href="https://www.amazon.com/dp/B0D3J9HHS2?tag=eloabder-20&linkCode=osi&th=1&psc=1">View Product</a></div><div class="product"><a href="https://www.amazon.com/dp/B091DCC2CH?tag=eloabder-20&linkCode=osi&th=1&psc=1"><img src="https://m.media-amazon.com/images/I/415Iq4kWRXL._SL500_.jpg" alt="Product Image"></a><p>Hellmann's Real Mayonnaise Squeeze Bottle 3 Count a Rich Creamy Condiment Gluten Free, Made With 100% Cage-Free Eggs 20 oz</p><p>$11.90 ($0.20 / Fl Oz)</p><a href="https://www.amazon.com/dp/B091DCC2CH?tag=eloabder-20&linkCode=osi&th=1&psc=1">View Product</a></div><div class="product"><a href="https://www.amazon.com/dp/B0CMR2DML7?tag=eloabder-20&linkCode=osi&th=1&psc=1"><img src="https://m.media-amazon.com/images/I/61dFhpega1L._SL500_.jpg" alt="Product Image"></a><p>Crait Individual Condiment Packets Variety Pack of 50 Hot Sauce Packets with Mayo Packets, Ketchup Packets and Yellow Mustard Packets Single Serve</p><p>$15.00 ($0.30 / Count)</p><a href="https://www.amazon.com/dp/B0CMR2DML7?tag=eloabder-20&linkCode=osi&th=1&psc=1">View Product</a></div><div class="product"><a href="https://www.amazon.com/dp/B0D3JCR2XS?tag=eloabder-20&linkCode=osi&th=1&psc=1"><img src="https://m.media-amazon.com/images/I/51RtTP7u7aL._SL500_.jpg" alt="Product Image"></a><p>Hot Sauce Variety Pack of 48 Condiment Packets. 4 Each of 12 Flavors. Texas Pete Hot Sauce Packets, Mini Condiments, Mini Hot Sauce, Condiment Packets Variety Pack, Single Serve</p><p>$17.99 ($0.37 / Count)</p><a href="https://www.amazon.com/dp/B0D3JCR2XS?tag=eloabder-20&linkCode=osi&th=1&psc=1">View Product</a></div><div class="product"><a href="https://www.amazon.com/dp/B00XK3IYUW?tag=eloabder-20&linkCode=osi&th=1&psc=1"><img src="https://m.media-amazon.com/images/I/51T9Vgtx+bL._SL500_.jpg" alt="Product Image"></a><p>Heinz Condiment Packets Ketchup and Mustard (100 Total; 50 Each Flavor)</p><p>$13.10 ($0.60 / Ounce)</p><a href="https://www.amazon.com/dp/B00XK3IYUW?tag=eloabder-20&linkCode=osi&th=1&psc=1">View Product</a></div>
<div class="product"><a href="https://www.amazon.com/dp/B09DYZSHJR?tag=eloabder-20&linkCode=osi&th=1&psc=1"><img src="https://m.media-amazon.com/images/I/31fEqU5FfOL._SL500_.jpg" alt="Product Image"></a><p>DaVinci Gourmet Honey Syrup, 25.4 Fluid Ounce (Pack of 1)</p><p>$9.99 ($0.39 / Fl Oz)</p><a href="https://www.amazon.com/dp/B09DYZSHJR?tag=eloabder-20&linkCode=osi&th=1&psc=1">View Product</a></div><div class="product"><a href="https://www.amazon.com/dp/B09GW7TXH3?tag=eloabder-20&linkCode=osi&th=1&psc=1"><img src="https://m.media-amazon.com/images/I/31hUGuR-NsL._SL500_.jpg" alt="Product Image"></a><p>Glorybee, Premium Honey Syrup, Real Honey, No Artifical colors or flavors, 25.4 fl oz</p><p>$10.73 ($0.42 / Fl Oz)</p><a href="https://www.amazon.com/dp/B09GW7TXH3?tag=eloabder-20&linkCode=osi&th=1&psc=1">View Product</a></div><div class="product"><a href="https://www.amazon.com/dp/B07C1138N5?tag=eloabder-20&linkCode=osi&th=1&psc=1"><img src="https://m.media-amazon.com/images/I/31bISVR+FkL._SL500_.jpg" alt="Product Image"></a><p>Monin - Honey Syrup, Smooth Sweet Honey Flavor, Great for Teas, Lemonades, Cocktails, & Coffee, Gluten-Free, Non-GMO (1 Liter)</p><p>$19.13 ($0.57 / Fl Oz)</p><a href="https://www.amazon.com/dp/B07C1138N5?tag=eloabder-20&linkCode=osi&th=1&psc=1">View Product</a></div><div class="product"><a href="https://www.amazon.com/dp/B0D43FMJ8V?tag=eloabder-20&linkCode=osi&th=1&psc=1"><img src="https://m.media-amazon.com/images/I/41P8d3eueDL._SL500_.jpg" alt="Product Image"></a><p>Torani Salted Honey Butter Syrup for Coffee 25.4 Ounces Coffee Syrups and Flavors with Jimoco Pump Syrup Dispenser</p><p>$17.95 ($0.71 / Fl Oz)</p><a href="https://www.amazon.com/dp/B0D43FMJ8V?tag=eloabder-20&linkCode=osi&th=1&psc=1">View Product</a></div><div class="product"><a href="https://www.amazon.com/dp/B00IRRJBRQ?tag=eloabder-20&linkCode=osi&th=1&psc=1"><img src="https://m.media-amazon.com/images/I/31a3OJgvluL._SL500_.jpg" alt="Product Image"></a><p>Torani Honey Sweetener, 25.4 Ounce (Pack of 4)</p><p>$25.47 ($0.25 / Fl Oz)</p><a href="https://www.amazon.com/dp/B00IRRJBRQ?tag=eloabder-20&linkCode=osi&th=1&psc=1">View Product</a></div><div class="product"><a href="https://www.amazon.com/dp/B0BSMPDPZ9?tag=eloabder-20&linkCode=osi&th=1&psc=1"><img src="https://m.media-amazon.com/images/I/41A+L9ilEXL._SL500_.jpg" alt="Product Image"></a><p>Monin - Hot Honey Syrup, Robust Sweet & Spicy Flavors, Great for Lemonades, Teas, Cocktails, Culinary Recipes, & More, No Artificial Sweeteners, Gluten-Free, Non-GMO, Clean Label (1 Liter)</p><p>$17.99 ($0.53 / Fl Oz)</p><a href="https://www.amazon.com/dp/B0BSMPDPZ9?tag=eloabder-20&linkCode=osi&th=1&psc=1">View Product</a></div><div class="product"><a href="https://www.amazon.com/dp/B078YFLF9K?tag=eloabder-20&linkCode=osi&th=1&psc=1"><img src="https://m.media-amazon.com/images/I/41Gx-mwendL._SL500_.jpg" alt="Product Image"></a><p>Tippleman's Ginger Honey Syrup - Craft Cocktail Mixer - All Natural Complex Syrup for Cocktails and Non-Alcoholic Beverages - Margarita, Whiskey Sour, or Sweet Iced Tea - Makes 17 Cocktails</p><p>$24.99 ($1.92 / Fl Oz)</p><a href="https://www.amazon.com/dp/B078YFLF9K?tag=eloabder-20&linkCode=osi&th=1&psc=1">View Product</a></div><div class="product"><a href="https://www.amazon.com/dp/B07CWFJV6C?tag=eloabder-20&linkCode=osi&th=1&psc=1"><img src="https://m.media-amazon.com/images/I/41cmu+ltDxL._SL500_.jpg" alt="Product Image"></a><p>Robitussin Maximum Strength Honey Cough + Chest Congestion DM, Cough Medicine for Cough and Chest Congestion Relief Made with Real Honey- 4 Fl Oz Bottle</p><p>$11.74 ($2.94 / Fl Oz)</p><a href="https://www.amazon.com/dp/B07CWFJV6C?tag=eloabder-20&linkCode=osi&th=1&psc=1">View Product</a></div><div class="product"><a href="https://www.amazon.com/dp/B005S1LP28?tag=eloabder-20&linkCode=osi&th=1&psc=1"><img src="https://m.media-amazon.com/images/I/41DkU4bxBrL._SL500_.jpg" alt="Product Image"></a><p>Monin - Organic Honey Sweetener, Low-Calorie Liquid Sweetener, Sugar Substitute, Coffee Syrup, Made with Organic Honey, Simple Syrup for Cocktails, Iced Tea, & More, Clean Label (1 Liter)</p><p>$26.99 ($0.80 / Fl Oz)</p><a href="https://www.amazon.com/dp/B005S1LP28?tag=eloabder-20&linkCode=osi&th=1&psc=1">View Product</a></div>
<div class="product"><a href="https://www.amazon.com/dp/B0D3FYHWP7?tag=eloabder-20&linkCode=osi&th=1&psc=1"><img src="https://m.media-amazon.com/images/I/41W51dqWhAL._SL500_.jpg" alt="Product Image"></a><p>Blueprint Bryan Johnson Nutty Butter - Macadamia Nuts and Walnuts - Just 3 Ingredients - No Palm Oil - Keto and Low Carb Snack - No Added Sugar, Vegan, Non GMO, Keto and Paleo Friendly (8.8 ounces)</p><p>$11.00 ($1.25 / Ounce)</p><a href="https://www.amazon.com/dp/B0D3FYHWP7?tag=eloabder-20&linkCode=osi&th=1&psc=1">View Product</a></div><div class="product"><a href="https://www.amazon.com/dp/B0B34J7HHD?tag=eloabder-20&linkCode=osi&th=1&psc=1"><img src="https://m.media-amazon.com/images/I/31UpKhqk2QL._SL500_.jpg" alt="Product Image"></a><p>Octonuts Dry Roasted Pure Cashew 16oz Nut Butter 16oz - Pure Creamy Nut Butter - Gluten Free, Vegan, Kosher, Paleo, Non-GMO Nut Butters Single Ingredient</p><p>$11.99 ($0.75 / Ounce)</p><a href="https://www.amazon.com/dp/B0B34J7HHD?tag=eloabder-20&linkCode=osi&th=1&psc=1">View Product</a></div><div class="product"><a href="https://www.amazon.com/dp/B09NP7D465?tag=eloabder-20&linkCode=osi&th=1&psc=1"><img src="https://m.media-amazon.com/images/I/51+XSeELM2L._SL500_.jpg" alt="Product Image"></a><p>Crazy Go Nuts Walnut Butter - Plain w/ Sea Salt - Healthy Snacks, Keto, Vegan, Low Carb, Gluten Free, Superfood - Natural, Non-GMO, ALA, Omega 3 Fatty Acids, Good Fats and Antioxidants - 9.25 oz (1-Pack)</p><p>$10.99 ($1.19 / Ounce)</p><a href="https://www.amazon.com/dp/B09NP7D465?tag=eloabder-20&linkCode=osi&th=1&psc=1">View Product</a></div><div class="product"><a href="https://www.amazon.com/dp/B00KHAG1BK?tag=eloabder-20&linkCode=osi&th=1&psc=1"><img src="https://m.media-amazon.com/images/I/41nZVovN5oL._SL500_.jpg" alt="Product Image"></a><p>JUSTIN'S Classic Gluten-Free Almond Butter Squeeze Packs, 1.15 Ounce (Pack of 10)</p><p>$13.40 ($1.17 / Ounce)</p><a href="https://www.amazon.com/dp/B00KHAG1BK?tag=eloabder-20&linkCode=osi&th=1&psc=1">View Product</a></div><div class="product"><a href="https://www.amazon.com/dp/B01M06S98E?tag=eloabder-20&linkCode=osi&th=1&psc=1"><img src="https://m.media-amazon.com/images/I/41fCsKiYMdL._SL500_.jpg" alt="Product Image"></a><p>Organic Power Fuel Crunchy Nut Butter by NuttZo | 7 Nuts & Seeds Blend, Paleo, Non-GMO, Gluten-Free, Vegan, Kosher | 1g Sugar, 6g Protein | 26oz Jar</p><p>$21.99 ($0.85 / Ounce)</p><a href="https://www.amazon.com/dp/B01M06S98E?tag=eloabder-20&linkCode=osi&th=1&psc=1">View Product</a></div><div class="product"><a href="https://www.amazon.com/dp/B07CGZ2RJQ?tag=eloabder-20&linkCode=osi&th=1&psc=1"><img src="https://m.media-amazon.com/images/I/41eZiTYDVgL._SL500_.jpg" alt="Product Image"></a><p>Vör Pure Macadamia Nut Butter Spread (11oz) | Only One Ingredient</p><p>$18.99 ($1.73 / Ounce)</p><a href="https://www.amazon.com/dp/B07CGZ2RJQ?tag=eloabder-20&linkCode=osi&th=1&psc=1">View Product</a></div><div class="product"><a href="https://www.amazon.com/dp/B00X7W96OO?tag=eloabder-20&linkCode=osi&th=1&psc=1"><img src="https://m.media-amazon.com/images/I/41jU7bL5rFL._SL500_.jpg" alt="Product Image"></a><p>MaraNatha Creamy Roasted Caramel Almond Butter, No Stir, 12 Ounce Jar</p><p>$6.94 ($0.58 / Ounce)</p><a href="https://www.amazon.com/dp/B00X7W96OO?tag=eloabder-20&linkCode=osi&th=1&psc=1">View Product</a></div>
<div class="product"><a href="https://www.amazon.com/dp/B01CUS63OG?tag=eloabder-20&linkCode=osi&th=1&psc=1"><img src="https://m.media-amazon.com/images/I/51o0FJwMj8L._SL500_.jpg" alt="Product Image"></a><p>Anna and Sarah Tropical Dried Fruit Mix 2 Lbs</p><p>$17.99 ($9.00 / lb)</p><a href="https://www.amazon.com/dp/B01CUS63OG?tag=eloabder-20&linkCode=osi&th=1&psc=1">View Product</a></div><div class="product"><a href="https://www.amazon.com/dp/B09LZ7YCF7?tag=eloabder-20&linkCode=osi&th=1&psc=1"><img src="https://m.media-amazon.com/images/I/41XMLNKxlML._SL500_.jpg" alt="Product Image"></a><p>Dried Pineapple Chunks, 1 Pound. Dehydrated Pineapple Chunk, Dehydrated Pineapple Bulk, Dried Pineapple Bits. All Natural, Non-GMO, Lightly Sweetened Dried Pineapples, 16 oz.</p><p>$9.99 ($0.62 / oz)</p><a href="https://www.amazon.com/dp/B09LZ7YCF7?tag=eloabder-20&linkCode=osi&th=1&psc=1">View Product</a></div><div class="product"><a href="https://www.amazon.com/dp/B000M69QRU?tag=eloabder-20&linkCode=osi&th=1&psc=1"><img src="https://m.media-amazon.com/images/I/51EyH2xvyyS._SL500_.jpg" alt="Product Image"></a><p>Ocean Spray Craisins Dried Cranberries, Original, 48 Ounce</p><p>$7.62 ($0.16 / Fl Oz)</p><a href="https://www.amazon.com/dp/B000M69QRU?tag=eloabder-20&linkCode=osi&th=1&psc=1">View Product</a></div><div class="product"><a href="https://www.amazon.com/dp/B09YTMZ1GP?tag=eloabder-20&linkCode=osi&th=1&psc=1"><img src="https://m.media-amazon.com/images/I/51+y56cVq0L._SL500_.jpg" alt="Product Image"></a><p>Oregon Farm Fresh Snacks Dried Fruit Mix – 24oz Healthy Snacks - Fresh and Natural Fruit Trail Mix – Mixed Fruit Snacks for Adults and Kids – Ideal for Breakfast, Cakes, Snacks</p><p>$17.99 ($0.75 / Ounce)</p><a href="https://www.amazon.com/dp/B09YTMZ1GP?tag=eloabder-20&linkCode=osi&th=1&psc=1">View Product</a></div><div class="product"><a href="https://www.amazon.com/dp/B08Z5QXBK1?tag=eloabder-20&linkCode=osi&th=1&psc=1"><img src="https://m.media-amazon.com/images/I/51a0Oclr3nS._SL500_.jpg" alt="Product Image"></a><p>Dried Cherries Tart Cherry, 1lb. Montmorency Tart Cherries, Dried Sour Cherries Fresh, Montmorency Dried Tart Cherries, Dried Cherries, All-Natural Whole Sour Cherry 16 oz.</p><p>$14.28 ($0.89 / oz)</p><a href="https://www.amazon.com/dp/B08Z5QXBK1?tag=eloabder-20&linkCode=osi&th=1&psc=1">View Product</a></div><div class="product"><a href="https://www.amazon.com/dp/B00F34772M?tag=eloabder-20&linkCode=osi&th=1&psc=1"><img src="https://m.media-amazon.com/images/I/51AsgKQIMiL._SL500_.jpg" alt="Product Image"></a><p>A Gift Inside Sweet Bloom Dried Fruit Deluxe Tray Basket Arrangement for Holiday Birthday Healthy Snack Business Kosher</p><p>$33.20</p><a href="https://www.amazon.com/dp/B00F34772M?tag=eloabder-20&linkCode=osi&th=1&psc=1">View Product</a></div><div class="product"><a href="https://www.amazon.com/dp/B01N057EEP?tag=eloabder-20&linkCode=osi&th=1&psc=1"><img src="https://m.media-amazon.com/images/I/51MrelYxkML._SL500_.jpg" alt="Product Image"></a><p>Mavuno Harvest Organic Dried Fruit Variety Pack | Dried Mango, Pineapple, and Jackfruit | Healthy, Vegan, No Sugar Added, Non GMO Snacks for Kids & Adults | 2 Ounce, Pack of 3</p><p>$13.99 ($2.33 / Ounce)</p><a href="https://www.amazon.com/dp/B01N057EEP?tag=eloabder-20&linkCode=osi&th=1&psc=1">View Product</a></div><div class="product"><a href="https://www.amazon.com/dp/B08JWR4M3F?tag=eloabder-20&linkCode=osi&th=1&psc=1"><img src="https://m.media-amazon.com/images/I/41rjnxAN2FL._SL500_.jpg" alt="Product Image"></a><p>Sunrise Fresh Dried Sweet Cherries, Unsweetened, No Sugar Added, Fresh Fruit Flavor, 1 lb Bag</p><p>$14.49 ($0.91 / oz)</p><a href="https://www.amazon.com/dp/B08JWR4M3F?tag=eloabder-20&linkCode=osi&th=1&psc=1">View Product</a></div><div class="product"><a href="https://www.amazon.com/dp/B08YP8NQP4?tag=eloabder-20&linkCode=osi&th=1&psc=1"><img src="https://m.media-amazon.com/images/I/51GM51afRIS._SL500_.jpg" alt="Product Image"></a><p>Whole Dried Blueberries, No Sugar Added, Bulk, Dehydrated, Dried Unsweetened Blueberries, All Natural, Non-GMO, 1 Pound. - 16 oz.</p><p>$17.44 ($1.09 / oz)</p><a href="https://www.amazon.com/dp/B08YP8NQP4?tag=eloabder-20&linkCode=osi&th=1&psc=1">View Product</a></div>
<div class="product"><a href="https://www.amazon.com/dp/B084T1VWP5?tag=eloabder-20&linkCode=osi&th=1&psc=1"><img src="https://m.media-amazon.com/images/I/51o0utHF41L._SL500_.jpg" alt="Product Image"></a><p>Planters Pop & Pour Dry Roasted Sunflower Seeds, (4 - 5.85 oz. Jars)</p><p>$7.96 ($0.34 / Ounce)</p><a href="https://www.amazon.com/dp/B084T1VWP5?tag=eloabder-20&linkCode=osi&th=1&psc=1">View Product</a></div><div class="product"><a href="https://www.amazon.com/dp/B07TZX3KQZ?tag=eloabder-20&linkCode=osi&th=1&psc=1"><img src="https://m.media-amazon.com/images/I/41OvCvu5E9L._SL500_.jpg" alt="Product Image"></a><p>Yupik Organic Super 6 Seeds Mix, 2.2 lb, Non-GMO, Vegan</p><p>$11.99 ($0.34 / Ounce)</p><a href="https://www.amazon.com/dp/B07TZX3KQZ?tag=eloabder-20&linkCode=osi&th=1&psc=1">View Product</a></div><div class="product"><a href="https://www.amazon.com/dp/B07W7ZZJQB?tag=eloabder-20&linkCode=osi&th=1&psc=1"><img src="https://m.media-amazon.com/images/I/51jbKA5l0CL._SL500_.jpg" alt="Product Image"></a><p>Southern Style Nuts Gourmet Hunter Mix, 23 Ounces, Sesame Sticks, Peanuts, Sunflower Kernels, Almonds, Cashews, and Pepitas</p><p>$7.92 ($0.34 / Ounce)</p><a href="https://www.amazon.com/dp/B07W7ZZJQB?tag=eloabder-20&linkCode=osi&th=1&psc=1">View Product</a></div><div class="product"><a href="https://www.amazon.com/dp/B089LJB5F5?tag=eloabder-20&linkCode=osi&th=1&psc=1"><img src="https://m.media-amazon.com/images/I/51kS4PKIyZL._SL500_.jpg" alt="Product Image"></a><p>Fisher Oven Roasted Never Fried Deluxe Mixed Nuts, 24 Ounces (Pack of 1), Almonds, Cashews, Pecans, Pistachios, Snacks for Adults, Made With Sea Salt, No Added Oil, Artificial Ingredients or Preservatives, Trail Mix, Gluten Free</p><p>$17.09 ($0.71 / Ounce)</p><a href="https://www.amazon.com/dp/B089LJB5F5?tag=eloabder-20&linkCode=osi&th=1&psc=1">View Product</a></div><div class="product"><a href="https://www.amazon.com/dp/B077HZW2FX?tag=eloabder-20&linkCode=osi&th=1&psc=1"><img src="https://m.media-amazon.com/images/I/51AQx+2kfEL._SL500_.jpg" alt="Product Image"></a><p>BetterBody Foods Superfood Organic Super Seeds - Blend of Organic Chia Seeds, Milled Flax Seed, Hemp Hearts, Add to Smoothies Shakes & More, 1lb, 16 oz</p><p>$10.66 ($0.67 / Ounce)</p><a href="https://www.amazon.com/dp/B077HZW2FX?tag=eloabder-20&linkCode=osi&th=1&psc=1">View Product</a></div><div class="product"><a href="https://www.amazon.com/dp/B00PPKSZO8?tag=eloabder-20&linkCode=osi&th=1&psc=1"><img src="https://m.media-amazon.com/images/I/41Q7alFU8RL._SL500_.jpg" alt="Product Image"></a><p>PLANTERS Unsalted Mixed Nuts, Cashews, Almonds, Hazelnuts, Pecans, Pistachios no Shell, Party Snacks, Plant-Based Protein, Quick Snack for Adults, After School Snack, Kosher, 2.16lb Container</p><p>$17.26 ($0.50 / Fl Oz)</p><a href="https://www.amazon.com/dp/B00PPKSZO8?tag=eloabder-20&linkCode=osi&th=1&psc=1">View Product</a></div><div class="product"><a href="https://www.amazon.com/dp/B0CHLKJ7JM?tag=eloabder-20&linkCode=osi&th=1&psc=1"><img src="https://m.media-amazon.com/images/I/51sXps1S2KL._SL500_.jpg" alt="Product Image"></a><p>KIND Seeds Fruit & Nuts Snack Bar, Orange Cranberry | 5g Protein, High Fiber, Gluten Free Bars, 1.4 OZ, 12 Count</p><p>$14.96 ($1.25 / Count)</p><a href="https://www.amazon.com/dp/B0CHLKJ7JM?tag=eloabder-20&linkCode=osi&th=1&psc=1">View Product</a></div><div class="product"><a href="https://www.amazon.com/dp/B0CHLD9ZKL?tag=eloabder-20&linkCode=osi&th=1&psc=1"><img src="https://m.media-amazon.com/images/I/51l78v8NL9L._SL500_.jpg" alt="Product Image"></a><p>KIND Seeds Fruit & Nuts Snack Bar, Strawberry Sunflower Seed | 5g Protein, High Fiber, Gluten Free Bars, 1.4 OZ, 12 Count</p><p>$13.58 ($1.13 / Count)</p><a href="https://www.amazon.com/dp/B0CHLD9ZKL?tag=eloabder-20&linkCode=osi&th=1&psc=1">View Product</a></div><div class="product"><a href="https://www.amazon.com/dp/B079WN7C3F?tag=eloabder-20&linkCode=osi&th=1&psc=1"><img src="https://m.media-amazon.com/images/I/41YqpED33FL._SL500_.jpg" alt="Product Image"></a><p>GERBS Raw Super 7 Seed Snack Trail Mix 1 LBS. | Top 14 Food Allergy Free | Resealable Bulk Bag | Made in USA | Raw Pumpkin | Sunflower | Brown & Golden Flax | Black & White Chia | Hemp | Gluten Free</p><p>$14.99 ($0.94 / Ounce)</p><a href="https://www.amazon.com/dp/B079WN7C3F?tag=eloabder-20&linkCode=osi&th=1&psc=1">View Product</a></div><div class="product"><a href="https://www.amazon.com/dp/B00CYK8DOE?tag=eloabder-20&linkCode=osi&th=1&psc=1"><img src="https://m.media-amazon.com/images/I/41hvbaCdz6L._SL500_.jpg" alt="Product Image"></a><p>Oh! Nuts Roasted Salted Pumpkin Seeds | Resealable 2LB Bulk Bag of Unshelled Pepitas | All-Natural Protein Power for Gluten-Free & Vegan Snacking | Fresh & Healthy Keto Snacks</p><p>$18.81 ($0.59 / Ounce)</p><a href="https://www.amazon.com/dp/B00CYK8DOE?tag=eloabder-20&linkCode=osi&th=1&psc=1">View Product</a></div>

<div class="product"><a href="https://www.amazon.com/dp/B08TTFGPS5?tag=eloabder-20&linkCode=osi&th=1&psc=1"><img src="https://m.media-amazon.com/images/I/51LP-kQBLAL._SL500_.jpg" alt="Product Image"></a><p>Pine River Cheese Spreads - Variety Pack 3 8oz. Sharp Cheddar-Garlic & Herb-Swiss (24oz)</p><p>$21.93 ($0.91 / Ounce)</p><a href="https://www.amazon.com/dp/B08TTFGPS5?tag=eloabder-20&linkCode=osi&th=1&psc=1">View Product</a></div><div class="product"><a href="https://www.amazon.com/dp/B09GW71DPQ?tag=eloabder-20&linkCode=osi&th=1&psc=1"><img src="https://m.media-amazon.com/images/I/41BpjCgQpKL._SL500_.jpg" alt="Product Image"></a><p>Port Wine Cheese Spread 8 Ounce (Pack of 4)</p><p>$26.10 ($0.82 / Ounce)</p><a href="https://www.amazon.com/dp/B09GW71DPQ?tag=eloabder-20&linkCode=osi&th=1&psc=1">View Product</a></div><div class="product"><a href="https://www.amazon.com/dp/B006G4NCT0?tag=eloabder-20&linkCode=osi&th=1&psc=1"><img src="https://m.media-amazon.com/images/I/41-Krj0PbcL._SL500_.jpg" alt="Product Image"></a><p>Sharp Cheddar Cheese Spread 8 Ounce (Pack of 4)</p><p>$25.90 ($1.08 / Ounce)</p><a href="https://www.amazon.com/dp/B006G4NCT0?tag=eloabder-20&linkCode=osi&th=1&psc=1">View Product</a></div><div class="product"><a href="https://www.amazon.com/dp/B09SM3L7LN?tag=eloabder-20&linkCode=osi&th=1&psc=1"><img src="https://m.media-amazon.com/images/I/417W7hKPcvL._SL500_.jpg" alt="Product Image"></a><p>Cheese Snack Spread Variety 4 Pack</p><p>$34.00 ($1.06 / Ounce)</p><a href="https://www.amazon.com/dp/B09SM3L7LN?tag=eloabder-20&linkCode=osi&th=1&psc=1">View Product</a></div>
<div class="product"><a href="https://www.amazon.com/dp/B08CNRQ2C6?tag=eloabder-20&linkCode=osi&th=1&psc=1"><img src="https://m.media-amazon.com/images/I/41ps--esahL._SL500_.jpg" alt="Product Image"></a><p>HOIST Premium Military Hydration Electrolyte Drink, Powerful IV-Level Hydration, Clinically Proven Performance Drink, Peach Mango, 16 Fl Oz (Pack of 12)</p><p>$29.99 ($0.16 / Fl Oz)</p><a href="https://www.amazon.com/dp/B08CNRQ2C6?tag=eloabder-20&linkCode=osi&th=1&psc=1">View Product</a></div><div class="product"><a href="https://www.amazon.com/dp/B082BG3XYZ?tag=eloabder-20&linkCode=osi&th=1&psc=1"><img src="https://m.media-amazon.com/images/I/51+XFCzX3zL._SL500_.jpg" alt="Product Image"></a><p>UPTIME – Blueberry Pomegranate - Zero Sugar (12 Pack), Premium Energy Drink, 12oz Bottles, Natural Caffeine, Sparkling, Natural Flavors, 5 Calories…</p><p>$28.99 ($0.20 / Fl Oz)</p><a href="https://www.amazon.com/dp/B082BG3XYZ?tag=eloabder-20&linkCode=osi&th=1&psc=1">View Product</a></div><div class="product"><a href="https://www.amazon.com/dp/B0BSP3R4JX?tag=eloabder-20&linkCode=osi&th=1&psc=1"><img src="https://m.media-amazon.com/images/I/41TvMVYbcjL._SL500_.jpg" alt="Product Image"></a><p>Barcode Premium Hydration Drink - No Added Sugars, Variety Pack (12 Pack) - Plant-Based Beverage - Adaptogen Drink with Electrolytes for Immunity & Performance</p><p>$29.88 ($0.15 / Fl Oz)</p><a href="https://www.amazon.com/dp/B0BSP3R4JX?tag=eloabder-20&linkCode=osi&th=1&psc=1">View Product</a></div><div class="product"><a href="https://www.amazon.com/dp/B0CYL4CCKM?tag=eloabder-20&linkCode=osi&th=1&psc=1"><img src="https://m.media-amazon.com/images/I/514q0PPV9+L._SL500_.jpg" alt="Product Image"></a><p>ProBaller Ultra Premium Energy Drink - Wild Berry ZERO</p><p>$35.99 ($0.20 / Fl Oz)</p><a href="https://www.amazon.com/dp/B0CYL4CCKM?tag=eloabder-20&linkCode=osi&th=1&psc=1">View Product</a></div><div class="product"><a href="https://www.amazon.com/dp/B0D2BKB2J3?tag=eloabder-20&linkCode=osi&th=1&psc=1"><img src="https://m.media-amazon.com/images/I/41MbnJUx3LL._SL500_.jpg" alt="Product Image"></a><p>ProBaller Ultra Premium Energy Drink - Sugar Free</p><p>$35.99 ($0.20 / Fl Oz)</p><a href="https://www.amazon.com/dp/B0D2BKB2J3?tag=eloabder-20&linkCode=osi&th=1&psc=1">View Product</a></div><div class="product"><a href="https://www.amazon.com/dp/B0CYJXMRKS?tag=eloabder-20&linkCode=osi&th=1&psc=1"><img src="https://m.media-amazon.com/images/I/41gt6X6dVdL._SL500_.jpg" alt="Product Image"></a><p>Joggy Clean Energy Drink - 4-Pack Tart Cherry & Hibiscus - 150mg Organic Guayusa Caffeine - Zero Added Sugar, Vegan, Plant-Based, Natural Healthy Boost, Premium Beverage</p><p>$13.99 ($0.44 / Fl Oz)</p><a href="https://www.amazon.com/dp/B0CYJXMRKS?tag=eloabder-20&linkCode=osi&th=1&psc=1">View Product</a></div><div class="product"><a href="https://www.amazon.com/dp/B081QCCN21?tag=eloabder-20&linkCode=osi&th=1&psc=1"><img src="https://m.media-amazon.com/images/I/61k-oHxeO2L._SL500_.jpg" alt="Product Image"></a><p>Hawaiian Sun Premium Tropical Juice Drink Party Bundle of 10 Assorted Flavors (24 Cans Total)</p><p>$44.95 ($0.16 / Fl Oz )</p><a href="https://www.amazon.com/dp/B081QCCN21?tag=eloabder-20&linkCode=osi&th=1&psc=1">View Product</a></div><div class="product"><a href="https://www.amazon.com/dp/B0CCHW3Q8Q?tag=eloabder-20&linkCode=osi&th=1&psc=1"><img src="https://m.media-amazon.com/images/I/414+SPv3c5L._SL500_.jpg" alt="Product Image"></a><p>Camp Craft Cocktail Mix - Flo'rita | Premium Drink Mixer Infusion Kit with Dehydrated Fruit, Herbs and Vegan Sugar | 16 oz Glass Jar Mixer for Cocktails, Margaritas, and Mocktails - Serves 8</p><p>$25.00 ($1.56 / Fl Oz)</p><a href="https://www.amazon.com/dp/B0CCHW3Q8Q?tag=eloabder-20&linkCode=osi&th=1&psc=1">View Product</a></div><div class="product"><a href="https://www.amazon.com/dp/B0CVQN2NBB?tag=eloabder-20&linkCode=osi&th=1&psc=1"><img src="https://m.media-amazon.com/images/I/51bpS7Tlj2L._SL500_.jpg" alt="Product Image"></a><p>Starbucks Cold Brew Coffee, Vanilla Sweet Cream, 11 fl oz Cans (12 Pack), Premium Coffee Drink, Iced Coffee</p><p>$39.39 ($0.30 / Fl Oz)</p><a href="https://www.amazon.com/dp/B0CVQN2NBB?tag=eloabder-20&linkCode=osi&th=1&psc=1">View Product</a></div>
<div class="product"><a href="https://www.amazon.com/dp/B08PW3LK4T?tag=eloabder-20&linkCode=osi&th=1&psc=1"><img src="https://m.media-amazon.com/images/I/41TLoWBkNWL._SL500_.jpg" alt="Product Image"></a><p>Classic Ginger Beer, Regatta Craft Mixers, All-Natural Ingredients, Non-GMO, 7.5oz, Case of 24 Sleek Cans</p><p>$29.98 ($0.17 / Fl Oz)</p><a href="https://www.amazon.com/dp/B08PW3LK4T?tag=eloabder-20&linkCode=osi&th=1&psc=1">View Product</a></div><div class="product"><a href="https://www.amazon.com/dp/B08KTP2999?tag=eloabder-20&linkCode=osi&th=1&psc=1"><img src="https://m.media-amazon.com/images/I/41tC0pFgGtL._SL500_.jpg" alt="Product Image"></a><p>ABC Crafted Series Beer Making Kit | Beer Making Ingredients for Home Brewing | Yields 6 Gallons of Beer | Brown Ale</p><p>$25.00</p><a href="https://www.amazon.com/dp/B08KTP2999?tag=eloabder-20&linkCode=osi&th=1&psc=1">View Product</a></div><div class="product"><a href="https://www.amazon.com/dp/B01KSD9JKU?tag=eloabder-20&linkCode=osi&th=1&psc=1"><img src="https://m.media-amazon.com/images/I/517aGsVY9qL._SL500_.jpg" alt="Product Image"></a><p>Beer-infused Hot Sauce Variety 3-pack (Includes Asian Sriracha, Garlic Serrano, & Roasty Chipotle) - Craft Beer Gift, Hot Sauce Gift Set, Beer Sauce, BBQ Sauce, Beer Lover, Grill + Man Cave</p><p>$27.99 ($1.87 / Fl Oz)</p><a href="https://www.amazon.com/dp/B01KSD9JKU?tag=eloabder-20&linkCode=osi&th=1&psc=1">View Product</a></div><div class="product"><a href="https://www.amazon.com/dp/B0C9KKG6C6?tag=eloabder-20&linkCode=osi&th=1&psc=1"><img src="https://m.media-amazon.com/images/I/41Rxjjlu5+L._SL500_.jpg" alt="Product Image"></a><p>Plochman, Craft Beer Mustard (Brickstone), 11 oz, Blended Mustard</p><p>$6.99 ($0.64 / Ounce)</p><a href="https://www.amazon.com/dp/B0C9KKG6C6?tag=eloabder-20&linkCode=osi&th=1&psc=1">View Product</a></div><div class="product"><a href="https://www.amazon.com/dp/B01692UXRW?tag=eloabder-20&linkCode=osi&th=1&psc=1"><img src="https://m.media-amazon.com/images/I/51qUU-Fjx5L._SL500_.jpg" alt="Product Image"></a><p>BREW CANDY | Hoppy IPA + Roasty Stout + Honey Ale | Great Craft Beer Gift for Beer Drinkers and Candy Lovers | Perfect for the Man Cave, Brewery, Office, or Home | MADE IN USA</p><p>$9.99 ($2.50 / Ounce)</p><a href="https://www.amazon.com/dp/B01692UXRW?tag=eloabder-20&linkCode=osi&th=1&psc=1">View Product</a></div><div class="product"><a href="https://www.amazon.com/dp/B07L1M2P57?tag=eloabder-20&linkCode=osi&th=1&psc=1"><img src="https://m.media-amazon.com/images/I/415wGhwZDvL._SL500_.jpg" alt="Product Image"></a><p>Unique Snacks Sourdough Craft Beer Pretzel Rings, Delicious Homestyle Baked Snack Bag, Vegan, OU Kosher, and Non-GMO Food, No Artificial Flavor, 11 Oz. Bag, Pack of 6</p><p>$24.99 ($0.38 / Ounce)</p><a href="https://www.amazon.com/dp/B07L1M2P57?tag=eloabder-20&linkCode=osi&th=1&psc=1">View Product</a></div>
<div class="product"><a href="https://www.amazon.com/dp/B0CD79R3QZ?tag=eloabder-20&linkCode=osi&th=1&psc=1"><img src="https://m.media-amazon.com/images/I/21X3VVYgpXL._SL500_.jpg" alt="Product Image"></a><p>French Bloom Le Blanc Alcohol-Free Sparkling Wine, 750ml - Certified Organic, Vegan, Halal, Low Calorie, Sulfite Free - Made with Fine Organic Wine, No Preservatives or Added Sugar</p><p>$41.00 ($1.61 / Fl Oz)</p><a href="https://www.amazon.com/dp/B0CD79R3QZ?tag=eloabder-20&linkCode=osi&th=1&psc=1">View Product</a></div><div class="product"><a href="https://www.amazon.com/dp/B0D6HWD369?tag=eloabder-20&linkCode=osi&th=1&psc=1"><img src="https://m.media-amazon.com/images/I/31U1YybAm5L._SL500_.jpg" alt="Product Image"></a><p>Saint Viviana Non-Alcoholic Sauvignon Blanc, Crisp Dry White Wine with Fresh Fruit Flavor & Floral Notes, Made in Washington State, 24.6 Fl Oz Bottle</p><p>$22.99 ($0.93 / Fl Oz)</p><a href="https://www.amazon.com/dp/B0D6HWD369?tag=eloabder-20&linkCode=osi&th=1&psc=1">View Product</a></div><div class="product"><a href="https://www.amazon.com/dp/B0D244C3VJ?tag=eloabder-20&linkCode=osi&th=1&psc=1"><img src="https://m.media-amazon.com/images/I/416UnLmeDPL._SL500_.jpg" alt="Product Image"></a><p>Monari Marsala Fine Wine PDO Glaze| 9 Ounce, Pack of 6</p><p>$37.99 ($6.33 / Count)</p><a href="https://www.amazon.com/dp/B0D244C3VJ?tag=eloabder-20&linkCode=osi&th=1&psc=1">View Product</a></div><div class="product"><a href="https://www.amazon.com/dp/B0054KSA5I?tag=eloabder-20&linkCode=osi&th=1&psc=1"><img src="https://m.media-amazon.com/images/I/41Dk7Gmm5xL._SL500_.jpg" alt="Product Image"></a><p>Regina Fine Red Wine Vinegar, 12 Fl Oz</p><p>$12.94 ($1.08 / Fl Oz)</p><a href="https://www.amazon.com/dp/B0054KSA5I?tag=eloabder-20&linkCode=osi&th=1&psc=1">View Product</a></div><div class="product"><a href="https://www.amazon.com/dp/B0CC6JY2CM?tag=eloabder-20&linkCode=osi&th=1&psc=1"><img src="https://m.media-amazon.com/images/I/31FVY0Kg2cL._SL500_.jpg" alt="Product Image"></a><p>ST. REGIS Cabernet Sauvignon 25.4 Fl Oz (1 Pack) - Low Calorie and Sugar - Fruity & Spicy Rich Flavor from North of Spain Vineyards</p><p>$17.95 ($0.71 / Fl Oz)</p><a href="https://www.amazon.com/dp/B0CC6JY2CM?tag=eloabder-20&linkCode=osi&th=1&psc=1">View Product</a></div><div class="product"><a href="https://www.amazon.com/dp/B0CLYLY93H?tag=eloabder-20&linkCode=osi&th=1&psc=1"><img src="https://m.media-amazon.com/images/I/31cSVgLe1sL._SL500_.jpg" alt="Product Image"></a><p>Chateau del ISH Sparkling Rosé | Award-Winning Non-Alcoholic Sparkling Wine | De-Alcoholized Blend of Merlot & Pinot Noir Grapes | Only 9 grams of Sugar | 45 Calories per Serving | 750 ml Bottle</p><p>$23.99 ($0.94 / Fl Oz)</p><a href="https://www.amazon.com/dp/B0CLYLY93H?tag=eloabder-20&linkCode=osi&th=1&psc=1">View Product</a></div><div class="product"><a href="https://www.amazon.com/dp/B00075WK10?tag=eloabder-20&linkCode=osi&th=1&psc=1"><img src="https://m.media-amazon.com/images/I/41wn5BC9e3L._SL500_.jpg" alt="Product Image"></a><p>Mantova Italian White Wine Vinegar 17 oz (Pack of 2). Made with traditional methods and aged in fine wood casks, it retains the flavor of the wine, accented by the crisp character of the vinegar.</p><p>$12.97 ($7.21 / Fl Oz)</p><a href="https://www.amazon.com/dp/B00075WK10?tag=eloabder-20&linkCode=osi&th=1&psc=1">View Product</a></div><div class="product"><a href="https://www.amazon.com/dp/B0B6Y4LGT8?tag=eloabder-20&linkCode=osi&th=1&psc=1"><img src="https://m.media-amazon.com/images/I/31DYvJX17cL._SL500_.jpg" alt="Product Image"></a><p>Wander + Found Non-Alcoholic Wine, Pinot Noir, Award Winning Red Wine from Germany, Non-GMO Dealcoholized Wine, 750 ml (1 Bottle)</p><p>$25.99 ($1.02 / Fl Oz)</p><a href="https://www.amazon.com/dp/B0B6Y4LGT8?tag=eloabder-20&linkCode=osi&th=1&psc=1">View Product</a></div><div class="product"><a href="https://www.amazon.com/dp/B08FBLJFL3?tag=eloabder-20&linkCode=osi&th=1&psc=1"><img src="https://m.media-amazon.com/images/I/31xcotQJiQL._SL500_.jpg" alt="Product Image"></a><p>Lussory Organic Merlot Dealcoholized 0.0% Non-Alcoholic Red From Spain, Low Calories, Organic, Vegan (750ml, 1 Bottle)</p><p>$27.99 ($1.10 / Fl Oz)</p><a href="https://www.amazon.com/dp/B08FBLJFL3?tag=eloabder-20&linkCode=osi&th=1&psc=1">View Product</a></div>
<div class="product"><a href="https://www.amazon.com/dp/B08RD41V4Y?tag=eloabder-20&linkCode=osi&th=1&psc=1"><img src="https://m.media-amazon.com/images/I/41Ctrzm6OdL._SL500_.jpg" alt="Product Image"></a><p>Pure Organic Layered Fruit Bars Variety Pack 28 count (Pack of 1).</p><p>$13.99 ($0.40 / Ounce)</p><a href="https://www.amazon.com/dp/B08RD41V4Y?tag=eloabder-20&linkCode=osi&th=1&psc=1">View Product</a></div><div class="product"><a href="https://www.amazon.com/dp/B06X6JR48M?tag=eloabder-20&linkCode=osi&th=1&psc=1"><img src="https://m.media-amazon.com/images/I/51QhYDgoJFL._SL500_.jpg" alt="Product Image"></a><p>Nature's Garden Organic Trail Mix Snack Packs, Multi Pack 1.2 oz - Pack of 24 (Total 28.8 oz)</p><p>$14.89 ($0.52 / Ounce)</p><a href="https://www.amazon.com/dp/B06X6JR48M?tag=eloabder-20&linkCode=osi&th=1&psc=1">View Product</a></div><div class="product"><a href="https://www.amazon.com/dp/B0BQTL31PR?tag=eloabder-20&linkCode=osi&th=1&psc=1"><img src="https://m.media-amazon.com/images/I/512GxWL1ejL._SL500_.jpg" alt="Product Image"></a><p>Annie's Organic Birthday Cake Bunny Grahams and Cheddar Bunnies Snack Pack 36 Count, 36 oz</p><p>$16.99 ($0.47 / Ounce)</p><a href="https://www.amazon.com/dp/B0BQTL31PR?tag=eloabder-20&linkCode=osi&th=1&psc=1">View Product</a></div><div class="product"><a href="https://www.amazon.com/dp/B0C17SW6V1?tag=eloabder-20&linkCode=osi&th=1&psc=1"><img src="https://m.media-amazon.com/images/I/51JwHhUMp-L._SL500_.jpg" alt="Product Image"></a><p>Annie's Organic Bunny Fruit Snacks, Variety Pack, Gluten Free, 22 ct, 15.4 oz</p><p>$9.98 ($0.45 / Count)</p><a href="https://www.amazon.com/dp/B0C17SW6V1?tag=eloabder-20&linkCode=osi&th=1&psc=1">View Product</a></div><div class="product"><a href="https://www.amazon.com/dp/B079LY41VY?tag=eloabder-20&linkCode=osi&th=1&psc=1"><img src="https://m.media-amazon.com/images/I/51hNBmR-vOL._SL500_.jpg" alt="Product Image"></a><p>MadeGood Healthy Snacks Variety Pack (40 Count) Organic Assortment of Granola Bars, Granola Mini and Crispy Squares; Individually Wrapped Snacks</p><p>$29.99</p><a href="https://www.amazon.com/dp/B079LY41VY?tag=eloabder-20&linkCode=osi&th=1&psc=1">View Product</a></div><div class="product"><a href="https://www.amazon.com/dp/B0B88WYZVC?tag=eloabder-20&linkCode=osi&th=1&psc=1"><img src="https://m.media-amazon.com/images/I/41jnzaqqPlL._SL500_.jpg" alt="Product Image"></a><p>YumEarth Organic Fruit Snacks Box, 0.7 Ounce (Pack of 10)</p><p>$6.49 ($0.93 / Ounce)</p><a href="https://www.amazon.com/dp/B0B88WYZVC?tag=eloabder-20&linkCode=osi&th=1&psc=1">View Product</a></div><div class="product"><a href="https://www.amazon.com/dp/B087HBLXSM?tag=eloabder-20&linkCode=osi&th=1&psc=1"><img src="https://m.media-amazon.com/images/I/4103I3BvCSL._SL500_.jpg" alt="Product Image"></a><p>Tropical Fields Organic Crispy Coconut Rolls, 11 Oz</p><p>$9.94 ($0.90 / Ounce)</p><a href="https://www.amazon.com/dp/B087HBLXSM?tag=eloabder-20&linkCode=osi&th=1&psc=1">View Product</a></div><div class="product"><a href="https://www.amazon.com/dp/B08L4XZBS1?tag=eloabder-20&linkCode=osi&th=1&psc=1"><img src="https://m.media-amazon.com/images/I/51IN3a2zpZL._SL500_.jpg" alt="Product Image"></a><p>Annie's Organic Fruit Peel-A-Parts Fruit Snacks, Strawberry and Fruit Punch, 12 packs, 6.7 oz.</p><p>$9.99 ($0.83 / Count)</p><a href="https://www.amazon.com/dp/B08L4XZBS1?tag=eloabder-20&linkCode=osi&th=1&psc=1">View Product</a></div><div class="product"><a href="https://www.amazon.com/dp/B088PRVMXL?tag=eloabder-20&linkCode=osi&th=1&psc=1"><img src="https://m.media-amazon.com/images/I/51Lye-KMCNL._SL500_.jpg" alt="Product Image"></a><p>Gimme Seaweed - Sea Salt & Avocado Oil - 20 Count - Organic Roasted Seaweed Sheets - Keto, Vegan, Gluten Free - Great Source of Iodine & Omega 3’s - Healthy On-The-Go Snack for Kids & Adults</p><p>$14.43 ($4.51 / Ounce)</p><a href="https://www.amazon.com/dp/B088PRVMXL?tag=eloabder-20&linkCode=osi&th=1&psc=1">View Product</a></div><div class="product"><a href="https://www.amazon.com/dp/B0792LF5DZ?tag=eloabder-20&linkCode=osi&th=1&psc=1"><img src="https://m.media-amazon.com/images/I/51Ogpal4rKL._SL500_.jpg" alt="Product Image"></a><p>Simply, Variety Pack Snacks, 0.875 Ounce (Pack of 36)</p><p>$22.43 ($0.71 / Ounce)</p><a href="https://www.amazon.com/dp/B0792LF5DZ?tag=eloabder-20&linkCode=osi&th=1&psc=1">View Product</a></div>
<div class="product"><a href="https://www.amazon.com/dp/B07D83162X?tag=eloabder-20&linkCode=osi&th=1&psc=1"><img src="https://m.media-amazon.com/images/I/515OpZM7eUL._SL500_.jpg" alt="Product Image"></a><p>CLIF BAR - Energy Bars - Variety Pack - Made with Organic Oats - 9-11g Protein - Non-GMO - Plant Based - 2.4 oz. (16 Count)</p><p>$25.98 ($0.68 / Ounce)</p><a href="https://www.amazon.com/dp/B07D83162X?tag=eloabder-20&linkCode=osi&th=1&psc=1">View Product</a></div><div class="product"><a href="https://www.amazon.com/dp/B0CXQ6QP2B?tag=eloabder-20&linkCode=osi&th=1&psc=1"><img src="https://m.media-amazon.com/images/I/41zGg7iGu+L._SL500_.jpg" alt="Product Image"></a><p>CLIF BAR - Crunchy Peanut Butter - Made with Organic Oats - 11g Protein - Non-GMO - Plant Based - Energy Bars - 2.4 oz. (15 Pack)</p><p>$17.24 ($0.48 / Ounce)</p><a href="https://www.amazon.com/dp/B0CXQ6QP2B?tag=eloabder-20&linkCode=osi&th=1&psc=1">View Product</a></div><div class="product"><a href="https://www.amazon.com/dp/B00GJ82VK4?tag=eloabder-20&linkCode=osi&th=1&psc=1"><img src="https://m.media-amazon.com/images/I/51j2KOV9-+L._SL500_.jpg" alt="Product Image"></a><p>Pure Protein Bars, High Protein, Nutritious Snacks to Support Energy, Low Sugar, Gluten Free, Chocolate Peanut Butter, 1.76oz, 12 Count (Packaging May Vary)</p><p>$15.55 ($0.73 / Ounce)</p><a href="https://www.amazon.com/dp/B00GJ82VK4?tag=eloabder-20&linkCode=osi&th=1&psc=1">View Product</a></div><div class="product"><a href="https://www.amazon.com/dp/B084R2FJVV?tag=eloabder-20&linkCode=osi&th=1&psc=1"><img src="https://m.media-amazon.com/images/I/51mGjMQ-PjL._SL500_.jpg" alt="Product Image"></a><p>KIND Energy Bars, Chocolate Chunk, Healthy Snacks, Gluten Free, 30 Count</p><p>$35.45 ($0.56 / Ounce)</p><a href="https://www.amazon.com/dp/B084R2FJVV?tag=eloabder-20&linkCode=osi&th=1&psc=1">View Product</a></div><div class="product"><a href="https://www.amazon.com/dp/B0BHMRSNWX?tag=eloabder-20&linkCode=osi&th=1&psc=1"><img src="https://m.media-amazon.com/images/I/51mha5Z8vAL._SL500_.jpg" alt="Product Image"></a><p>Verb Energy - Variety Pack Caffeinated Snack Bars - 110-Calorie Low Sugar Energy Bar - Nutrition Bars - Vegan Snacks - Gluten Free Breakfast Bars with Organic Green Tea, 26g (Pack of 16)</p><p>$28.95 ($1.97 / Ounce)</p><a href="https://www.amazon.com/dp/B0BHMRSNWX?tag=eloabder-20&linkCode=osi&th=1&psc=1">View Product</a></div><div class="product"><a href="https://www.amazon.com/dp/B08939X5HL?tag=eloabder-20&linkCode=osi&th=1&psc=1"><img src="https://m.media-amazon.com/images/I/51RKwNvJZiL._SL500_.jpg" alt="Product Image"></a><p>Nature Valley Chewy Fruit and Nut Granola Bars, Trail Mix, 1.2 oz, 15 ct</p><p>$6.24 ($0.35 / Ounce)</p><a href="https://www.amazon.com/dp/B08939X5HL?tag=eloabder-20&linkCode=osi&th=1&psc=1">View Product</a></div><div class="product"><a href="https://www.amazon.com/dp/B004XEDS5I?tag=eloabder-20&linkCode=osi&th=1&psc=1"><img src="https://m.media-amazon.com/images/I/51dc89OLXjL._SL500_.jpg" alt="Product Image"></a><p>CLIF BAR - Chocolate Chip - Made with Organic Oats - Non-GMO - Plant Based - Energy Bars - 2.4 oz. (12 Pack)</p><p>$15.17 ($0.53 / Ounce)</p><a href="https://www.amazon.com/dp/B004XEDS5I?tag=eloabder-20&linkCode=osi&th=1&psc=1">View Product</a></div><div class="product"><a href="https://www.amazon.com/dp/B07HHK51J9?tag=eloabder-20&linkCode=osi&th=1&psc=1"><img src="https://m.media-amazon.com/images/I/41h0pofx49L._SL500_.jpg" alt="Product Image"></a><p>Quantum Energy Square: Energy Bar with Caffeine & 10g Protein. Delicious Healthy Snack On The Go. (Vegan, Gluten-free, Soy-free, Dairy-free). Flavor: Variety 8Pk</p><p>$19.95 ($1.48 / Ounce)</p><a href="https://www.amazon.com/dp/B07HHK51J9?tag=eloabder-20&linkCode=osi&th=1&psc=1">View Product</a></div><div class="product"><a href="https://www.amazon.com/dp/B0BY3NL6N3?tag=eloabder-20&linkCode=osi&th=1&psc=1"><img src="https://m.media-amazon.com/images/I/61a84haNQXL._SL500_.jpg" alt="Product Image"></a><p>Atkins Soft Baked Energy Bars, Blueberry, 15g Protein,2g Sugar, Excellent Source of Fiber, Low Carb, 4 Packs (5 Bars Each)</p><p>$40.00 ($2.00 / Count)</p><a href="https://www.amazon.com/dp/B0BY3NL6N3?tag=eloabder-20&linkCode=osi&th=1&psc=1">View Product</a></div><div class="product"><a href="https://www.amazon.com/dp/B0767X1YGZ?tag=eloabder-20&linkCode=osi&th=1&psc=1"><img src="https://m.media-amazon.com/images/I/41wLM+HSd7L._SL500_.jpg" alt="Product Image"></a><p>SKRATCH LABS Energy Bar | Cherry + Pistachio (12 pack) | Plant Based Healthy Snack | Low Sugar - 5g Protein | non-gmo, gluten free, soy free, vegan, kosher</p><p>$29.95 ($1.41 / Ounce)</p><a href="https://www.amazon.com/dp/B0767X1YGZ?tag=eloabder-20&linkCode=osi&th=1&psc=1">View Product</a></div>
<div class="product"><a href="https://www.amazon.com/dp/B00819SSGK?tag=eloabder-20&linkCode=osi&th=1&psc=1"><img src="https://m.media-amazon.com/images/I/51OoPlQlUFL._SL500_.jpg" alt="Product Image"></a><p>Orville Redenbacher's Original Gourmet Popping Corn Kernels, 8 lb.</p><p>$13.28 ($0.10 / Ounce)</p><a href="https://www.amazon.com/dp/B00819SSGK?tag=eloabder-20&linkCode=osi&th=1&psc=1">View Product</a></div><div class="product"><a href="https://www.amazon.com/dp/B0C8QMKF7K?tag=eloabder-20&linkCode=osi&th=1&psc=1"><img src="https://m.media-amazon.com/images/I/41Q1zRw163L._SL500_.jpg" alt="Product Image"></a><p>Extra Buttery Caramel Gourmet Popcorn | 6 Cups Total | Made From Scratch, Made in USA, & GMO-Free | Great as a Snack, Gift, Thank You, & Movie Night - (10.8oz Total)</p><p>$8.99 ($0.83 / Ounce)</p><a href="https://www.amazon.com/dp/B0C8QMKF7K?tag=eloabder-20&linkCode=osi&th=1&psc=1">View Product</a></div><div class="product"><a href="https://www.amazon.com/dp/B0CKLW62T5?tag=eloabder-20&linkCode=osi&th=1&psc=1"><img src="https://m.media-amazon.com/images/I/51UzqTDjfaL._SL500_.jpg" alt="Product Image"></a><p>Garrett Popcorn Garrett Mix, 6.0oz, 4 Bags, Cheese and Caramel Gourmet Popcorn, Gluten Free, Sweet and Salty Snack, Popped Popcorn Bags</p><p>$24.95 ($1.04 / Ounce)</p><a href="https://www.amazon.com/dp/B0CKLW62T5?tag=eloabder-20&linkCode=osi&th=1&psc=1">View Product</a></div><div class="product"><a href="https://www.amazon.com/dp/B07JN5467R?tag=eloabder-20&linkCode=osi&th=1&psc=1"><img src="https://m.media-amazon.com/images/I/51vsJLZ79WL._SL500_.jpg" alt="Product Image"></a><p>Urban Accents MOVIE NIGHT Popcorn Kernels and Popcorn Seasoning Variety Pack (set of 8) - 3 Non-GMO Popcorn Kernel Packs and 5 Gourmet Popcorn Snack Seasoning</p><p>$22.00 ($1.01 / Ounce)</p><a href="https://www.amazon.com/dp/B07JN5467R?tag=eloabder-20&linkCode=osi&th=1&psc=1">View Product</a></div><div class="product"><a href="https://www.amazon.com/dp/B0C9592XTW?tag=eloabder-20&linkCode=osi&th=1&psc=1"><img src="https://m.media-amazon.com/images/I/41DvOymNLML._SL500_.jpg" alt="Product Image"></a><p>Funky Chunky Gourmet Popcorn, Chocolatey Popcorn, Pretzel, and Nutty Mixes, Peanut Butter Cup Popcorn, 19-Ounce Large Bag (Pack of 1)</p><p>$15.00 ($0.79 / Ounce)</p><a href="https://www.amazon.com/dp/B0C9592XTW?tag=eloabder-20&linkCode=osi&th=1&psc=1">View Product</a></div><div class="product"><a href="https://www.amazon.com/dp/B0D3FH1GW4?tag=eloabder-20&linkCode=osi&th=1&psc=1"><img src="https://m.media-amazon.com/images/I/51hBtOn2I4L._SL500_.jpg" alt="Product Image"></a><p>Garrett Popcorn Garrett Mix, 1.9oz, 12 Bags, Cheese and Caramel Gourmet Popcorn, Gluten Free, Sweet and Salty Snack Bags, Popped Popcorn Bags, Multipack</p><p>$29.95 ($1.31 / Ounce)</p><a href="https://www.amazon.com/dp/B0D3FH1GW4?tag=eloabder-20&linkCode=osi&th=1&psc=1">View Product</a></div><div class="product"><a href="https://www.amazon.com/dp/B00Q0PWE7Q?tag=eloabder-20&linkCode=osi&th=1&psc=1"><img src="https://m.media-amazon.com/images/I/51jM1d0eF8L._SL500_.jpg" alt="Product Image"></a><p>Popcornopolis Gourmet Caramel Corn Popcorn, Popped Popcorn Snack Bags 9.5 Oz</p><p>$8.99 ($0.95 / Ounce)</p><a href="https://www.amazon.com/dp/B00Q0PWE7Q?tag=eloabder-20&linkCode=osi&th=1&psc=1">View Product</a></div><div class="product"><a href="https://www.amazon.com/dp/B00D2H6LOW?tag=eloabder-20&linkCode=osi&th=1&psc=1"><img src="https://m.media-amazon.com/images/I/41iePRgsY5L._SL500_.jpg" alt="Product Image"></a><p>Thatcher's Gourmet Specialties Fruit Medley, 8 Oz (Pack of 1)</p><p>$6.25 ($0.78 / Ounce)</p><a href="https://www.amazon.com/dp/B00D2H6LOW?tag=eloabder-20&linkCode=osi&th=1&psc=1">View Product</a></div>
<div class="product"><a href="https://www.amazon.com/dp/B07ZXN7LPC?tag=eloabder-20&linkCode=osi&th=1&psc=1"><img src="https://m.media-amazon.com/images/I/51YkD3V1JyL._SL500_.jpg" alt="Product Image"></a><p>Mantova Organic Italian Specialty Pasta, Caserecce (2 packs of 1 lb. each) - Artisan Pasta, Non-GMO, Vegan, Kosher Certified, and Imported From Italy, Premium Quality</p><p>$12.99 ($0.41 / Ounce)</p><a href="https://www.amazon.com/dp/B07ZXN7LPC?tag=eloabder-20&linkCode=osi&th=1&psc=1">View Product</a></div><div class="product"><a href="https://www.amazon.com/dp/B01F2Z8ZOU?tag=eloabder-20&linkCode=osi&th=1&psc=1"><img src="https://m.media-amazon.com/images/I/51MK8iWLCgL._SL500_.jpg" alt="Product Image"></a><p>Mantova Organic Italian Specialty Pasta, Lumaconi, 1 lb (Pack of 2)</p><p>$13.99 ($0.87 / Ounce)</p><a href="https://www.amazon.com/dp/B01F2Z8ZOU?tag=eloabder-20&linkCode=osi&th=1&psc=1">View Product</a></div><div class="product"><a href="https://www.amazon.com/dp/B004N5HA6A?tag=eloabder-20&linkCode=osi&th=1&psc=1"><img src="https://m.media-amazon.com/images/I/517oR0RhHgL._SL500_.jpg" alt="Product Image"></a><p>Morelli Gourmet Pasta Italian Gift Basket From Italy - Tricolor Pasta Linguine Set - Red Chili, Garlic & Basil, and Lemon Pasta - Tricolored Organic Pasta from Italy, Made in Italy (3x 8.8 Ounce)</p><p>$31.99 ($1.21 / Ounce)</p><a href="https://www.amazon.com/dp/B004N5HA6A?tag=eloabder-20&linkCode=osi&th=1&psc=1">View Product</a></div><div class="product"><a href="https://www.amazon.com/dp/B00I8R5HSW?tag=eloabder-20&linkCode=osi&th=1&psc=1"><img src="https://m.media-amazon.com/images/I/41miThBoNtL._SL500_.jpg" alt="Product Image"></a><p>Mafaldine Italian Pasta di Gragnano | I.G.P. Protected | USDA Certified Organic | 17.6 Ounce | 500 Gram</p><p>$12.95 ($0.73 / Ounce)</p><a href="https://www.amazon.com/dp/B00I8R5HSW?tag=eloabder-20&linkCode=osi&th=1&psc=1">View Product</a></div><div class="product"><a href="https://www.amazon.com/dp/B0B1469JM5?tag=eloabder-20&linkCode=osi&th=1&psc=1"><img src="https://m.media-amazon.com/images/I/51spzGwiJ9L._SL500_.jpg" alt="Product Image"></a><p>Morelli Busiate, Pici, and Bucatini Organic Pasta Variety Pack - Imported Italian Pasta Sampler - Specialty Assortment Includes Three-17.6 oz Packages of Gourmet Pasta from Italy</p><p>$39.99 ($0.76 / Ounce)</p><a href="https://www.amazon.com/dp/B0B1469JM5?tag=eloabder-20&linkCode=osi&th=1&psc=1">View Product</a></div><div class="product"><a href="https://www.amazon.com/dp/B083X2P94L?tag=eloabder-20&linkCode=osi&th=1&psc=1"><img src="https://m.media-amazon.com/images/I/51APpkv+ImL._SL500_.jpg" alt="Product Image"></a><p>Pasta Deliziosa! Handcrafted Pasta Variety Pack, All Flavors, 12 Ounce (Pack of 6)</p><p>$38.99 ($3.25 / Ounce)</p><a href="https://www.amazon.com/dp/B083X2P94L?tag=eloabder-20&linkCode=osi&th=1&psc=1">View Product</a></div><div class="product"><a href="https://www.amazon.com/dp/B0793LPXRN?tag=eloabder-20&linkCode=osi&th=1&psc=1"><img src="https://m.media-amazon.com/images/I/41zIY0jxDdL._SL500_.jpg" alt="Product Image"></a><p>La Molisana Pasta Anellini Siciliani, 16 oz</p><p>$6.95 ($0.43 / Ounce)</p><a href="https://www.amazon.com/dp/B0793LPXRN?tag=eloabder-20&linkCode=osi&th=1&psc=1">View Product</a></div><div class="product"><a href="https://www.amazon.com/dp/B006ODJEBS?tag=eloabder-20&linkCode=osi&th=1&psc=1"><img src="https://m.media-amazon.com/images/I/51x4T3SOw1L._SL500_.jpg" alt="Product Image"></a><p>La Molisana Pasta Fusilli Bucati Cort, 1 Pound (Pack of 1)</p><p>$7.99 ($0.05 / Ounce)</p><a href="https://www.amazon.com/dp/B006ODJEBS?tag=eloabder-20&linkCode=osi&th=1&psc=1">View Product</a></div><div class="product"><a href="https://www.amazon.com/dp/B0095F92HS?tag=eloabder-20&linkCode=osi&th=1&psc=1"><img src="https://m.media-amazon.com/images/I/51IXE-gW1gL._SL500_.jpg" alt="Product Image"></a><p>De Cecco Pasta, Egg Pappardelle, 8.8 Ounce</p><p>$2.50 ($0.28 / Ounce)</p><a href="https://www.amazon.com/dp/B0095F92HS?tag=eloabder-20&linkCode=osi&th=1&psc=1">View Product</a></div><div class="product"><a href="https://www.amazon.com/dp/B000LRH8AM?tag=eloabder-20&linkCode=osi&th=1&psc=1"><img src="https://m.media-amazon.com/images/I/517Gsx3xbQL._SL500_.jpg" alt="Product Image"></a><p>RiceSelect Tri-Color Orzo Rice-Shaped Pasta, Premium Spinach- and Tomato-Flavored Non-GMO Orzo Pasta, 32-Ounce Jar</p><p>$7.29 ($0.28 / Ounce)</p><a href="https://www.amazon.com/dp/B000LRH8AM?tag=eloabder-20&linkCode=osi&th=1&psc=1">View Product</a></div>
<div class="product"><a href="https://www.amazon.com/dp/B00LUK2TGC?tag=eloabder-20&linkCode=osi&th=1&psc=1"><img src="https://m.media-amazon.com/images/I/51-6ifc3VmL._SL500_.jpg" alt="Product Image"></a><p>The Gourmet Choice Gift Basket by Wine Country Gift Baskets</p><p>$83.35</p><a href="https://www.amazon.com/dp/B00LUK2TGC?tag=eloabder-20&linkCode=osi&th=1&psc=1">View Product</a></div><div class="product"><a href="https://www.amazon.com/dp/B009LHPJ1S?tag=eloabder-20&linkCode=osi&th=1&psc=1"><img src="https://m.media-amazon.com/images/I/51cf0AEkjgL._SL500_.jpg" alt="Product Image"></a><p>Wine Country Gift Baskets Gourmet Feast Perfect For Family, Friends, Co-Workers, Loved Ones and Clients</p><p>$59.95</p><a href="https://www.amazon.com/dp/B009LHPJ1S?tag=eloabder-20&linkCode=osi&th=1&psc=1">View Product</a></div><div class="product"><a href="https://www.amazon.com/dp/B004D9XYWU?tag=eloabder-20&linkCode=osi&th=1&psc=1"><img src="https://m.media-amazon.com/images/I/515H6eRSagL._SL500_.jpg" alt="Product Image"></a><p>A Gift Inside Chocolate, Caramel and Crunch Grand Gift Basket</p><p>$42.95</p><a href="https://www.amazon.com/dp/B004D9XYWU?tag=eloabder-20&linkCode=osi&th=1&psc=1">View Product</a></div><div class="product"><a href="https://www.amazon.com/dp/B00BY78O7Y?tag=eloabder-20&linkCode=osi&th=1&psc=1"><img src="https://m.media-amazon.com/images/I/51sFeewMqVL._SL500_.jpg" alt="Product Image"></a><p>The Bon Appetit Gourmet Gift Basket by Wine Country Gift Baskets Gift for Families College Students Appreciation Thank You Congratulations Get Well Soon Care Package</p><p>$49.95</p><a href="https://www.amazon.com/dp/B00BY78O7Y?tag=eloabder-20&linkCode=osi&th=1&psc=1">View Product</a></div><div class="product"><a href="https://www.amazon.com/dp/B07CHSN691?tag=eloabder-20&linkCode=osi&th=1&psc=1"><img src="https://m.media-amazon.com/images/I/51-Qvkf4yFL._SL500_.jpg" alt="Product Image"></a><p>Dried Fruit Gift Basket– Healthy Gourmet Snack Box - Holiday Food Tray - Variety Snacks - Birthday, Sympathy, Mom, Dad, Corporate Tray - Bonnie & Pop</p><p>$37.99</p><a href="https://www.amazon.com/dp/B07CHSN691?tag=eloabder-20&linkCode=osi&th=1&psc=1">View Product</a></div><div class="product"><a href="https://www.amazon.com/dp/B00FBGKCHE?tag=eloabder-20&linkCode=osi&th=1&psc=1"><img src="https://m.media-amazon.com/images/I/51anmoX7EkL._SL500_.jpg" alt="Product Image"></a><p>Broadway Basketeers Chocolate Gift Basket Snack Gifts for Women, Men, Families, College, Appreciation, Thank You, Birthday, Corporate, Get Well Soon, Sympathy Care Package</p><p>$48.70 ($48.70 / Count)</p><a href="https://www.amazon.com/dp/B00FBGKCHE?tag=eloabder-20&linkCode=osi&th=1&psc=1">View Product</a></div><div class="product"><a href="https://www.amazon.com/dp/B00BY78O60?tag=eloabder-20&linkCode=osi&th=1&psc=1"><img src="https://m.media-amazon.com/images/I/51vKfvc7JTL._SL500_.jpg" alt="Product Image"></a><p>Wine Country Gift Baskets The Connoisseur Gourmet Gift Basket Food Gift Basket for Families College Students Appreciation Thank You Congratulations Get Well Soon Care Package</p><p>$56.36</p><a href="https://www.amazon.com/dp/B00BY78O60?tag=eloabder-20&linkCode=osi&th=1&psc=1">View Product</a></div><div class="product"><a href="https://www.amazon.com/dp/B07FT598PM?tag=eloabder-20&linkCode=osi&th=1&psc=1"><img src="https://m.media-amazon.com/images/I/51OJVHYoRsL._SL500_.jpg" alt="Product Image"></a><p>Wine Country Gift Baskets Gourmet Deluxe Gift Basket</p><p>$99.95</p><a href="https://www.amazon.com/dp/B07FT598PM?tag=eloabder-20&linkCode=osi&th=1&psc=1">View Product</a></div>
<div class="product"><a href="https://www.amazon.com/dp/B0B5ZTZL6G?tag=eloabder-20&linkCode=osi&th=1&psc=1"><img src="https://m.media-amazon.com/images/I/51rZYLnRlVL._SL500_.jpg" alt="Product Image"></a><p>Reinmoson Tea Strainers for Loose Tea, Extra Fine Mesh Tea Infuser, 304 Stainless Steel & Updated Slim Threaded Lid, Loose Leaf Tea Steeper for Black Tea, Rooibos, etc</p><p>$9.99</p><a href="https://www.amazon.com/dp/B0B5ZTZL6G?tag=eloabder-20&linkCode=osi&th=1&psc=1">View Product</a></div><div class="product"><a href="https://www.amazon.com/dp/B00SBTK5KW?tag=eloabder-20&linkCode=osi&th=1&psc=1"><img src="https://m.media-amazon.com/images/I/414cqIbd9eL._SL500_.jpg" alt="Product Image"></a><p>Tea Forte Single Steeps Loose Leaf Lotus Tea Sampler, Assorted Variety Tea Box, Serve Pouches,15 Count (Pack of 1)</p><p>$18.00 ($9.33 / Ounce)</p><a href="https://www.amazon.com/dp/B00SBTK5KW?tag=eloabder-20&linkCode=osi&th=1&psc=1">View Product</a></div><div class="product"><a href="https://www.amazon.com/dp/B08VMR4MXN?tag=eloabder-20&linkCode=osi&th=1&psc=1"><img src="https://m.media-amazon.com/images/I/51qQv4-VV3L._SL500_.jpg" alt="Product Image"></a><p>Twinings Tea Sampler Set 12 Flavors Assortment 48 Assorted Tea Bags with 20 Honey Sticks for Tea, Straws and Naturally Caffeine Free Herbal Tea Set…</p><p>$22.96 ($22.96 / Count)</p><a href="https://www.amazon.com/dp/B08VMR4MXN?tag=eloabder-20&linkCode=osi&th=1&psc=1">View Product</a></div><div class="product"><a href="https://www.amazon.com/dp/B074T2FWJY?tag=eloabder-20&linkCode=osi&th=1&psc=1"><img src="https://m.media-amazon.com/images/I/41n1uoomGAL._SL500_.jpg" alt="Product Image"></a><p>10Pcs Heart Tea Infuser for Loose Leaf Tea Steeper - Tea Diffusers for Loose Tea Leaf Steeper Tea Strainers for Loose Tea Infuser Spoon - Tea Steeper for Loose Tea Strainer Heart Shaped Tea Infuser</p><p>$9.98 ($1.00 / Count)</p><a href="https://www.amazon.com/dp/B074T2FWJY?tag=eloabder-20&linkCode=osi&th=1&psc=1">View Product</a></div><div class="product"><a href="https://www.amazon.com/dp/B074L4MZRY?tag=eloabder-20&linkCode=osi&th=1&psc=1"><img src="https://m.media-amazon.com/images/I/418v4F8ZhkL._SL500_.jpg" alt="Product Image"></a><p>VAHDAM Perfect Measure Loose Leaf Tea Spoon | Premium Quality Stainless Steel Tea Scoop | Perfect Measuring Teaspoons To Brew 1 Cup Of Loose Leaf Tea & Matcha</p><p>$7.99</p><a href="https://www.amazon.com/dp/B074L4MZRY?tag=eloabder-20&linkCode=osi&th=1&psc=1">View Product</a></div><div class="product"><a href="https://www.amazon.com/dp/B09FF6P7BL?tag=eloabder-20&linkCode=osi&th=1&psc=1"><img src="https://m.media-amazon.com/images/I/41oGPC0w7ML._SL500_.jpg" alt="Product Image"></a><p>Cute Tea Infuser by OTOTO - Loose Leaf Tea Steeper, Tea Accessories, Tea Diffusers, Tea Infuser for Loose Leaf Tea, Tea Strainers, Cute Gifts, Tea Gift Set, Kitchen Gifts, Cooking Gadgets</p><p>$14.95</p><a href="https://www.amazon.com/dp/B09FF6P7BL?tag=eloabder-20&linkCode=osi&th=1&psc=1">View Product</a></div><div class="product"><a href="https://www.amazon.com/dp/B072XP4FQK?tag=eloabder-20&linkCode=osi&th=1&psc=1"><img src="https://m.media-amazon.com/images/I/31Lfv+7oU6L._SL500_.jpg" alt="Product Image"></a><p>Tea Infuser (Set of 2 Pyramid & Square) with Tea Scoop | Ultra Fine Tea Strainer for Loose Leaf Tea | Stainless Steel Tea Steeper for a Superior Brewing Experience</p><p>$9.99</p><a href="https://www.amazon.com/dp/B072XP4FQK?tag=eloabder-20&linkCode=osi&th=1&psc=1">View Product</a></div><div class="product"><a href="https://www.amazon.com/dp/B0D2SCT4C4?tag=eloabder-20&linkCode=osi&th=1&psc=1"><img src="https://m.media-amazon.com/images/I/51vJnfc4-JL._SL500_.jpg" alt="Product Image"></a><p>Organic Tea Gift Set with Portable Kettle - 36 Piece Tea Gifts for Tea Lovers - Includes Insulated Mug, Assorted Organic Teas, Honey Sticks & Tea Accessories - Ultimate Brewing Experience</p><p>$56.90</p><a href="https://www.amazon.com/dp/B0D2SCT4C4?tag=eloabder-20&linkCode=osi&th=1&psc=1">View Product</a></div>
<div class="product"><a href="https://www.amazon.com/dp/B01NAV05XS?tag=eloabder-20&linkCode=osi&th=1&psc=1"><img src="https://m.media-amazon.com/images/I/51xpd-egLaL._SL500_.jpg" alt="Product Image"></a><p>Torani Variety Pack Caramel, French Vanilla, Vanilla & Hazelnut, 25.4 Ounces (Pack of 4)</p><p>$35.99 ($0.35 / Fl Oz)</p><a href="https://www.amazon.com/dp/B01NAV05XS?tag=eloabder-20&linkCode=osi&th=1&psc=1">View Product</a></div><div class="product"><a href="https://www.amazon.com/dp/B084NVN1J6?tag=eloabder-20&linkCode=osi&th=1&psc=1"><img src="https://m.media-amazon.com/images/I/51Vz7p8hhyL._SL500_.jpg" alt="Product Image"></a><p>Bones Coffee Company Cookies 'N Dreams Coffee Beans, Cookies & Cream Flavor, Low Acid Flavored Coffee, Made with Arabica Coffee Beans, Medium Roast Gourmet Coffee (12 oz)</p><p>$17.99 ($1.50 / Ounce)</p><a href="https://www.amazon.com/dp/B084NVN1J6?tag=eloabder-20&linkCode=osi&th=1&psc=1">View Product</a></div><div class="product"><a href="https://www.amazon.com/dp/B0C2DHCBD6?tag=eloabder-20&linkCode=osi&th=1&psc=1"><img src="https://m.media-amazon.com/images/I/51wa33jmF7L._SL500_.jpg" alt="Product Image"></a><p>Torani Puremade Sauce Variety Pack, 4 Flavors, 16.5 Ounces Bottle (Set of 4)</p><p>$25.99 ($0.39 / Ounce)</p><a href="https://www.amazon.com/dp/B0C2DHCBD6?tag=eloabder-20&linkCode=osi&th=1&psc=1">View Product</a></div><div class="product"><a href="https://www.amazon.com/dp/B000S75D66?tag=eloabder-20&linkCode=osi&th=1&psc=1"><img src="https://m.media-amazon.com/images/I/41AZMaoxbWL._SL500_.jpg" alt="Product Image"></a><p>illy Ground Coffee Moka - 100% Arabica Flavored Coffee Ground - Rich Aromatic Coffee Grounds Profile – Classico Medium Roast - Notes of Caramel, Orange Blossom & Jasmine - No Preservatives – 8.8 Ounce</p><p>$13.85 ($1.57 / Ounce)</p><a href="https://www.amazon.com/dp/B000S75D66?tag=eloabder-20&linkCode=osi&th=1&psc=1">View Product</a></div><div class="product"><a href="https://www.amazon.com/dp/B0BBY6V5T3?tag=eloabder-20&linkCode=osi&th=1&psc=1"><img src="https://m.media-amazon.com/images/I/515wvEFTD7L._SL500_.jpg" alt="Product Image"></a><p>Bones Coffee Company NEW World Tour Sample Pack | Ground Coffee Beans Sampler Gift Box Set | 4 oz Pack of 5 Assorted Single-Origin Gourmet Coffee Gifts | Medium Roast Coffee Beverages (Ground)</p><p>$34.99 ($1.75 / Ounce)</p><a href="https://www.amazon.com/dp/B0BBY6V5T3?tag=eloabder-20&linkCode=osi&th=1&psc=1">View Product</a></div>

<div class="product"><a href="https://www.amazon.com/dp/B01E4C982U?tag=eloabder-20&linkCode=osi&th=1&psc=1"><img src="https://m.media-amazon.com/images/I/51nAunBrSiL._SL500_.jpg" alt="Product Image"></a><p>Green Tea leaves Sencha, JAS Certified Organic, Japanese Tea, Uji-Kyoto, 80g Bag 【YAMASAN】</p><p>$14.70 ($5.25 / Ounce)</p><a href="https://www.amazon.com/dp/B01E4C982U?tag=eloabder-20&linkCode=osi&th=1&psc=1">View Product</a></div><div class="product"><a href="https://www.amazon.com/dp/B000SARJF6?tag=eloabder-20&linkCode=osi&th=1&psc=1"><img src="https://m.media-amazon.com/images/I/51hE2hmSzuL._SL500_.jpg" alt="Product Image"></a><p>Davidson's Tea Bulk, English Breakfast, 16 Ounce</p><p>$15.99 ($1.00 / Ounce)</p><a href="https://www.amazon.com/dp/B000SARJF6?tag=eloabder-20&linkCode=osi&th=1&psc=1">View Product</a></div><div class="product"><a href="https://www.amazon.com/dp/B008FOLQRE?tag=eloabder-20&linkCode=osi&th=1&psc=1"><img src="https://m.media-amazon.com/images/I/51F0rcvhhvL._SL500_.jpg" alt="Product Image"></a><p>Traditional Medicinals Organic Raspberry Leaf Herbal Tea, Eases Menstrual Cramps & Supports Healthy Pregnancy, (Pack of 1) - 16 Tea Bags</p><p>$4.92 ($5.79 / Ounce)</p><a href="https://www.amazon.com/dp/B008FOLQRE?tag=eloabder-20&linkCode=osi&th=1&psc=1">View Product</a></div><div class="product"><a href="https://www.amazon.com/dp/B00136MKEO?tag=eloabder-20&linkCode=osi&th=1&psc=1"><img src="https://m.media-amazon.com/images/I/41Ll68Q3iLL._SL500_.jpg" alt="Product Image"></a><p>Ahmad Tea Earl Grey Aromatic Loose Tea, Ceylon Caddy, 17.6 Oz</p><p>$14.87 ($0.84 / Ounce)</p><a href="https://www.amazon.com/dp/B00136MKEO?tag=eloabder-20&linkCode=osi&th=1&psc=1">View Product</a></div><div class="product"><a href="https://www.amazon.com/dp/B087G3NQGN?tag=eloabder-20&linkCode=osi&th=1&psc=1"><img src="https://m.media-amazon.com/images/I/51wev+SayvL._SL500_.jpg" alt="Product Image"></a><p>TIAN HU SHAN Premium Green Tea Loose Leaf 16 Ounce (454g)</p><p>$14.98 ($0.94 / Ounce)</p><a href="https://www.amazon.com/dp/B087G3NQGN?tag=eloabder-20&linkCode=osi&th=1&psc=1">View Product</a></div><div class="product"><a href="https://www.amazon.com/dp/B007Y94GN2?tag=eloabder-20&linkCode=osi&th=1&psc=1"><img src="https://m.media-amazon.com/images/I/51hqdPaNJYL._SL500_.jpg" alt="Product Image"></a><p>The Tao of Tea, Hibiscus Ginger Tea, Loose Leaf, 3.0 Ounce Tin to make 50 cups</p><p>$10.90 ($3.63 / Ounce)</p><a href="https://www.amazon.com/dp/B007Y94GN2?tag=eloabder-20&linkCode=osi&th=1&psc=1">View Product</a></div><div class="product"><a href="https://www.amazon.com/dp/B0D3WN5RG3?tag=eloabder-20&linkCode=osi&th=1&psc=1"><img src="https://m.media-amazon.com/images/I/5109jIe8NoL._SL500_.jpg" alt="Product Image"></a><p>Mevlana Ceylon Tea, Loose Leaf, 1 Lbs - Best Ceylon Black Tea Leaves from Sri Lanka - Loose Leaf Black Tea</p><p>$14.99 ($0.94 / Ounce)</p><a href="https://www.amazon.com/dp/B0D3WN5RG3?tag=eloabder-20&linkCode=osi&th=1&psc=1">View Product</a></div><div class="product"><a href="https://www.amazon.com/dp/B087G345SM?tag=eloabder-20&linkCode=osi&th=1&psc=1"><img src="https://m.media-amazon.com/images/I/51gQfgKqklL._SL500_.jpg" alt="Product Image"></a><p>TIAN HU SHAN Premium Oolong Tea Loose Leaf 14 Ounce (400g)</p><p>$14.99 ($1.07 / Ounce)</p><a href="https://www.amazon.com/dp/B087G345SM?tag=eloabder-20&linkCode=osi&th=1&psc=1">View Product</a></div>
<div class="product"><a href="https://www.amazon.com/dp/B08XWVFTKS?tag=eloabder-20&linkCode=osi&th=1&psc=1"><img src="https://m.media-amazon.com/images/I/41hJk3cTdnL._SL500_.jpg" alt="Product Image"></a><p>Lindt Gourmet Chocolate Truffles Gift Box, Assorted Chocolate Truffles, Great for gift giving, 14.7 Ounces</p><p>$24.99 ($1.70 / Ounce)</p><a href="https://www.amazon.com/dp/B08XWVFTKS?tag=eloabder-20&linkCode=osi&th=1&psc=1">View Product</a></div>
<div class="product"><a href="https://www.amazon.com/dp/B0CJ3XYPV3?tag=eloabder-20&linkCode=osi&th=1&psc=1"><img src="https://m.media-amazon.com/images/I/519ufxoFyDL._SL500_.jpg" alt="Product Image"></a><p>Blue House VARIETY Handcrafted Gourmet Caramel Candies Gift Box, Maple, Raspberry, Coffee, and Sea Salt</p><p>$26.98 ($1.35 / Count)</p><a href="https://www.amazon.com/dp/B0CJ3XYPV3?tag=eloabder-20&linkCode=osi&th=1&psc=1">View Product</a></div><div class="product"><a href="https://www.amazon.com/dp/B06VW4Z7B1?tag=eloabder-20&linkCode=osi&th=1&psc=1"><img src="https://m.media-amazon.com/images/I/516NdD4b5nL._SL500_.jpg" alt="Product Image"></a><p>BALI'S BEST Coffee Candy - Original Flavor | 1lb Jar | Rich, Smooth Taste | Indulge in Gourmet Coffee Delight - For Coffee Lovers, Delicious Treat for Any Occasion</p><p>$9.87 ($0.62 / Ounce)</p><a href="https://www.amazon.com/dp/B06VW4Z7B1?tag=eloabder-20&linkCode=osi&th=1&psc=1">View Product</a></div><div class="product"><a href="https://www.amazon.com/dp/B086N119VC?tag=eloabder-20&linkCode=osi&th=1&psc=1"><img src="https://m.media-amazon.com/images/I/41xKAcovvCS._SL500_.jpg" alt="Product Image"></a><p>Cerez Pazari Turkish Delight Candy with Assorted Mix Flavours 16 oz Gourmet Medium Size Snacks Gift Box | No Nuts Sweet Luxury Traditional Confectionery Vegan Lokum Loukoumi Approx.42 Pcs</p><p>$13.49 ($0.96 / Ounce)</p><a href="https://www.amazon.com/dp/B086N119VC?tag=eloabder-20&linkCode=osi&th=1&psc=1">View Product</a></div>
<div class="product"><a href="https://www.amazon.com/dp/B07CJLPR4P?tag=eloabder-20&linkCode=osi&th=1&psc=1"><img src="https://m.media-amazon.com/images/I/41vviwnqT4L._SL500_.jpg" alt="Product Image"></a><p>Funky Chunky Gourmet Popcorn Sampler Variety Pack with all 5 flavors: Sea Salt Caramel, Nutty Choco Pop, Peanut Butter Cup, Chip Zel Pop, and Chocolate Pretzel, 2 oz (5 Bags)</p><p>$20.00 ($2.00 / Ounce)</p><a href="https://www.amazon.com/dp/B07CJLPR4P?tag=eloabder-20&linkCode=osi&th=1&psc=1">View Product</a></div><div class="product"><a href="https://www.amazon.com/dp/B0CB1Q5YQ1?tag=eloabder-20&linkCode=osi&th=1&psc=1"><img src="https://m.media-amazon.com/images/I/61Xzv3ZgRIL._SL500_.jpg" alt="Product Image"></a><p>Italian Cracker Assortment - Pack of 30 - Snack Size Cracker Packs - Great Mother's Day Gift - Gourmet Artisan Cracker Variety Pack - Rosemary, Olive, Sesame, Poppy & Sesame, Pizza Flavors - Gourmet Crackers for Charcuterie Party - Cracker Gift Box - Kosher, Preservative Free</p><p>$29.99 ($34.01 / Ounce)</p><a href="https://www.amazon.com/dp/B0CB1Q5YQ1?tag=eloabder-20&linkCode=osi&th=1&psc=1">View Product</a></div><div class="product"><a href="https://www.amazon.com/dp/B0BLMMSPLW?tag=eloabder-20&linkCode=osi&th=1&psc=1"><img src="https://m.media-amazon.com/images/I/61jdT7ZVojL._SL500_.jpg" alt="Product Image"></a><p>International Snack Box, 30 Pcs Premium Foreign Rare Snack Food Gifts with Suprise Item,European Snacks for Adults and Kids for Easter Day</p><p>$39.95 ($0.62 / Ounce)</p><a href="https://www.amazon.com/dp/B0BLMMSPLW?tag=eloabder-20&linkCode=osi&th=1&psc=1">View Product</a></div><div class="product"><a href="https://www.amazon.com/dp/B07Z9SBTTC?tag=eloabder-20&linkCode=osi&th=1&psc=1"><img src="https://m.media-amazon.com/images/I/51P13LVLpjL._SL500_.jpg" alt="Product Image"></a><p>Sahale Snacks Glazed Mix Nut Blend Variety Pack, 1.5 Oz Grab & Go Bags (12 Total Packs) - Four Different Dry-Roasted Deluxe Mixed Nuts Blends Included - Non-GMO Kosher & Certified Gluten-Free Snacks</p><p>$42.20 ($2.34 / Ounce)</p><a href="https://www.amazon.com/dp/B07Z9SBTTC?tag=eloabder-20&linkCode=osi&th=1&psc=1">View Product</a></div><div class="product"><a href="https://www.amazon.com/dp/B00LAQ4Z1I?tag=eloabder-20&linkCode=osi&th=1&psc=1"><img src="https://m.media-amazon.com/images/I/41PkJ7khWFL._SL500_.jpg" alt="Product Image"></a><p>Sheila G's Brownie Brittle – Chocolate Chip & Salted Caramel Thin and Crispy Sweet Snacks (Pack of 20, 1 oz), Rich Gourmet Brownie Bites Dessert</p><p>$29.70 ($1.48 / Ounce)</p><a href="https://www.amazon.com/dp/B00LAQ4Z1I?tag=eloabder-20&linkCode=osi&th=1&psc=1">View Product</a></div><div class="product"><a href="https://www.amazon.com/dp/B09GW1NT5C?tag=eloabder-20&linkCode=osi&th=1&psc=1"><img src="https://m.media-amazon.com/images/I/613yB5WvmhL._SL500_.jpg" alt="Product Image"></a><p>CRAVEBOX Gourmet Specialty Snacks Box Care Package Boxes for College Students Adults Healthy Cookies Bar Organic Variety Gift Pack Assortment Basket Mix Sampler Treat Final Exam Office Men Women Halloween Back to School</p><p>$36.95 ($36.95 / Count)</p><a href="https://www.amazon.com/dp/B09GW1NT5C?tag=eloabder-20&linkCode=osi&th=1&psc=1">View Product</a></div>
<div class="product"><a href="https://www.amazon.com/dp/B00MPQ5ZOS?tag=eloabder-20&linkCode=osi&th=1&psc=1"><img src="https://m.media-amazon.com/images/I/51rC2bMIM5L._SL500_.jpg" alt="Product Image"></a><p>BetterBody Foods Organic Chia Seeds 2 lbs, 32 Oz, with Omega-3, Non-GMO, Gluten Free, Keto Diet Friendly, Vegan, Good Source of Fiber</p><p>$14.26 ($0.45 / Ounce)</p><a href="https://www.amazon.com/dp/B00MPQ5ZOS?tag=eloabder-20&linkCode=osi&th=1&psc=1">View Product</a></div><div class="product"><a href="https://www.amazon.com/dp/B000R7V3DE?tag=eloabder-20&linkCode=osi&th=1&psc=1"><img src="https://m.media-amazon.com/images/I/51YhGUGB+2L._SL500_.jpg" alt="Product Image"></a><p>Pacific Foods Organic Free Range Chicken Broth, 8 oz Carton (Pack of 4)</p><p>$3.39 ($0.11 / Fl Oz)</p><a href="https://www.amazon.com/dp/B000R7V3DE?tag=eloabder-20&linkCode=osi&th=1&psc=1">View Product</a></div><div class="product"><a href="https://www.amazon.com/dp/B073ZNGZ7F?tag=eloabder-20&linkCode=osi&th=1&psc=1"><img src="https://m.media-amazon.com/images/I/51PZf9bpVIL._SL500_.jpg" alt="Product Image"></a><p>BetterBody Foods Organic Quinoa, Vegan, Complete Plant Protein, Gluten Free, Low Glycemic Rice Replacement, 24 ounce</p><p>$15.63 ($0.65 / Fl Oz)</p><a href="https://www.amazon.com/dp/B073ZNGZ7F?tag=eloabder-20&linkCode=osi&th=1&psc=1">View Product</a></div><div class="product"><a href="https://www.amazon.com/dp/B01N3365YI?tag=eloabder-20&linkCode=osi&th=1&psc=1"><img src="https://m.media-amazon.com/images/I/41N0Mk2m0pL._SL500_.jpg" alt="Product Image"></a><p>NOW Foods, Organic Pumpkin Seeds, Raw and Unsalted, Excellent Source of Protein and Iron, Certified Non-GMO, Keto-Friendly Snack, 12-Ounce (Packaging May Vary)</p><p>$6.99 ($0.58 / Ounce)</p><a href="https://www.amazon.com/dp/B01N3365YI?tag=eloabder-20&linkCode=osi&th=1&psc=1">View Product</a></div><div class="product"><a href="https://www.amazon.com/dp/B0CMW5KTLL?tag=eloabder-20&linkCode=osi&th=1&psc=1"><img src="https://m.media-amazon.com/images/I/51skmBt-7dL._SL500_.jpg" alt="Product Image"></a><p>Kate’s Real Food Organic Granola Bars - Snack & Share Variety Pack (2.2 oz, Pack of 12) - Organic Energy Bars Made with Gluten Free Oats - Non GMO, Soy Free, Whole Grains, and All Natural</p><p>$33.88 ($1.28 / Ounce)</p><a href="https://www.amazon.com/dp/B0CMW5KTLL?tag=eloabder-20&linkCode=osi&th=1&psc=1">View Product</a></div><div class="product"><a href="https://www.amazon.com/dp/B008RLUXI8?tag=eloabder-20&linkCode=osi&th=1&psc=1"><img src="https://m.media-amazon.com/images/I/51cnqntGe8L._SL500_.jpg" alt="Product Image"></a><p>Annie's Organic Variety Pack, Cheddar Bunnies, Bunny Grahams and Cheddar Squares, 12 Pouches, 11 oz</p><p>$8.49 ($0.77 / Ounce)</p><a href="https://www.amazon.com/dp/B008RLUXI8?tag=eloabder-20&linkCode=osi&th=1&psc=1">View Product</a></div><div class="product"><a href="https://www.amazon.com/dp/B01IPZUZW4?tag=eloabder-20&linkCode=osi&th=1&psc=1"><img src="https://m.media-amazon.com/images/I/51F2XkB6b5L._SL500_.jpg" alt="Product Image"></a><p>BetterBody Foods Organic Cacao Powder, Rich Chocolate Flavor, Non-GMO, Gluten-Free, Cocoa, 16 ounce, 1 lb bag</p><p>$12.27 ($0.77 / Ounce)</p><a href="https://www.amazon.com/dp/B01IPZUZW4?tag=eloabder-20&linkCode=osi&th=1&psc=1">View Product</a></div><div class="product"><a href="https://www.amazon.com/dp/B016BC50VY?tag=eloabder-20&linkCode=osi&th=1&psc=1"><img src="https://m.media-amazon.com/images/I/51yOgUaWJ1L._SL500_.jpg" alt="Product Image"></a><p>Good Sense Roasted & Salted Organic Pumpkin Seeds (Pepitas), Non-GMO & All Natural, 6 Ounce Resealable Bag</p><p>$3.99 ($0.66 / Ounce)</p><a href="https://www.amazon.com/dp/B016BC50VY?tag=eloabder-20&linkCode=osi&th=1&psc=1">View Product</a></div><div class="product"><a href="https://www.amazon.com/dp/B0B5V77FSZ?tag=eloabder-20&linkCode=osi&th=1&psc=1"><img src="https://m.media-amazon.com/images/I/41qVxhNyX6L._SL500_.jpg" alt="Product Image"></a><p>Pacific Foods Organic Chicken and Wild Rice Soup, 16.3 oz Can</p><p>$2.87 ($0.18 / Ounce)</p><a href="https://www.amazon.com/dp/B0B5V77FSZ?tag=eloabder-20&linkCode=osi&th=1&psc=1">View Product</a></div>
<div class="product"><a href="https://www.amazon.com/dp/B00CBX8F3I?tag=eloabder-20&linkCode=osi&th=1&psc=1"><img src="https://m.media-amazon.com/images/I/51YgGi3uXNL._SL500_.jpg" alt="Product Image"></a><p>Glutino Gluten Free Table Crackers, Premium Squares, Original, 7 oz</p><p>$3.13 ($0.45 / Ounce)</p><a href="https://www.amazon.com/dp/B00CBX8F3I?tag=eloabder-20&linkCode=osi&th=1&psc=1">View Product</a></div><div class="product"><a href="https://www.amazon.com/dp/B0C64N6ZTC?tag=eloabder-20&linkCode=osi&th=1&psc=1"><img src="https://m.media-amazon.com/images/I/41jSEFaAtWL._SL500_.jpg" alt="Product Image"></a><p>Katz Gluten Free Toaster Pastries. Strawberry. Easy Breakfast Food Or Anytime Healthy Snacks For Adults & Kids. Gluten Free Snacks. Dairy Free, Nut Free, Peanut Free, Soy Free. Snacks For Adults Kosher Snacks. 8 OZ (Pack Of 2</p><p>$12.97 ($0.81 / Ounce)</p><a href="https://www.amazon.com/dp/B0C64N6ZTC?tag=eloabder-20&linkCode=osi&th=1&psc=1">View Product</a></div><div class="product"><a href="https://www.amazon.com/dp/B006OIWD7U?tag=eloabder-20&linkCode=osi&th=1&psc=1"><img src="https://m.media-amazon.com/images/I/51fcMhMMuFL._SL500_.jpg" alt="Product Image"></a><p>Kinnikinnick Gluten Free Angel Food Cake Mix, 16 Ounce</p><p>$9.00 ($0.56 / Ounce)</p><a href="https://www.amazon.com/dp/B006OIWD7U?tag=eloabder-20&linkCode=osi&th=1&psc=1">View Product</a></div><div class="product"><a href="https://www.amazon.com/dp/B00HKIBKQS?tag=eloabder-20&linkCode=osi&th=1&psc=1"><img src="https://m.media-amazon.com/images/I/41vcEf0YqVL._SL500_.jpg" alt="Product Image"></a><p>Lotus Foods Bulk Food Organic Millet & Brown Rice Ramen Noodles with Red Miso Soup, Gluten-Free Easy to Cook & Healthy Japanese Noodles with Instant Gourmet Broth, 2.8 Oz (Pack of 10)</p><p>$23.90 ($0.85 / Ounce)</p><a href="https://www.amazon.com/dp/B00HKIBKQS?tag=eloabder-20&linkCode=osi&th=1&psc=1">View Product</a></div><div class="product"><a href="https://www.amazon.com/dp/B09P8VQ62R?tag=eloabder-20&linkCode=osi&th=1&psc=1"><img src="https://m.media-amazon.com/images/I/517vF20bKYL._SL500_.jpg" alt="Product Image"></a><p>Gluten Free Sugar Free Butter Cookies 36 Count Traditional Danish Cookies, Premium Assorted Shortbread cookies for Diabetics (1 Pk, 11 Ounce)</p><p>$13.99 ($1.27 / Ounce)</p><a href="https://www.amazon.com/dp/B09P8VQ62R?tag=eloabder-20&linkCode=osi&th=1&psc=1">View Product</a></div><div class="product"><a href="https://www.amazon.com/dp/B07QFY8KVJ?tag=eloabder-20&linkCode=osi&th=1&psc=1"><img src="https://m.media-amazon.com/images/I/41A8K3x-WKL._SL500_.jpg" alt="Product Image"></a><p>Double Yolk Gluten Free Medium Egg Noodles,10 Ounce Bag (Pack of 2)</p><p>$20.00 ($1.00 / Ounce)</p><a href="https://www.amazon.com/dp/B07QFY8KVJ?tag=eloabder-20&linkCode=osi&th=1&psc=1">View Product</a></div><div class="product"><a href="https://www.amazon.com/dp/B017QPT0P2?tag=eloabder-20&linkCode=osi&th=1&psc=1"><img src="https://m.media-amazon.com/images/I/41bJSGh8ocS._SL500_.jpg" alt="Product Image"></a><p>Mom's Gluten Free Angel Food Cake Mix,1-Pack, Easy to Make, 12 Servings, Non GMO Delicious and Healthy Gluten Free Desserts</p><p>$9.99 ($0.55 / Ounce)</p><a href="https://www.amazon.com/dp/B017QPT0P2?tag=eloabder-20&linkCode=osi&th=1&psc=1">View Product</a></div>
<div class="product"><a href="https://www.amazon.com/dp/B08QG24L5V?tag=eloabder-20&linkCode=osi&th=1&psc=1"><img src="https://m.media-amazon.com/images/I/61+-HZ1es-L._SL500_.jpg" alt="Product Image"></a><p>Hellmann's Vegan Dressing and Spread Vegan 3 Ct for a Rich, Creamy Plant-Based Alternative to Mayo Same Great Taste, Plant Based, Free From Eggs 11.5 oz</p><p>$13.47 ($0.39 / Fl Oz)</p><a href="https://www.amazon.com/dp/B08QG24L5V?tag=eloabder-20&linkCode=osi&th=1&psc=1">View Product</a></div><div class="product"><a href="https://www.amazon.com/dp/B07PQ9D3WP?tag=eloabder-20&linkCode=osi&th=1&psc=1"><img src="https://m.media-amazon.com/images/I/519WO4YN0lL._SL500_.jpg" alt="Product Image"></a><p>Kapka Assorted Variety Indian Meals - 5 Pack - Ready to Eat Authentic Vegan Prepared Food - Just Add Water - Microwaveable Plant-Based Snacks for Breakfast, Lunch, Non-GMO, No Additives - 3.5oz Each</p><p>$22.99 ($1.31 / Ounce)</p><a href="https://www.amazon.com/dp/B07PQ9D3WP?tag=eloabder-20&linkCode=osi&th=1&psc=1">View Product</a></div><div class="product"><a href="https://www.amazon.com/dp/B093TNJY8D?tag=eloabder-20&linkCode=osi&th=1&psc=1"><img src="https://m.media-amazon.com/images/I/51imOXudzIL._SL500_.jpg" alt="Product Image"></a><p>TASTY BITE Mexican Protein Bowl, 8.8 Ounce, Pack of 6, Ready to Eat, Microwaveable, Vegan, 12g Plant Protein, Tangy Citrus</p><p>$21.96 ($0.42 / Ounce)</p><a href="https://www.amazon.com/dp/B093TNJY8D?tag=eloabder-20&linkCode=osi&th=1&psc=1">View Product</a></div><div class="product"><a href="https://www.amazon.com/dp/B0B23VJWWN?tag=eloabder-20&linkCode=osi&th=1&psc=1"><img src="https://m.media-amazon.com/images/I/519YN5vy+eL._SL500_.jpg" alt="Product Image"></a><p>Casa Verde | Variety flavours, 100% Natural food, Pack of 4, Real taste | 100% vegan & Non-GMO, Plant based, No preservatives</p><p>$26.99 ($0.77 / Ounce)</p><a href="https://www.amazon.com/dp/B0B23VJWWN?tag=eloabder-20&linkCode=osi&th=1&psc=1">View Product</a></div><div class="product"><a href="https://www.amazon.com/dp/B071JLJ9Q8?tag=eloabder-20&linkCode=osi&th=1&psc=1"><img src="https://m.media-amazon.com/images/I/51iqkJ5JbAL._SL500_.jpg" alt="Product Image"></a><p>Vegan Snacks Gift Basket for Adults Healthy Food Treats Variety Pack with Cookies, Protein Bars, Candy, Crispy Chips, Vegan Jerky, Fruit and Nut Blends - Ideal Vegan Snack Box Gift for Women & Men</p><p>$42.99 ($2.15 / Count)</p><a href="https://www.amazon.com/dp/B071JLJ9Q8?tag=eloabder-20&linkCode=osi&th=1&psc=1">View Product</a></div><div class="product"><a href="https://www.amazon.com/dp/B086PDWSNC?tag=eloabder-20&linkCode=osi&th=1&psc=1"><img src="https://m.media-amazon.com/images/I/51WO5dIKDjL._SL500_.jpg" alt="Product Image"></a><p>Kitchen & Love Best Sellers Variety Box 6-Pack | Vegan, Ready-to-Eat, No Refrigeration Required | Plant-Based, Gourmet Flavors</p><p>$27.99 ($0.59 / Ounce)</p><a href="https://www.amazon.com/dp/B086PDWSNC?tag=eloabder-20&linkCode=osi&th=1&psc=1">View Product</a></div><div class="product"><a href="https://www.amazon.com/dp/B08QG3CRNP?tag=eloabder-20&linkCode=osi&th=1&psc=1"><img src="https://m.media-amazon.com/images/I/617B3UIbxHL._SL500_.jpg" alt="Product Image"></a><p>Best Foods Vegan Dressing and Spread Vegan 1 ct for a Rich, Creamy Plant-Based Alternative to Mayo Same Great Taste, Plant Based, Free From Eggs 11.5 oz</p><p>$5.59 ($0.49 / Fl Oz)</p><a href="https://www.amazon.com/dp/B08QG3CRNP?tag=eloabder-20&linkCode=osi&th=1&psc=1">View Product</a></div><div class="product"><a href="https://www.amazon.com/dp/B09874VXSX?tag=eloabder-20&linkCode=osi&th=1&psc=1"><img src="https://m.media-amazon.com/images/I/51dRBp+9AzS._SL500_.jpg" alt="Product Image"></a><p>VEGAN VALLEY Cashew Nacho Cheeze Sauce, 14.5 oz - Shelf Stable, Tangy Vegan Nacho Cheeze -Certified Gluten-Free, Kosher, Dairy Free Cheeze -Non-GMO Plant-Based Cheeze Great As Vegan Pasta Sauce, Dip</p><p>$12.97 ($0.89 / Ounce)</p><a href="https://www.amazon.com/dp/B09874VXSX?tag=eloabder-20&linkCode=osi&th=1&psc=1">View Product</a></div><div class="product"><a href="https://www.amazon.com/dp/B076XR11WH?tag=eloabder-20&linkCode=osi&th=1&psc=1"><img src="https://m.media-amazon.com/images/I/41cpFCG2iiL._SL500_.jpg" alt="Product Image"></a><p>NOOCH IT! Fair Trade Dairy-Free Cashew Grated Cheeze | Vegan Parmesan ● Tasty Cheese Alternative | 4oz (Vegan "Parm", Gluten-Free)</p><p>$10.99 ($2.75 / Ounce)</p><a href="https://www.amazon.com/dp/B076XR11WH?tag=eloabder-20&linkCode=osi&th=1&psc=1">View Product</a></div>
<div class="product"><a href="https://www.amazon.com/dp/B09GFBR6MW?tag=eloabder-20&linkCode=osi&th=1&psc=1"><img src="https://m.media-amazon.com/images/I/51Jn8cqk0AL._SL500_.jpg" alt="Product Image"></a><p>Keto Almond Flour Crackers Variety Pack - Gluten Free, Low Carb, No Sugar</p><p>$14.99 ($2.22 / Ounce)</p><a href="https://www.amazon.com/dp/B09GFBR6MW?tag=eloabder-20&linkCode=osi&th=1&psc=1">View Product</a></div><div class="product"><a href="https://www.amazon.com/dp/B07TYW7CQ8?tag=eloabder-20&linkCode=osi&th=1&psc=1"><img src="https://m.media-amazon.com/images/I/51HQ0o0qxrL._SL500_.jpg" alt="Product Image"></a><p>Tillamook Country Smoker Keto Friendly Zero Sugar Smoked Sausages, Original, 10 Ounce</p><p>$11.49 ($1.15 / Ounce)</p><a href="https://www.amazon.com/dp/B07TYW7CQ8?tag=eloabder-20&linkCode=osi&th=1&psc=1">View Product</a></div><div class="product"><a href="https://www.amazon.com/dp/B09VXNV7ZZ?tag=eloabder-20&linkCode=osi&th=1&psc=1"><img src="https://m.media-amazon.com/images/I/51GQQjKLByL._SL500_.jpg" alt="Product Image"></a><p>Keto Strawberry Jam, No Sugar Added - Monk Fruit Sweetened, Gluten Free Spread from ChocZero, 12 oz</p><p>$9.99 ($0.83 / Ounce)</p><a href="https://www.amazon.com/dp/B09VXNV7ZZ?tag=eloabder-20&linkCode=osi&th=1&psc=1">View Product</a></div><div class="product"><a href="https://www.amazon.com/dp/B09GJ1RDS8?tag=eloabder-20&linkCode=osi&th=1&psc=1"><img src="https://m.media-amazon.com/images/I/61fQrPm63ML._SL500_.jpg" alt="Product Image"></a><p>Ratio Soft Baked Bars, Chocolate Brownie, 1g Sugar, Keto Friendly, 5.34 OZ (6 Bars)</p><p>$7.43 ($1.39 / Ounce)</p><a href="https://www.amazon.com/dp/B09GJ1RDS8?tag=eloabder-20&linkCode=osi&th=1&psc=1">View Product</a></div><div class="product"><a href="https://www.amazon.com/dp/B08ZS5VQ4P?tag=eloabder-20&linkCode=osi&th=1&psc=1"><img src="https://m.media-amazon.com/images/I/41bWBXP6BWL._SL500_.jpg" alt="Product Image"></a><p>Legendary Foods 20 gr Protein Pastry - Low Carb Tasty Protein Bar Alternative, Keto Friendly, No Sugar Added High Protein Breakfast Snacks, Gluten Free Keto Food - Brown Sugar Cinnamon (8-Pack)</p><p>$24.95 ($1.42 / Ounce)</p><a href="https://www.amazon.com/dp/B08ZS5VQ4P?tag=eloabder-20&linkCode=osi&th=1&psc=1">View Product</a></div><div class="product"><a href="https://www.amazon.com/dp/B08SHZGKD9?tag=eloabder-20&linkCode=osi&th=1&psc=1"><img src="https://m.media-amazon.com/images/I/51z4hGA4oGL._SL500_.jpg" alt="Product Image"></a><p>ChocZero Milk Chocolate Hazelnut Spread - Keto Friendly, No Sugar Added, Best Low Carb Dessert, Perfect Topping for Almond Flour Pancakes, Naturally Sweetened with Monk Fruit (1 jar, 12 oz)</p><p>$9.59 ($0.80 / Ounce)</p><a href="https://www.amazon.com/dp/B08SHZGKD9?tag=eloabder-20&linkCode=osi&th=1&psc=1">View Product</a></div><div class="product"><a href="https://www.amazon.com/dp/B078YD277Z?tag=eloabder-20&linkCode=osi&th=1&psc=1"><img src="https://m.media-amazon.com/images/I/413KVQlVNYL._SL500_.jpg" alt="Product Image"></a><p>Twin Peaks Low Carb, Keto Friendly Protein Puffs, Nacho Cheese (300g, 21g Protein, 2g Carbs)</p><p>$26.98 ($2.55 / Ounce)</p><a href="https://www.amazon.com/dp/B078YD277Z?tag=eloabder-20&linkCode=osi&th=1&psc=1">View Product</a></div><div class="product"><a href="https://www.amazon.com/dp/B09HYCR8H8?tag=eloabder-20&linkCode=osi&th=1&psc=1"><img src="https://m.media-amazon.com/images/I/51-9H1RUjjL._SL500_.jpg" alt="Product Image"></a><p>Ratio Coconut Almond Granola Cereal, 1g Sugar, Keto Friendly, 8 OZ Resealable Cereal Bag</p><p>$6.98 ($0.87 / Ounce)</p><a href="https://www.amazon.com/dp/B09HYCR8H8?tag=eloabder-20&linkCode=osi&th=1&psc=1">View Product</a></div><div class="product"><a href="https://www.amazon.com/dp/B09L78DG1T?tag=eloabder-20&linkCode=osi&th=1&psc=1"><img src="https://m.media-amazon.com/images/I/41zLTQtCMFL._SL500_.jpg" alt="Product Image"></a><p>Keto Biscuit Zero Carb Mix - Keto and Gluten Free Biscuit Baking Mix - 0g Net Carbs Per Biscuit - Sweetened with Allulose - No Erythritol, Easy to Bake - No Sugar Alcohols - No Nut Flours - Makes 12 Biscuits (23g Mix)</p><p>$12.99 ($1.33 / Ounce)</p><a href="https://www.amazon.com/dp/B09L78DG1T?tag=eloabder-20&linkCode=osi&th=1&psc=1">View Product</a></div>
<div class="product"><a href="https://www.amazon.com/dp/B07D3NS8NW?tag=eloabder-20&linkCode=osi&th=1&psc=1"><img src="https://m.media-amazon.com/images/I/5119qXbMHbL._SL500_.jpg" alt="Product Image"></a><p>Chomps Grass-Fed and Finished Original Beef Jerky Snack Sticks 10-Pack - Keto, Paleo, Whole30, 10g Lean Meat Protein, Gluten-Free, Zero Sugar Food, Non-GMO</p><p>$23.99 ($2.09 / Ounce)</p><a href="https://www.amazon.com/dp/B07D3NS8NW?tag=eloabder-20&linkCode=osi&th=1&psc=1">View Product</a></div><div class="product"><a href="https://www.amazon.com/dp/B01MD0T6G0?tag=eloabder-20&linkCode=osi&th=1&psc=1"><img src="https://m.media-amazon.com/images/I/410g9hhT61L._SL500_.jpg" alt="Product Image"></a><p>Paleo Powder Autoimmune Protocol All Purpose Seasoning | The Original Paleo Aip Seasoning Great for All Paleo Diets | Certified Keto Food, Paleo Whole 30, Aip Food, Gluten Free Seasoning</p><p>$10.99 ($2.75 / Ounce)</p><a href="https://www.amazon.com/dp/B01MD0T6G0?tag=eloabder-20&linkCode=osi&th=1&psc=1">View Product</a></div><div class="product"><a href="https://www.amazon.com/dp/B0844YJVX3?tag=eloabder-20&linkCode=osi&th=1&psc=1"><img src="https://m.media-amazon.com/images/I/51ejTPkppoL._SL500_.jpg" alt="Product Image"></a><p>Kevin's Natural Foods Paleo Simmer Sauce Variety Pack - Stir-Fry Sauce, Gluten Free, No Preservatives, Non-GMO - 3 Pack (Teriyaki/Thai Coconut/Korean BBQ)</p><p>$15.00 ($0.71 / Ounce)</p><a href="https://www.amazon.com/dp/B0844YJVX3?tag=eloabder-20&linkCode=osi&th=1&psc=1">View Product</a></div><div class="product"><a href="https://www.amazon.com/dp/B097CGVXGZ?tag=eloabder-20&linkCode=osi&th=1&psc=1"><img src="https://m.media-amazon.com/images/I/51q6lfDMpKL._SL500_.jpg" alt="Product Image"></a><p>Thunderbird Real Food Bars - Gluten Free, Paleo, Vegan Snack Food Bar Variety Pack - 102 Ounce</p><p>$18.99 ($1.86 / Ounce)</p><a href="https://www.amazon.com/dp/B097CGVXGZ?tag=eloabder-20&linkCode=osi&th=1&psc=1">View Product</a></div><div class="product"><a href="https://www.amazon.com/dp/B07B6N46RZ?tag=eloabder-20&linkCode=osi&th=1&psc=1"><img src="https://m.media-amazon.com/images/I/51VZNI8wYuL._SL500_.jpg" alt="Product Image"></a><p>Caveman Foods Dark Chocolate Almond Coconut (12 Count Box) 1.4 Ounce, Nutrition Bar , NON GMO, GULTEN Free, Paleo Friendly Dark Coconut Dark Chocolate Coconut bars</p><p>$18.55 ($1.10 / Ounce)</p><a href="https://www.amazon.com/dp/B07B6N46RZ?tag=eloabder-20&linkCode=osi&th=1&psc=1">View Product</a></div><div class="product"><a href="https://www.amazon.com/dp/B07TBB5XBT?tag=eloabder-20&linkCode=osi&th=1&psc=1"><img src="https://m.media-amazon.com/images/I/41C-Kn4zXqL._SL500_.jpg" alt="Product Image"></a><p>Paleo AIP Seasoned Breading Mix | Cassava Root with AIP Seasoning Paleo Mix for all Paleo Diets | Certified Keto Food, Gluten Free, No MSG, No Additives, No Anti-Caking Agents, No Added Sugar.</p><p>$11.99 ($1.50 / Ounce)</p><a href="https://www.amazon.com/dp/B07TBB5XBT?tag=eloabder-20&linkCode=osi&th=1&psc=1">View Product</a></div><div class="product"><a href="https://www.amazon.com/dp/B01II47Y94?tag=eloabder-20&linkCode=osi&th=1&psc=1"><img src="https://m.media-amazon.com/images/I/51qQs0vK2+L._SL500_.jpg" alt="Product Image"></a><p>Bearded Brothers Organic Vegan Protein Energy Bars - Gluten & Soy Free Paleo | Non GMO, Low Glycemic, Plant Based Protein, High Fiber | 12pk Six Flavor Variety</p><p>$30.99 ($1.70 / Ounce)</p><a href="https://www.amazon.com/dp/B01II47Y94?tag=eloabder-20&linkCode=osi&th=1&psc=1">View Product</a></div><div class="product"><a href="https://www.amazon.com/dp/B081XYV62N?tag=eloabder-20&linkCode=osi&th=1&psc=1"><img src="https://m.media-amazon.com/images/I/61EH9U076rL._SL500_.jpg" alt="Product Image"></a><p>Paleo Snacks Variety Pack for Adult | Healthy Snack Box [25 Count] Holiday Gift Basket Gluten Free | Mix of Whole Foods, Protein Bars, Crackers, Chips, Puffs, Fruit & Nuts by Snack Attack</p><p>$51.99</p><a href="https://www.amazon.com/dp/B081XYV62N?tag=eloabder-20&linkCode=osi&th=1&psc=1">View Product</a></div><div class="product"><a href="https://www.amazon.com/dp/B07NXF79QB?tag=eloabder-20&linkCode=osi&th=1&psc=1"><img src="https://m.media-amazon.com/images/I/41+l-WTpxlL._SL500_.jpg" alt="Product Image"></a><p>BetterBody Foods Avocado Oil Mayonnaise, Non-GMO Mayo Spread Made with Cage-Free Eggs, Paleo (15 Ounces)</p><p>$7.98 ($0.53 / Fl Oz)</p><a href="https://www.amazon.com/dp/B07NXF79QB?tag=eloabder-20&linkCode=osi&th=1&psc=1">View Product</a></div>
<div class="product"><a href="https://www.amazon.com/dp/B08R6DZXYV?tag=eloabder-20&linkCode=osi&th=1&psc=1"><img src="https://m.media-amazon.com/images/I/514+AzE-ZdL._SL500_.jpg" alt="Product Image"></a><p>The Only Bean - Crunchy Roasted Edamame Beans (Sea Salt) - Keto Snacks (2g Net) - High Protein Healthy Snacks (14g Protein) - Low Carb & Calorie, Gluten-Free Snack, Vegan Food - 4 oz (3 Pack)</p><p>$13.97 ($1.16 / Ounce)</p><a href="https://www.amazon.com/dp/B08R6DZXYV?tag=eloabder-20&linkCode=osi&th=1&psc=1">View Product</a></div><div class="product"><a href="https://www.amazon.com/dp/B081K2H9MT?tag=eloabder-20&linkCode=osi&th=1&psc=1"><img src="https://m.media-amazon.com/images/I/51AY70sTn+L._SL500_.jpg" alt="Product Image"></a><p>Natural Heaven Hearts of Palm Pasta, Angel Hair Noodles - Low Carb Pasta, Gluten-Free, Paleo, Keto Pasta Noodles, Plant-Based Healthy Food, 9 Oz</p><p>$7.98 ($0.89 / Ounce)</p><a href="https://www.amazon.com/dp/B081K2H9MT?tag=eloabder-20&linkCode=osi&th=1&psc=1">View Product</a></div><div class="product"><a href="https://www.amazon.com/dp/B010LWGDMA?tag=eloabder-20&linkCode=osi&th=1&psc=1"><img src="https://m.media-amazon.com/images/I/51a0+d-4GQL._SL500_.jpg" alt="Product Image"></a><p>Atkins Endulge Caramel Nut Chew Bar, Dessert Favorite, 1g Sugar, Good Source of Fiber, Low Sugar, 10 Count</p><p>$12.49 ($1.04 / Ounce)</p><a href="https://www.amazon.com/dp/B010LWGDMA?tag=eloabder-20&linkCode=osi&th=1&psc=1">View Product</a></div><div class="product"><a href="https://www.amazon.com/dp/B092L4RYLD?tag=eloabder-20&linkCode=osi&th=1&psc=1"><img src="https://m.media-amazon.com/images/I/51OTsRP+TZL._SL500_.jpg" alt="Product Image"></a><p>Legendary Foods 20 gr Protein Pastry, Low Carb, Tasty Protein Bar Alternative, Keto Friendly, No Sugar Added, High Protein Breakfast Snacks, Gluten Free Keto Food - Hot Fudge (8-Pack)</p><p>$26.99 ($1.53 / Ounce)</p><a href="https://www.amazon.com/dp/B092L4RYLD?tag=eloabder-20&linkCode=osi&th=1&psc=1">View Product</a></div><div class="product"><a href="https://www.amazon.com/dp/B0B3YG1RSV?tag=eloabder-20&linkCode=osi&th=1&psc=1"><img src="https://m.media-amazon.com/images/I/419gDC2KO3L._SL500_.jpg" alt="Product Image"></a><p>King Arthur Baking Keto Pizza Crust Mix, 1g Net Carbs Per Serving, Low Carb & Keto Friendly, 10.25 oz</p><p>$5.49 ($0.54 / Ounce)</p><a href="https://www.amazon.com/dp/B0B3YG1RSV?tag=eloabder-20&linkCode=osi&th=1&psc=1">View Product</a></div><div class="product"><a href="https://www.amazon.com/dp/B0CJ5MXM5F?tag=eloabder-20&linkCode=osi&th=1&psc=1"><img src="https://m.media-amazon.com/images/I/51sa1DKliOL._SL500_.jpg" alt="Product Image"></a><p>BeyondTwistz Low Carb Pretzels, Garlic Butter, Keto Friendly, 2g Net Carbs, 18g Protein, Powered By HealthSense® High Fiber Wheat Flour, Family Size 8oz Bag, Pack of 1</p><p>$12.99 ($1.62 / Ounce)</p><a href="https://www.amazon.com/dp/B0CJ5MXM5F?tag=eloabder-20&linkCode=osi&th=1&psc=1">View Product</a></div><div class="product"><a href="https://www.amazon.com/dp/B0C95KJ8K6?tag=eloabder-20&linkCode=osi&th=1&psc=1"><img src="https://m.media-amazon.com/images/I/51mYAdV0dDL._SL500_.jpg" alt="Product Image"></a><p>Mr. Tortilla Low Carb Keto Soft Taco Shells, Vegan Healthy Snacks & Bread Alternative, 1 Net Carb 15 Calories Delicious Small Batch Kosher Wraps -(Multigrain, 12 Count)</p><p>$5.99 ($0.50 / Count)</p><a href="https://www.amazon.com/dp/B0C95KJ8K6?tag=eloabder-20&linkCode=osi&th=1&psc=1">View Product</a></div>
<div class="product"><a href="https://www.amazon.com/dp/B0B7S2CQ8L?tag=eloabder-20&linkCode=osi&th=1&psc=1"><img src="https://m.media-amazon.com/images/I/41MUr4yS1EL._SL500_.jpg" alt="Product Image"></a><p>Legendary Foods High Protein Snack - Chocolate Sweet Roll, 20 Gr Protein Bar Alternative, Low Carb Food, Low Sugar - Gluten Free Keto Breakfast Snacks, Healthy Chocolate Flavored Rolls (10-pack)</p><p>$33.99 ($1.44 / Ounce)</p><a href="https://www.amazon.com/dp/B0B7S2CQ8L?tag=eloabder-20&linkCode=osi&th=1&psc=1">View Product</a></div><div class="product"><a href="https://www.amazon.com/dp/B0B2N5GHMG?tag=eloabder-20&linkCode=osi&th=1&psc=1"><img src="https://m.media-amazon.com/images/I/61SWf5ZeiCL._SL500_.jpg" alt="Product Image"></a><p>The Only Bean Crunchy Roasted Edamame - Healthy Snacks for Adults and Kids (Variety Pack), Low Calorie & Carb Keto Snack Food, Vegan Gluten Free High Protein Snacks (11g), Office Snack, 0.9oz 24 pack</p><p>$28.97 ($1.34 / Ounce)</p><a href="https://www.amazon.com/dp/B0B2N5GHMG?tag=eloabder-20&linkCode=osi&th=1&psc=1">View Product</a></div><div class="product"><a href="https://www.amazon.com/dp/B0CZT2LPZJ?tag=eloabder-20&linkCode=osi&th=1&psc=1"><img src="https://m.media-amazon.com/images/I/41XWEdSgdDL._SL500_.jpg" alt="Product Image"></a><p>Crisp Power High Protein Pretzel Crisps - 6 Pack x 1.75 oz Crunchy & Flavorful Plant-Based Snack. No Sugar, 28g Protein Per Pack in 3 Savory Flavors, Vegan, Keto Friendly, Non-GMO, Kosher Non-Dairy (1.75 Ounce (Pack of 6), Everything)</p><p>$19.90 ($1.88 / Ounce)</p><a href="https://www.amazon.com/dp/B0CZT2LPZJ?tag=eloabder-20&linkCode=osi&th=1&psc=1">View Product</a></div><div class="product"><a href="https://www.amazon.com/dp/B09GLBLPYG?tag=eloabder-20&linkCode=osi&th=1&psc=1"><img src="https://m.media-amazon.com/images/I/51i+PQS9qVL._SL500_.jpg" alt="Product Image"></a><p>Quest Nutrition Tortilla Style Protein Chips Variety Pack, Chili Lime, Nacho Cheese, Loaded Taco, Low Carb, High Protein, Gluten Free, 1.1 oz (Pack of 12)</p><p>$29.99 ($2.27 / Ounce)</p><a href="https://www.amazon.com/dp/B09GLBLPYG?tag=eloabder-20&linkCode=osi&th=1&psc=1">View Product</a></div><div class="product"><a href="https://www.amazon.com/dp/B086CHT1TM?tag=eloabder-20&linkCode=osi&th=1&psc=1"><img src="https://m.media-amazon.com/images/I/519WyQYsN0L._SL500_.jpg" alt="Product Image"></a><p>Quest Nutrition Lemon Cake Protein Bars, High Protein, Low Carb, Gluten Free, Keto Friendly, 12 Count (Pack of 1)</p><p>$22.99 ($0.90 / Ounce)</p><a href="https://www.amazon.com/dp/B086CHT1TM?tag=eloabder-20&linkCode=osi&th=1&psc=1">View Product</a></div>
<div class="product"><a href="https://www.amazon.com/dp/B093CGRM2T?tag=eloabder-20&linkCode=osi&th=1&psc=1"><img src="https://m.media-amazon.com/images/I/41HZ8Kc174L._SL500_.jpg" alt="Product Image"></a><p>Farmers' Market Charcuterie Gift for Summer, Wisconsin Cheese, Hickory Smoked Meat, Shelf Stable, Gourmet Meat and Cheese Platter, Small Spicy</p><p>$29.99</p><a href="https://www.amazon.com/dp/B093CGRM2T?tag=eloabder-20&linkCode=osi&th=1&psc=1">View Product</a></div>


Aucun résultat trouvé.
<div class="product"><a href="https://www.amazon.com/dp/B07BQXJ123?tag=eloabder-20&linkCode=osi&th=1&psc=1"><img src="https://m.media-amazon.com/images/I/41h4IsgjbZL._SL500_.jpg" alt="Product Image"></a><p>Squirrel Brand Sweet Brown Butter Cashews, 3.5 Ounces Resealable Bag, Gluten Free, Vegetarian</p><p>$2.74 ($0.78 / Fl Oz)</p><a href="https://www.amazon.com/dp/B07BQXJ123?tag=eloabder-20&linkCode=osi&th=1&psc=1">View Product</a></div><div class="product"><a href="https://www.amazon.com/dp/B003P02EGU?tag=eloabder-20&linkCode=osi&th=1&psc=1"><img src="https://m.media-amazon.com/images/I/51aUMBXF71L._SL500_.jpg" alt="Product Image"></a><p>Sparkling Ice, Black Raspberry Sparkling Water, Zero Sugar Flavored Water, with Vitamins and Antioxidants, Low Calorie Beverage, 17 fl oz Bottles (Pack of 12)</p><p>$9.98 ($0.05 / Fl Oz)</p><a href="https://www.amazon.com/dp/B003P02EGU?tag=eloabder-20&linkCode=osi&th=1&psc=1">View Product</a></div><div class="product"><a href="https://www.amazon.com/dp/B0C6RG22VN?tag=eloabder-20&linkCode=osi&th=1&psc=1"><img src="https://m.media-amazon.com/images/I/31fjAuuWWNL._SL500_.jpg" alt="Product Image"></a><p>Bauducco Vanilla Wafers - Crispy Wafer Cookies With 3 Delicious, Indulgent, Decadent Layers of Vanilla Flavored Cream - Delicious Sweet Snack or Desert - 5.0 oz (Pack of 1)</p><p>$1.59 ($0.32 / Ounce)</p><a href="https://www.amazon.com/dp/B0C6RG22VN?tag=eloabder-20&linkCode=osi&th=1&psc=1">View Product</a></div><div class="product"><a href="https://www.amazon.com/dp/B09W5ZVDD2?tag=eloabder-20&linkCode=osi&th=1&psc=1"><img src="https://m.media-amazon.com/images/I/41SSfHVmdrL._SL500_.jpg" alt="Product Image"></a><p>Cinnamon Toast Crunch Creamy Cinnamon Spread, 10 Ounce</p><p>$2.48 ($0.25 / Ounce)</p><a href="https://www.amazon.com/dp/B09W5ZVDD2?tag=eloabder-20&linkCode=osi&th=1&psc=1">View Product</a></div><div class="product"><a href="https://www.amazon.com/dp/B00L2MWLMK?tag=eloabder-20&linkCode=osi&th=1&psc=1"><img src="https://m.media-amazon.com/images/I/51dBawJ2u9L._SL500_.jpg" alt="Product Image"></a><p>Duncan Hines Dark Chocolate Fudge Brownie Mix, 18.2 OZ</p><p>$1.54 ($0.08 / Ounce)</p><a href="https://www.amazon.com/dp/B00L2MWLMK?tag=eloabder-20&linkCode=osi&th=1&psc=1">View Product</a></div><div class="product"><a href="https://www.amazon.com/dp/B004M15U12?tag=eloabder-20&linkCode=osi&th=1&psc=1"><img src="https://m.media-amazon.com/images/I/51WF3t7pADL._SL500_.jpg" alt="Product Image"></a><p>PLANTERS Deluxe Salted Whole Cashews, Party Snacks, Plant-Based Protein, Quick Snack for Adults, After School Snack, Roasted Cashew Flavored with Sea Salt, Bulk Nuts, Kosher, 1 lb 2.25oz Canister</p><p>$9.98 ($0.55 / Ounce)</p><a href="https://www.amazon.com/dp/B004M15U12?tag=eloabder-20&linkCode=osi&th=1&psc=1">View Product</a></div><div class="product"><a href="https://www.amazon.com/dp/B078J62RYJ?tag=eloabder-20&linkCode=osi&th=1&psc=1"><img src="https://m.media-amazon.com/images/I/51AXLNUF66L._SL500_.jpg" alt="Product Image"></a><p>PLANTERS Deluxe Mixed Nuts, Cashews, Almonds, Pecans, Pistachios, Hazelnuts, Roasted with Sea Salt, Party Snacks, Plant-Based Protein, Quick Snack for Adults, After School Snack, 27oz Container</p><p>$17.51 ($0.65 / Ounce)</p><a href="https://www.amazon.com/dp/B078J62RYJ?tag=eloabder-20&linkCode=osi&th=1&psc=1">View Product</a></div><div class="product"><a href="https://www.amazon.com/dp/B0BSB1D65T?tag=eloabder-20&linkCode=osi&th=1&psc=1"><img src="https://m.media-amazon.com/images/I/51u9sSRdlIL._SL500_.jpg" alt="Product Image"></a><p>PLANTERS Cashews Cinnamon & Brown Sugar, Party Snacks, 5 Oz Bag</p><p>$3.50 ($0.70 / Ounce)</p><a href="https://www.amazon.com/dp/B0BSB1D65T?tag=eloabder-20&linkCode=osi&th=1&psc=1">View Product</a></div><div class="product"><a href="https://www.amazon.com/dp/B0BN4LZ5P3?tag=eloabder-20&linkCode=osi&th=1&psc=1"><img src="https://m.media-amazon.com/images/I/51OLBHQEeSL._SL500_.jpg" alt="Product Image"></a><p>Planters Dry Roasted Bold & Savory Peanuts, Party Snacks, Plant-Based Protein, 16 Oz Jar</p><p>$2.98 ($0.19 / Ounce)</p><a href="https://www.amazon.com/dp/B0BN4LZ5P3?tag=eloabder-20&linkCode=osi&th=1&psc=1">View Product</a></div>

<div class="product"><a href="https://www.amazon.com/dp/B0CJQJYYVQ?tag=eloabder-20&linkCode=osi&th=1&psc=1"><img src="https://m.media-amazon.com/images/I/51mbf3FOrUL._SL500_.jpg" alt="Product Image"></a><p>Dried Fruit and Nuts Gift Baskets, 9 Healthy Varieties of Nuts & Dried Fruit Gifts, Gourmet Prime Candy Basket Delivery, Family Edible Food Ideas for All, Anniversary, Birthday, Care Package, Corporate Gifts</p><p>$24.99 ($24.99 / Count)</p><a href="https://www.amazon.com/dp/B0CJQJYYVQ?tag=eloabder-20&linkCode=osi&th=1&psc=1">View Product</a></div><div class="product"><a href="https://www.amazon.com/dp/B0BRYN42RF?tag=eloabder-20&linkCode=osi&th=1&psc=1"><img src="https://m.media-amazon.com/images/I/61sztsxabsL._SL500_.jpg" alt="Product Image"></a><p>Dried Fruit & Nuts Gift Basket Arrangement Platter, Gourmet Food Snack Box, For Fathers Day, Birthday Care Package, Healthy Kosher - Her Him - 12 Snackberry Assortment (Single)</p><p>$24.99 ($1.03 / Ounce)</p><a href="https://www.amazon.com/dp/B0BRYN42RF?tag=eloabder-20&linkCode=osi&th=1&psc=1">View Product</a></div><div class="product"><a href="https://www.amazon.com/dp/B0CZ4H5N2S?tag=eloabder-20&linkCode=osi&th=1&psc=1"><img src="https://m.media-amazon.com/images/I/51NLO50v2cL._SL500_.jpg" alt="Product Image"></a><p>Variety Dried Fuit Gift Basket, Fathers Day Gift Basket, Gift Box for Birthday. Anniversary, Get Well Gift, Gift for Him, Her and Family, Snackberry (1 Pack)</p><p>$9.99 ($0.62 / Ounce)</p><a href="https://www.amazon.com/dp/B0CZ4H5N2S?tag=eloabder-20&linkCode=osi&th=1&psc=1">View Product</a></div><div class="product"><a href="https://www.amazon.com/dp/B09HW1C373?tag=eloabder-20&linkCode=osi&th=1&psc=1"><img src="https://m.media-amazon.com/images/I/418cDyDC0eL._SL500_.jpg" alt="Product Image"></a><p>Farm Fresh Assorted Nuts Gift Basket - Artfully Arranged Gourmet Nuts and Dried Fruit Collection - Prime Arrangement Platter - Makes a Delicious, Healthy Gift Basket For Holidays, Parties, Corporate Gifts, and More</p><p>$12.99 ($12.99 / Count)</p><a href="https://www.amazon.com/dp/B09HW1C373?tag=eloabder-20&linkCode=osi&th=1&psc=1">View Product</a></div><div class="product"><a href="https://www.amazon.com/dp/B0CRD2MWB9?tag=eloabder-20&linkCode=osi&th=1&psc=1"><img src="https://m.media-amazon.com/images/I/51tT9Jj4hKL._SL500_.jpg" alt="Product Image"></a><p>Happy Birthday Dried Fruit & Nuts Gift Basket Arrangement Platter, Gourmet Food Snack Box, Birthday Care Package, Healthy Kosher, Her Him (9 Assortments)</p><p>$19.99 ($19.99 / Count)</p><a href="https://www.amazon.com/dp/B0CRD2MWB9?tag=eloabder-20&linkCode=osi&th=1&psc=1">View Product</a></div><div class="product"><a href="https://www.amazon.com/dp/B0CHCJK5GN?tag=eloabder-20&linkCode=osi&th=1&psc=1"><img src="https://m.media-amazon.com/images/I/61dpK7BoYbL._SL500_.jpg" alt="Product Image"></a><p>Broadway Basketeers Deluxe Thank You Dried Fruit And Nuts Gift Basket - A Premium Healthy Appreciation Gift - Corporate, Family & Friends</p><p>$32.06</p><a href="https://www.amazon.com/dp/B0CHCJK5GN?tag=eloabder-20&linkCode=osi&th=1&psc=1">View Product</a></div>
<div class="product"><a href="https://www.amazon.com/dp/B078SZHZ82?tag=eloabder-20&linkCode=osi&th=1&psc=1"><img src="https://m.media-amazon.com/images/I/51S82IO04jL._SL500_.jpg" alt="Product Image"></a><p>DEL MONTE FRESH CUT BLUE LAKE Cut Green Beans Canned Vegetables,14.5 Ounce (Pack of 12)</p><p>$12.99 ($0.07 / Ounce)</p><a href="https://www.amazon.com/dp/B078SZHZ82?tag=eloabder-20&linkCode=osi&th=1&psc=1">View Product</a></div>
<div class="product"><a href="https://www.amazon.com/dp/B0C94YG17L?tag=eloabder-20&linkCode=osi&th=1&psc=1"><img src="https://m.media-amazon.com/images/I/51VfC5jp4OL._SL500_.jpg" alt="Product Image"></a><p>Hickory Farms Farmhouse Sausage & Cheese Medium Gift Box | Gourmet Food Basket | Charcuterie | Father's Day Gift | Perfect For Family, Birthday, Sympathy, Congratulations, Retirement, Thinking of You, Father's Day Gift</p><p>$34.99 ($34.99 / Count)</p><a href="https://www.amazon.com/dp/B0C94YG17L?tag=eloabder-20&linkCode=osi&th=1&psc=1">View Product</a></div><div class="product"><a href="https://www.amazon.com/dp/B00K35V3F8?tag=eloabder-20&linkCode=osi&th=1&psc=1"><img src="https://m.media-amazon.com/images/I/41bd0TKnKfL._SL500_.jpg" alt="Product Image"></a><p>Farmers' Market Charcuterie Gift for Summer, Wisconsin Cheese, Hickory Smoked Meat, Shelf Stable, Gourmet Meat and Cheese Platter, Large Original</p><p>$39.99</p><a href="https://www.amazon.com/dp/B00K35V3F8?tag=eloabder-20&linkCode=osi&th=1&psc=1">View Product</a></div><div class="product"><a href="https://www.amazon.com/dp/B0994V3KXV?tag=eloabder-20&linkCode=osi&th=1&psc=1"><img src="https://m.media-amazon.com/images/I/61Zr7E45qvL._SL500_.jpg" alt="Product Image"></a><p>Wisconsin Cheese Company - Specialty 100% Wisconsin Cheese Block Assortment 4 oz. (Pack of 7 Blocks) Cheddar, Pepper Jack, Swiss, Gouda, Cheddar Salami, Smoked Cheddar & Tomato Basil Cheese - Cheese Sampler Gift Set</p><p>$39.99 ($1.43 / Ounce)</p><a href="https://www.amazon.com/dp/B0994V3KXV?tag=eloabder-20&linkCode=osi&th=1&psc=1">View Product</a></div><div class="product"><a href="https://www.amazon.com/dp/B009Y7I2F0?tag=eloabder-20&linkCode=osi&th=1&psc=1"><img src="https://m.media-amazon.com/images/I/41VgrnxieeL._SL500_.jpg" alt="Product Image"></a><p>Wisconsin Cheese Company - 100% Wisconsin Cheddar & Pepper Jack Cheese and Cracker Gift Basket. Large Gourmet Gift Box Assortment. Great for Charcuterie Boards & Gifts.</p><p>$29.99 ($2.11 / Ounce)</p><a href="https://www.amazon.com/dp/B009Y7I2F0?tag=eloabder-20&linkCode=osi&th=1&psc=1">View Product</a></div><div class="product"><a href="https://www.amazon.com/dp/B00FY43IJ2?tag=eloabder-20&linkCode=osi&th=1&psc=1"><img src="https://m.media-amazon.com/images/I/41QN9RXV4RL._SL500_.jpg" alt="Product Image"></a><p>California Delicious Gourmet Cheeseboard Gift, 8 piece set</p><p>$47.98 ($6.00 / Count)</p><a href="https://www.amazon.com/dp/B00FY43IJ2?tag=eloabder-20&linkCode=osi&th=1&psc=1">View Product</a></div><div class="product"><a href="https://www.amazon.com/dp/B0CRM55TF8?tag=eloabder-20&linkCode=osi&th=1&psc=1"><img src="https://m.media-amazon.com/images/I/51Vz3kt14-L._SL500_.jpg" alt="Product Image"></a><p>Farmers' Market Cheese Block Assortment 7oz 6-Pack, Shelf Stable, Pasteurized, Locally Sourced Wisconsin Cheese (Assortment, 6 Count)</p><p>$29.99 ($0.71 / Ounce)</p><a href="https://www.amazon.com/dp/B0CRM55TF8?tag=eloabder-20&linkCode=osi&th=1&psc=1">View Product</a></div>
<div class="product"><a href="https://www.amazon.com/dp/B006GXQHKW?tag=eloabder-20&linkCode=osi&th=1&psc=1"><img src="https://m.media-amazon.com/images/I/41gffgWPG4L._SL500_.jpg" alt="Product Image"></a><p>Old Wisconsin Premium Summer Sausage, 100% Natural Meat, Charcuterie, Ready to Eat, High Protein, Low Carb, Keto, Gluten Free, Original Flavor, 8 Ounce</p><p>$6.09 ($0.76 / Count)</p><a href="https://www.amazon.com/dp/B006GXQHKW?tag=eloabder-20&linkCode=osi&th=1&psc=1">View Product</a></div><div class="product"><a href="https://www.amazon.com/dp/B07PNM9SNJ?tag=eloabder-20&linkCode=osi&th=1&psc=1"><img src="https://m.media-amazon.com/images/I/51XUGii8qrL._SL500_.jpg" alt="Product Image"></a><p>Meat Shredz - Premium Dried Pulled Pork (Variety, 6 Pack) | Gluten Free | High Protein & Low Sugar | Bacon Bits | Dehydrated Backpacking & Camping Food | Shredded, Dried Jerky Chew Snack</p><p>$42.95 ($52.06 / lb)</p><a href="https://www.amazon.com/dp/B07PNM9SNJ?tag=eloabder-20&linkCode=osi&th=1&psc=1">View Product</a></div><div class="product"><a href="https://www.amazon.com/dp/B0CVQWPGC5?tag=eloabder-20&linkCode=osi&th=1&psc=1"><img src="https://m.media-amazon.com/images/I/41M9k0m4dOL._SL500_.jpg" alt="Product Image"></a><p>Olympic Delights Premium Meats and Cheese Gift Box by Dan the Sausageman featuring Summer Sausage, Stuffed Olives, Crackers and Mustard</p><p>$68.95</p><a href="https://www.amazon.com/dp/B0CVQWPGC5?tag=eloabder-20&linkCode=osi&th=1&psc=1">View Product</a></div><div class="product"><a href="https://www.amazon.com/dp/B000FIUQAQ?tag=eloabder-20&linkCode=osi&th=1&psc=1"><img src="https://m.media-amazon.com/images/I/51-jFNA-ZgL._SL500_.jpg" alt="Product Image"></a><p>Hormel Premium No Salt Added Canned Chunk Chicken Breast in Water, 5 Ounce (Pack of 12)</p><p>$25.44 ($0.42 / Ounce)</p><a href="https://www.amazon.com/dp/B000FIUQAQ?tag=eloabder-20&linkCode=osi&th=1&psc=1">View Product</a></div><div class="product"><a href="https://www.amazon.com/dp/B07Y936YWY?tag=eloabder-20&linkCode=osi&th=1&psc=1"><img src="https://m.media-amazon.com/images/I/51cpUvuRIzL._SL500_.jpg" alt="Product Image"></a><p>Jack Link's Beef Jerky, Sweet & Hot, ½ Pounder Bag - Flavorful Meat Snack, 9g of Protein and 80 Calories, Made with Premium Beef - 96 Percent Fat Free, No Added MSG or Nitrates/Nitrites</p><p>$9.99 ($1.25 / Ounce)</p><a href="https://www.amazon.com/dp/B07Y936YWY?tag=eloabder-20&linkCode=osi&th=1&psc=1">View Product</a></div><div class="product"><a href="https://www.amazon.com/dp/B000FK7G20?tag=eloabder-20&linkCode=osi&th=1&psc=1"><img src="https://m.media-amazon.com/images/I/414A4Q9AvAL._SL500_.jpg" alt="Product Image"></a><p>Swanson White and Dark Premium Chunk Canned Chicken Breast in Water, Fully Cooked Chicken, 9.75 OZ Can (Case of 12)</p><p>$35.76 ($0.31 / Ounce)</p><a href="https://www.amazon.com/dp/B000FK7G20?tag=eloabder-20&linkCode=osi&th=1&psc=1">View Product</a></div>
<div class="product"><a href="https://www.amazon.com/dp/B072126PMY?tag=eloabder-20&linkCode=osi&th=1&psc=1"><img src="https://m.media-amazon.com/images/I/51nw4J9x8YL._SL500_.jpg" alt="Product Image"></a><p>Simple Mills Almond Flour Baking Mix, Artisan Bread Mix - Gluten Free, Plant Based, Paleo Friendly, 10.4 Ounce (Pack of 3)</p><p>$23.97 ($0.77 / Ounce)</p><a href="https://www.amazon.com/dp/B072126PMY?tag=eloabder-20&linkCode=osi&th=1&psc=1">View Product</a></div><div class="product"><a href="https://www.amazon.com/dp/B081VPXGJS?tag=eloabder-20&linkCode=osi&th=1&psc=1"><img src="https://m.media-amazon.com/images/I/51j0-+rAaZL._SL500_.jpg" alt="Product Image"></a><p>Essential Baking Company Organic Artisan Sourdough Bread, 18.2 Ounce (Pack of 3)</p><p>$28.65 ($0.52 / Ounce)</p><a href="https://www.amazon.com/dp/B081VPXGJS?tag=eloabder-20&linkCode=osi&th=1&psc=1">View Product</a></div><div class="product"><a href="https://www.amazon.com/dp/B08HSPX7LM?tag=eloabder-20&linkCode=osi&th=1&psc=1"><img src="https://m.media-amazon.com/images/I/41RUhxZCnNL._SL500_.jpg" alt="Product Image"></a><p>Giusto's Vita-Grain All-Natural Artisan Malted Unbleached Bread Flour, 5lb Bag</p><p>$10.95 ($0.14 / Ounce)</p><a href="https://www.amazon.com/dp/B08HSPX7LM?tag=eloabder-20&linkCode=osi&th=1&psc=1">View Product</a></div>
<div class="product"><a href="https://www.amazon.com/dp/B001DDD4DS?tag=eloabder-20&linkCode=osi&th=1&psc=1"><img src="https://m.media-amazon.com/images/I/51osI10x5HL._SL500_.jpg" alt="Product Image"></a><p>Mantova Flavored Extra Virgin Olive Oil Variety Pack: Garlic, Basil, Chili, Lemon Organic Extra Virgin Olive Oil, 8.5-Ounce Per Bottle (Pack of 4) Great Gift Item</p><p>$36.99 ($1.09 / Fl Oz)</p><a href="https://www.amazon.com/dp/B001DDD4DS?tag=eloabder-20&linkCode=osi&th=1&psc=1">View Product</a></div><div class="product"><a href="https://www.amazon.com/dp/B001DDD4E2?tag=eloabder-20&linkCode=osi&th=1&psc=1"><img src="https://m.media-amazon.com/images/I/51cFWLj1kiL._SL500_.jpg" alt="Product Image"></a><p>Mantova Grand’Aroma Flavored Extra Virgin Olive Oils, Variety Gift Set, made in Italy, cold-pressed, 100% natural, heart-healthy, for grilling, barbequing, smoking, and cooking, 8.5 oz (Pack of 4)</p><p>$39.99 ($1.18 / Fl Oz)</p><a href="https://www.amazon.com/dp/B001DDD4E2?tag=eloabder-20&linkCode=osi&th=1&psc=1">View Product</a></div><div class="product"><a href="https://www.amazon.com/dp/B087S41Y1W?tag=eloabder-20&linkCode=osi&th=1&psc=1"><img src="https://m.media-amazon.com/images/I/518tVUgnUkL._SL500_.jpg" alt="Product Image"></a><p>Benissimo Herb Infused Cooking Oil Chef Pack, All Natural Italiano, Roasted Garlic, Mediterranean Garlic, Balsamic Garlic</p><p>$26.99 ($0.79 / Fl Oz)</p><a href="https://www.amazon.com/dp/B087S41Y1W?tag=eloabder-20&linkCode=osi&th=1&psc=1">View Product</a></div><div class="product"><a href="https://www.amazon.com/dp/B08CY8R7TF?tag=eloabder-20&linkCode=osi&th=1&psc=1"><img src="https://m.media-amazon.com/images/I/61pbDfsr-8L._SL500_.jpg" alt="Product Image"></a><p>Infused Extra Virgin Olive Oil Gift Box Set, First Cold Pressed, Variety Pack, 4 bottles x 8.5 fl.oz (250ml), Naturally Infused for Dipping & Tasting, (Gift Box Included), Chili, Garlic, Basil, Rosemary, BASSO1904</p><p>$35.99 ($1.06 / Fl Oz)</p><a href="https://www.amazon.com/dp/B08CY8R7TF?tag=eloabder-20&linkCode=osi&th=1&psc=1">View Product</a></div><div class="product"><a href="https://www.amazon.com/dp/B009HRQ47U?tag=eloabder-20&linkCode=osi&th=1&psc=1"><img src="https://m.media-amazon.com/images/I/41PaTko-dvL._SL500_.jpg" alt="Product Image"></a><p>TruffleHunter - English, Black & White Truffle Oil Set - 3.38 Oz x 3</p><p>$29.70 ($0.10 / Fl Oz)</p><a href="https://www.amazon.com/dp/B009HRQ47U?tag=eloabder-20&linkCode=osi&th=1&psc=1">View Product</a></div><div class="product"><a href="https://www.amazon.com/dp/B07ZZLZBF8?tag=eloabder-20&linkCode=osi&th=1&psc=1"><img src="https://m.media-amazon.com/images/I/51fpIYH949L._SL500_.jpg" alt="Product Image"></a><p>Viva Oliva Six 60ml (2oz) Variety Gift Set - Premium Flavored Extra Virgin Olive Oils (Tuscan Herb, Basil, Mushroom & Sage) and All Natural Balsamic Vinegars (18 Year Traditional, Grapefruit, Black Mission Fig)</p><p>$43.95 ($3.61 / Fl Oz)</p><a href="https://www.amazon.com/dp/B07ZZLZBF8?tag=eloabder-20&linkCode=osi&th=1&psc=1">View Product</a></div><div class="product"><a href="https://www.amazon.com/dp/B0B2LS1J8F?tag=eloabder-20&linkCode=osi&th=1&psc=1"><img src="https://m.media-amazon.com/images/I/41q4RRhEqPL._SL500_.jpg" alt="Product Image"></a><p>Infused Olive Oil Gift Sets - Organic Puglia Olive Oil Sampler Gift Set. Ideal for Italian Gifts and Edible Gift Baskets. Gourmet Olive Oil Gift Box of 5 x 3.45 Fl.Oz.</p><p>$53.80 ($3.16 / Fl Oz)</p><a href="https://www.amazon.com/dp/B0B2LS1J8F?tag=eloabder-20&linkCode=osi&th=1&psc=1">View Product</a></div><div class="product"><a href="https://www.amazon.com/dp/B08P967SSX?tag=eloabder-20&linkCode=osi&th=1&psc=1"><img src="https://m.media-amazon.com/images/I/51HyprLyr5L._SL500_.jpg" alt="Product Image"></a><p>Viva Oliva Four 60ml (2oz) Variety Gift Set - Premium Flavored Extra Virgin Olive Oils (Tuscan Herb & Basil) and All Natural Balsamic Vinegars (18 Year Traditional & Black Mission Fig)</p><p>$33.95 ($4.18 / Fl Oz)</p><a href="https://www.amazon.com/dp/B08P967SSX?tag=eloabder-20&linkCode=osi&th=1&psc=1">View Product</a></div><div class="product"><a href="https://www.amazon.com/dp/B0078DPMQY?tag=eloabder-20&linkCode=osi&th=1&psc=1"><img src="https://m.media-amazon.com/images/I/31qLwvo1tML._SL500_.jpg" alt="Product Image"></a><p>Benissimo Oil Roasted Garlic, 8.1 Ounces</p><p>$11.99 ($1.48 / Ounce)</p><a href="https://www.amazon.com/dp/B0078DPMQY?tag=eloabder-20&linkCode=osi&th=1&psc=1">View Product</a></div>
<div class="product"><a href="https://www.amazon.com/dp/B07MGKCV5Y?tag=eloabder-20&linkCode=osi&th=1&psc=1"><img src="https://m.media-amazon.com/images/I/31tE+o2DanL._SL500_.jpg" alt="Product Image"></a><p>Iberia All Natural Distilled White Vinegar, 1 Gallon - 5% Acidity</p><p>$12.99 ($0.10 / Fl Oz)</p><a href="https://www.amazon.com/dp/B07MGKCV5Y?tag=eloabder-20&linkCode=osi&th=1&psc=1">View Product</a></div><div class="product"><a href="https://www.amazon.com/dp/B07985NMQD?tag=eloabder-20&linkCode=osi&th=1&psc=1"><img src="https://m.media-amazon.com/images/I/41ElEDybjlL._SL500_.jpg" alt="Product Image"></a><p>Lucy's Family Owned - Natural Distilled White Vinegar, 1 Gallon (128 oz) - 5% Acidity (White Vinegar, 1 Gallon (128 fl oz.))</p><p>$17.99 ($0.14 / Fl Oz)</p><a href="https://www.amazon.com/dp/B07985NMQD?tag=eloabder-20&linkCode=osi&th=1&psc=1">View Product</a></div><div class="product"><a href="https://www.amazon.com/dp/B07F7MXPWD?tag=eloabder-20&linkCode=osi&th=1&psc=1"><img src="https://m.media-amazon.com/images/I/51GKn4NVqTL._SL500_.jpg" alt="Product Image"></a><p>Soeos Chinkiang Vinegar 16.9 fl oz (500ml), 3 Years Aged, Naturally Fermented, Mature Aged Black Vinegar, Chinese Black Vinegar, Zhenjiang Vinegar, Black Rice Vinegar, Black Vinegar Chinese.</p><p>$13.99 ($0.83 / Fl Oz)</p><a href="https://www.amazon.com/dp/B07F7MXPWD?tag=eloabder-20&linkCode=osi&th=1&psc=1">View Product</a></div><div class="product"><a href="https://www.amazon.com/dp/B001I7MVG0?tag=eloabder-20&linkCode=osi&th=1&psc=1"><img src="https://m.media-amazon.com/images/I/41HHUOECW2L._SL500_.jpg" alt="Product Image"></a><p>Bragg Organic Raw Apple Cider Vinegar, 32 Ounce - 1 Pack</p><p>$5.99 ($0.19 / Fl Oz)</p><a href="https://www.amazon.com/dp/B001I7MVG0?tag=eloabder-20&linkCode=osi&th=1&psc=1">View Product</a></div><div class="product"><a href="https://www.amazon.com/dp/B07W9HX3MV?tag=eloabder-20&linkCode=osi&th=1&psc=1"><img src="https://m.media-amazon.com/images/I/413FdgpxYrL._SL500_.jpg" alt="Product Image"></a><p>Calyptus 45% Pure Super Concentrated Vinegar | Dilutes to 9 Gallons | 9x Power Concentrate Vinegar | 1 Gallon</p><p>$26.99 ($0.21 / Fl Oz)</p><a href="https://www.amazon.com/dp/B07W9HX3MV?tag=eloabder-20&linkCode=osi&th=1&psc=1">View Product</a></div><div class="product"><a href="https://www.amazon.com/dp/B0052BFNLS?tag=eloabder-20&linkCode=osi&th=1&psc=1"><img src="https://m.media-amazon.com/images/I/31Tfk-0-ybL._SL500_.jpg" alt="Product Image"></a><p>Pompeian Gourmet Red Wine Vinegar, Perfect for Salad Dressings, Marinades & Sauces, Naturally Gluten Free, 30 Ounce</p><p>$4.91 ($0.16 / Fl Oz)</p><a href="https://www.amazon.com/dp/B0052BFNLS?tag=eloabder-20&linkCode=osi&th=1&psc=1">View Product</a></div><div class="product"><a href="https://www.amazon.com/dp/B00AAL6W2Y?tag=eloabder-20&linkCode=osi&th=1&psc=1"><img src="https://m.media-amazon.com/images/I/51dfgVE7orL._SL500_.jpg" alt="Product Image"></a><p>Mantova Organic Flavored Balsamic Vinegar of Modena 4-Variety Pack: Fig, Pear, Pomegranate, & Raspberry; Perfect for Gift Basket, Add to Pasta, Salad, Ice Cream and Cocktails, 8.5 oz per bottle</p><p>$27.99 ($0.82 / Fl Oz)</p><a href="https://www.amazon.com/dp/B00AAL6W2Y?tag=eloabder-20&linkCode=osi&th=1&psc=1">View Product</a></div><div class="product"><a href="https://www.amazon.com/dp/B0BGYTGT7X?tag=eloabder-20&linkCode=osi&th=1&psc=1"><img src="https://m.media-amazon.com/images/I/41huHEExA1L._SL500_.jpg" alt="Product Image"></a><p>Bragg Organic Apple Cider Vinegar With the Mother– Raw, Unfiltered All Natural Ingredients (64 Fl Oz (Pack of 1))</p><p>$13.68 ($0.21 / Fl Oz)</p><a href="https://www.amazon.com/dp/B0BGYTGT7X?tag=eloabder-20&linkCode=osi&th=1&psc=1">View Product</a></div><div class="product"><a href="https://www.amazon.com/dp/B08TZY2TZ8?tag=eloabder-20&linkCode=osi&th=1&psc=1"><img src="https://m.media-amazon.com/images/I/41YwKPQA9rL._SL500_.jpg" alt="Product Image"></a><p>Due Vittorie Oro Gold Balsamic Vinegar of Modena. Highest score from The Consortium of Modena With Cork Pourer - 8.45fl oz / 250ml</p><p>$17.00 ($2.01 / Fl Oz)</p><a href="https://www.amazon.com/dp/B08TZY2TZ8?tag=eloabder-20&linkCode=osi&th=1&psc=1">View Product</a></div>
<div class="product"><a href="https://www.amazon.com/dp/B07HMJWCNL?tag=eloabder-20&linkCode=osi&th=1&psc=1"><img src="https://m.media-amazon.com/images/I/51ayBrtgPUL._SL500_.jpg" alt="Product Image"></a><p>TRUFF Original Black Truffle Hot Sauce, Gourmet Hot Sauce with Ripe Chili Peppers, Black Truffle Oil, Agave Nectar, Unique Flavor Experience in a Bottle, 6 oz.</p><p>$14.99</p><a href="https://www.amazon.com/dp/B07HMJWCNL?tag=eloabder-20&linkCode=osi&th=1&psc=1">View Product</a></div><div class="product"><a href="https://www.amazon.com/dp/B083QT1TPX?tag=eloabder-20&linkCode=osi&th=1&psc=1"><img src="https://m.media-amazon.com/images/I/41mYuAlAFNL._SL500_.jpg" alt="Product Image"></a><p>TRUFF Hot Sauce Variety Pack, Gourmet Hot Sauce Set of Original, Hotter and Limited White Edition, Unique Flavor Experiences with Truffle, 3-Bottle Bundle, 3ct 6oz bottles</p><p>$67.99 ($3.78 / Ounce)</p><a href="https://www.amazon.com/dp/B083QT1TPX?tag=eloabder-20&linkCode=osi&th=1&psc=1">View Product</a></div><div class="product"><a href="https://www.amazon.com/dp/B0BV19S7TR?tag=eloabder-20&linkCode=osi&th=1&psc=1"><img src="https://m.media-amazon.com/images/I/51iGXyqK-pL._SL500_.jpg" alt="Product Image"></a><p>Le Sauce & Co., White Wine Lemon Garlic Gourmet Finishing Sauce (2-pack), Steakhouse Quality Gourmet Sauce, Lemon Sauce, Garlic Sauce, White Wine Sauce, Steak Sauce, Chicken sauce, Lemon Sauce, Cream Sauce,</p><p>$13.94 ($1.55 / Ounce)</p><a href="https://www.amazon.com/dp/B0BV19S7TR?tag=eloabder-20&linkCode=osi&th=1&psc=1">View Product</a></div><div class="product"><a href="https://www.amazon.com/dp/B078JBZBW5?tag=eloabder-20&linkCode=osi&th=1&psc=1"><img src="https://m.media-amazon.com/images/I/51J1qgzr8uL._SL500_.jpg" alt="Product Image"></a><p>Melinda’s Hot Sauce Variety Pack - Extra Spicy Gourmet Hot Sauce Gift Set with Variety of Heat Levels - Includes XXXXtra Reserve, Garlic Habanero, Extra Hot, Mango, Ghost Pepper- 5 oz, 5 Pack</p><p>$21.99 ($0.88 / Fl Oz)</p><a href="https://www.amazon.com/dp/B078JBZBW5?tag=eloabder-20&linkCode=osi&th=1&psc=1">View Product</a></div><div class="product"><a href="https://www.amazon.com/dp/B0BL864XMH?tag=eloabder-20&linkCode=osi&th=1&psc=1"><img src="https://m.media-amazon.com/images/I/51+63Ag8ApL._SL500_.jpg" alt="Product Image"></a><p>Dave's Gourmet Creamy Hot Sauce Variety 4-Pack - Moderate Heat for Flavoring Your Favorite Food</p><p>$30.99 ($0.97 / Ounce)</p><a href="https://www.amazon.com/dp/B0BL864XMH?tag=eloabder-20&linkCode=osi&th=1&psc=1">View Product</a></div>
<div class="product"><a href="https://www.amazon.com/dp/B07WT6GP2F?tag=eloabder-20&linkCode=osi&th=1&psc=1"><img src="https://m.media-amazon.com/images/I/41mEgBeglEL._SL500_.jpg" alt="Product Image"></a><p>Lindt Mini Pralines, Assorted Chocolate Pralines with Premium Filling, Great for gift giving, 6.2 oz Box</p><p>$16.49 ($2.66 / Ounce)</p><a href="https://www.amazon.com/dp/B07WT6GP2F?tag=eloabder-20&linkCode=osi&th=1&psc=1">View Product</a></div><div class="product"><a href="https://www.amazon.com/dp/B01BDI89SW?tag=eloabder-20&linkCode=osi&th=1&psc=1"><img src="https://m.media-amazon.com/images/I/61w5wYyxzKL._SL500_.jpg" alt="Product Image"></a><p>Ferrero Collection, 24 Count, Premium Gourmet Assorted Hazelnut Milk Chocolate, Dark Chocolate and Coconut, 9.1 oz</p><p>$11.97 ($1.32 / Ounce)</p><a href="https://www.amazon.com/dp/B01BDI89SW?tag=eloabder-20&linkCode=osi&th=1&psc=1">View Product</a></div><div class="product"><a href="https://www.amazon.com/dp/B0BHTWFQ5X?tag=eloabder-20&linkCode=osi&th=1&psc=1"><img src="https://m.media-amazon.com/images/I/41K-mIm1WNL._SL500_.jpg" alt="Product Image"></a><p>Lindt LINDOR Assorted Chocolate Truffles 90 Count Gift Box, Chocolate Candy with Smooth, Melting Truffle Center, 38.4 oz. Box</p><p>$33.95 ($0.88 / Ounce)</p><a href="https://www.amazon.com/dp/B0BHTWFQ5X?tag=eloabder-20&linkCode=osi&th=1&psc=1">View Product</a></div><div class="product"><a href="https://www.amazon.com/dp/B00UXI3PLU?tag=eloabder-20&linkCode=osi&th=1&psc=1"><img src="https://m.media-amazon.com/images/I/41Jw-Ek4+CL._SL500_.jpg" alt="Product Image"></a><p>Lindt LINDOR Milk Chocolate Candy Truffles, Milk Chocolate with Melting Truffle Center, 15.2 oz. Bag</p><p>$12.18 ($0.80 / Ounce)</p><a href="https://www.amazon.com/dp/B00UXI3PLU?tag=eloabder-20&linkCode=osi&th=1&psc=1">View Product</a></div>
<div class="product"><a href="https://www.amazon.com/dp/B000SDKDM4?tag=eloabder-20&linkCode=osi&th=1&psc=1"><img src="https://m.media-amazon.com/images/I/41L+oJp7MmL._SL500_.jpg" alt="Product Image"></a><p>Lavazza Super Crema Whole Bean Coffee Blend, light-Medium Espresso Roast, 2.2 Pound (Pack of 1) ,Premium Quality, Aromatic, Mild and creamy</p><p>$18.49 ($0.53 / Ounce)</p><a href="https://www.amazon.com/dp/B000SDKDM4?tag=eloabder-20&linkCode=osi&th=1&psc=1">View Product</a></div><div class="product"><a href="https://www.amazon.com/dp/B0721BGRS9?tag=eloabder-20&linkCode=osi&th=1&psc=1"><img src="https://m.media-amazon.com/images/I/41tHHVMfguL._SL500_.jpg" alt="Product Image"></a><p>Amazon Fresh, Dark Roast, Whole Bean Coffee, 32 Oz</p><p>$19.18 ($0.60 / Ounce)</p><a href="https://www.amazon.com/dp/B0721BGRS9?tag=eloabder-20&linkCode=osi&th=1&psc=1">View Product</a></div><div class="product"><a href="https://www.amazon.com/dp/B003GV7JFE?tag=eloabder-20&linkCode=osi&th=1&psc=1"><img src="https://m.media-amazon.com/images/I/41IKY6hLa9L._SL500_.jpg" alt="Product Image"></a><p>Eight O'Clock Coffee Whole Bean, The Original, 42 Ounce</p><p>$13.98</p><a href="https://www.amazon.com/dp/B003GV7JFE?tag=eloabder-20&linkCode=osi&th=1&psc=1">View Product</a></div><div class="product"><a href="https://www.amazon.com/dp/B07171HMF5?tag=eloabder-20&linkCode=osi&th=1&psc=1"><img src="https://m.media-amazon.com/images/I/41EBDHFVYVL._SL500_.jpg" alt="Product Image"></a><p>Mt. Comfort Coffee Organic Peru Medium Roast, 2.5 Pounds - Flavor Notes of Nutty, Chocolate, & Citrus - Sourced From Small, Peruvian Coffee Farms - Roasted Whole Beans</p><p>$23.19 ($0.58 / Ounce)</p><a href="https://www.amazon.com/dp/B07171HMF5?tag=eloabder-20&linkCode=osi&th=1&psc=1">View Product</a></div><div class="product"><a href="https://www.amazon.com/dp/B006Y7WAHE?tag=eloabder-20&linkCode=osi&th=1&psc=1"><img src="https://m.media-amazon.com/images/I/31VxnI1AuQL._SL500_.jpg" alt="Product Image"></a><p>Cameron's Coffee Roasted Whole Bean Coffee, Breakfast Blend, 32 Ounce, (Pack of 1)</p><p>$10.98 ($0.34 / Ounce)</p><a href="https://www.amazon.com/dp/B006Y7WAHE?tag=eloabder-20&linkCode=osi&th=1&psc=1">View Product</a></div><div class="product"><a href="https://www.amazon.com/dp/B0002E2GQU?tag=eloabder-20&linkCode=osi&th=1&psc=1"><img src="https://m.media-amazon.com/images/I/41f+StbrprL._SL500_.jpg" alt="Product Image"></a><p>Lavazza Crema E Aroma Whole Bean Coffee Blend, 2.2-Pound Bag , Balanced medium roast with an intense, earthy flavor and long lasting crema, Non-GMO</p><p>$17.99 ($0.51 / Ounce)</p><a href="https://www.amazon.com/dp/B0002E2GQU?tag=eloabder-20&linkCode=osi&th=1&psc=1">View Product</a></div><div class="product"><a href="https://www.amazon.com/dp/B005OJ4X32?tag=eloabder-20&linkCode=osi&th=1&psc=1"><img src="https://m.media-amazon.com/images/I/31GzxEGJ-1L._SL500_.jpg" alt="Product Image"></a><p>Lavazza Espresso Barista Gran Crema Whole Bean Coffee Blend, Medium Espresso Roast, Oz Bag (Packaging May Vary) - 2.2 LB, 35.2 Ounce</p><p>$17.99 ($0.51 / Ounce)</p><a href="https://www.amazon.com/dp/B005OJ4X32?tag=eloabder-20&linkCode=osi&th=1&psc=1">View Product</a></div><div class="product"><a href="https://www.amazon.com/dp/B003YVRX5W?tag=eloabder-20&linkCode=osi&th=1&psc=1"><img src="https://m.media-amazon.com/images/I/41Ioxmr1WhL._SL500_.jpg" alt="Product Image"></a><p>Tim Hortons Whole Bean Original, Medium Roast Coffee, Made with 100% Arabica Beans, 32 Ounce Bag</p><p>$15.68 ($0.49 / Ounce)</p><a href="https://www.amazon.com/dp/B003YVRX5W?tag=eloabder-20&linkCode=osi&th=1&psc=1">View Product</a></div><div class="product"><a href="https://www.amazon.com/dp/B016RY0LWO?tag=eloabder-20&linkCode=osi&th=1&psc=1"><img src="https://m.media-amazon.com/images/I/41I6lHKpWrL._SL500_.jpg" alt="Product Image"></a><p>Lavazza Espresso Italiano Whole Bean Coffee Blend, Medium Roast,Premium Quality Arabic, 2.2 Pound (Pack of 1) (Packaging may vary)</p><p>$14.98 ($0.43 / Ounce)</p><a href="https://www.amazon.com/dp/B016RY0LWO?tag=eloabder-20&linkCode=osi&th=1&psc=1">View Product</a></div>
<div class="product"><a href="https://www.amazon.com/dp/B09ZMVM3XJ?tag=eloabder-20&linkCode=osi&th=1&psc=1"><img src="https://m.media-amazon.com/images/I/51IRO3xhEKL._SL500_.jpg" alt="Product Image"></a><p>Gardenika Organic Loose Leaf Tea Sampler – 8 Pack, 1 LB – Herbal and Naturally Caffeine-Free Set - Ayurvedic Assortment Blend</p><p>$29.95 ($29.95 / Count)</p><a href="https://www.amazon.com/dp/B09ZMVM3XJ?tag=eloabder-20&linkCode=osi&th=1&psc=1">View Product</a></div><div class="product"><a href="https://www.amazon.com/dp/B0CVTGJHK9?tag=eloabder-20&linkCode=osi&th=1&psc=1"><img src="https://m.media-amazon.com/images/I/51J-jqFqytL._SL500_.jpg" alt="Product Image"></a><p>Lyon DIY Tea Blending Set-16 Tin Variety Pack-Premium Herbal Tea & Exotic Floral/Fruit Flavor Infusers - Create 75+ Cups w/Assorted Teas, Oolong, Chamomile, Rose, Peach & More</p><p>$44.95 ($6.25 / Ounce)</p><a href="https://www.amazon.com/dp/B0CVTGJHK9?tag=eloabder-20&linkCode=osi&th=1&psc=1">View Product</a></div><div class="product"><a href="https://www.amazon.com/dp/B01AJBV0US?tag=eloabder-20&linkCode=osi&th=1&psc=1"><img src="https://m.media-amazon.com/images/I/516u5DAm7GL._SL500_.jpg" alt="Product Image"></a><p>Tiesta Tea - Lavender Chamomile | Soft Chamomile Herbal Tea | Premium Loose Leaf Tea Blend | Non Caffeinated Herbal Tea | Make Hot or Iced Tea & Brews Up to 25 Cups - 0.9 Ounce Resealable Pouch</p><p>$4.99 ($5.54 / Ounce)</p><a href="https://www.amazon.com/dp/B01AJBV0US?tag=eloabder-20&linkCode=osi&th=1&psc=1">View Product</a></div><div class="product"><a href="https://www.amazon.com/dp/B08VF85JJF?tag=eloabder-20&linkCode=osi&th=1&psc=1"><img src="https://m.media-amazon.com/images/I/517Ac4bB6FL._SL500_.jpg" alt="Product Image"></a><p>Tiesta Tea Top 8 Favorites Sampler Set, Up to 80 Cups, High to No Caffeine, Hot & Iced Tea, Loose Leaf Tea Variety Pack with Green, Herbal, Black & Chai Tea, 8 Sample Pouches</p><p>$22.95 ($3.59 / Ounce)</p><a href="https://www.amazon.com/dp/B08VF85JJF?tag=eloabder-20&linkCode=osi&th=1&psc=1">View Product</a></div><div class="product"><a href="https://www.amazon.com/dp/B08MWDTNTZ?tag=eloabder-20&linkCode=osi&th=1&psc=1"><img src="https://m.media-amazon.com/images/I/51M1TNYBU7L._SL500_.jpg" alt="Product Image"></a><p>Tetley British Blend Premium Black Tea, 320 Tea Bags, Rainforest Alliance Certified, 320 Count (Pack of 1)</p><p>$15.92 ($0.05 / Count)</p><a href="https://www.amazon.com/dp/B08MWDTNTZ?tag=eloabder-20&linkCode=osi&th=1&psc=1">View Product</a></div><div class="product"><a href="https://www.amazon.com/dp/B086R8PDZV?tag=eloabder-20&linkCode=osi&th=1&psc=1"><img src="https://m.media-amazon.com/images/I/41nHau5YdVL._SL500_.jpg" alt="Product Image"></a><p>Buddha Teas - Organic Mushroom Wellness Blend - Herbal Tea - For Health & Wellbeing - With Antioxidants & Minerals - Clean Ingredients - Caffeine Free - OU Kosher & Non-GMO - 18 Tea Bags (Pack of 1).</p><p>$8.25 ($0.46 / Count)</p><a href="https://www.amazon.com/dp/B086R8PDZV?tag=eloabder-20&linkCode=osi&th=1&psc=1">View Product</a></div><div class="product"><a href="https://www.amazon.com/dp/B07CGW59KH?tag=eloabder-20&linkCode=osi&th=1&psc=1"><img src="https://m.media-amazon.com/images/I/611h06lvlUL._SL500_.jpg" alt="Product Image"></a><p>Loose Leaf Tea Sampler Create Your Own Tea Blend Starter Kit w/Sencha, Rooibos, China Black, & Ginger, Lavender, Rose, Lemongrass, Hibiscus Spices</p><p>$29.99</p><a href="https://www.amazon.com/dp/B07CGW59KH?tag=eloabder-20&linkCode=osi&th=1&psc=1">View Product</a></div><div class="product"><a href="https://www.amazon.com/dp/B0CT8JGNB8?tag=eloabder-20&linkCode=osi&th=1&psc=1"><img src="https://m.media-amazon.com/images/I/411PWQNU6BL._SL500_.jpg" alt="Product Image"></a><p>120 Premium Turmeric, Ginger, Cinnamon Blend Tea Bags, 100% Natural & No Additives & Caffeine Free.</p><p>$14.95 ($0.12 / Count)</p><a href="https://www.amazon.com/dp/B0CT8JGNB8?tag=eloabder-20&linkCode=osi&th=1&psc=1">View Product</a></div><div class="product"><a href="https://www.amazon.com/dp/B00OS96DVY?tag=eloabder-20&linkCode=osi&th=1&psc=1"><img src="https://m.media-amazon.com/images/I/51-sK6ajnML._SL500_.jpg" alt="Product Image"></a><p>Harney & Sons Tower of London Black Tea with Vanilla, Black Currant, Caramel, and Honey | 30 sachets, Historic Royal Palaces Collection</p><p>$10.33 ($3.90 / Ounce)</p><a href="https://www.amazon.com/dp/B00OS96DVY?tag=eloabder-20&linkCode=osi&th=1&psc=1">View Product</a></div><div class="product"><a href="https://www.amazon.com/dp/B0BHYBHVJ6?tag=eloabder-20&linkCode=osi&th=1&psc=1"><img src="https://m.media-amazon.com/images/I/51F9trJcmdL._SL500_.jpg" alt="Product Image"></a><p>Organic Sleep Blend Herbal Tea - 50 Packets - Natural Chamomile, Peppermint, Fennel And Tulsi Teabags - USDA Certified 100% Non-GMO - Decaffeinated Designer Gift Tin</p><p>$8.69 ($0.17 / Count)</p><a href="https://www.amazon.com/dp/B0BHYBHVJ6?tag=eloabder-20&linkCode=osi&th=1&psc=1">View Product</a></div>
<div class="product"><a href="https://www.amazon.com/dp/B0BVXD8CX3?tag=eloabder-20&linkCode=osi&th=1&psc=1"><img src="https://m.media-amazon.com/images/I/51hkEiL7c8L._SL500_.jpg" alt="Product Image"></a><p>Simply Organic Herbs, Spices and Seasonings Assorted Variety Sampler Gift Set - By Veher (24-Pack)</p><p>$142.95 ($5.96 / Ounce)</p><a href="https://www.amazon.com/dp/B0BVXD8CX3?tag=eloabder-20&linkCode=osi&th=1&psc=1">View Product</a></div><div class="product"><a href="https://www.amazon.com/dp/B094WXH3KP?tag=eloabder-20&linkCode=osi&th=1&psc=1"><img src="https://m.media-amazon.com/images/I/51mqUk3dM1L._SL500_.jpg" alt="Product Image"></a><p>eonou Encore Seasonings and Spices 10 pk - Premium Cooking Spices and Herbs (Oregano, Rosemary, Basil, Parsley, Italian Seasoning, Cumin, Steak Spice, Chopped Onion, Onion Powder, Thyme)</p><p>$19.99 ($2.00 / Count)</p><a href="https://www.amazon.com/dp/B094WXH3KP?tag=eloabder-20&linkCode=osi&th=1&psc=1">View Product</a></div><div class="product"><a href="https://www.amazon.com/dp/B072N9BLHS?tag=eloabder-20&linkCode=osi&th=1&psc=1"><img src="https://m.media-amazon.com/images/I/519zkN7EgWL._SL500_.jpg" alt="Product Image"></a><p>The Spice Way Herbes De Provence - | 4oz | fresh herbs and spice seasoning</p><p>$6.99 ($1.75 / Ounce)</p><a href="https://www.amazon.com/dp/B072N9BLHS?tag=eloabder-20&linkCode=osi&th=1&psc=1">View Product</a></div><div class="product"><a href="https://www.amazon.com/dp/B0761Z81ZK?tag=eloabder-20&linkCode=osi&th=1&psc=1"><img src="https://m.media-amazon.com/images/I/51tYgb8ntBL._SL500_.jpg" alt="Product Image"></a><p>McCormick Grill Mates Roasted Garlic & Herb Seasoning, 9.25 oz</p><p>$7.43 ($0.80 / Ounce)</p><a href="https://www.amazon.com/dp/B0761Z81ZK?tag=eloabder-20&linkCode=osi&th=1&psc=1">View Product</a></div><div class="product"><a href="https://www.amazon.com/dp/B00CQ7K9J2?tag=eloabder-20&linkCode=osi&th=1&psc=1"><img src="https://m.media-amazon.com/images/I/317BBm1p-TL._SL500_.jpg" alt="Product Image"></a><p>Bragg Sprinkle Herbs and Spices - Salt Free Seasoning, 1.5oz, Single</p><p>$6.99 ($4.66 / Ounce)</p><a href="https://www.amazon.com/dp/B00CQ7K9J2?tag=eloabder-20&linkCode=osi&th=1&psc=1">View Product</a></div><div class="product"><a href="https://www.amazon.com/dp/B003H2S2KI?tag=eloabder-20&linkCode=osi&th=1&psc=1"><img src="https://m.media-amazon.com/images/I/41mr0wk+3mL._SL500_.jpg" alt="Product Image"></a><p>Badia Herbs De Provence, 8 Ounces</p><p>$6.26 ($0.78 / Ounce)</p><a href="https://www.amazon.com/dp/B003H2S2KI?tag=eloabder-20&linkCode=osi&th=1&psc=1">View Product</a></div><div class="product"><a href="https://www.amazon.com/dp/B0BQ4VRJBL?tag=eloabder-20&linkCode=osi&th=1&psc=1"><img src="https://m.media-amazon.com/images/I/41ZxLNNd8mL._SL500_.jpg" alt="Product Image"></a><p>Weber Roasted Garlic & Herb Seasoning, 5.5 Ounce Shaker</p><p>$2.82 ($0.51 / Ounce)</p><a href="https://www.amazon.com/dp/B0BQ4VRJBL?tag=eloabder-20&linkCode=osi&th=1&psc=1">View Product</a></div><div class="product"><a href="https://www.amazon.com/dp/B08KRC7V7J?tag=eloabder-20&linkCode=osi&th=1&psc=1"><img src="https://m.media-amazon.com/images/I/4170CYnZ9WL._SL500_.jpg" alt="Product Image"></a><p>McCormick Salt Free Garlic and Herb Seasoning, 4.37 oz</p><p>$4.68 ($1.07 / Ounce)</p><a href="https://www.amazon.com/dp/B08KRC7V7J?tag=eloabder-20&linkCode=osi&th=1&psc=1">View Product</a></div><div class="product"><a href="https://www.amazon.com/dp/B00IX4WUTY?tag=eloabder-20&linkCode=osi&th=1&psc=1"><img src="https://m.media-amazon.com/images/I/51TAH1ijkqS._SL500_.jpg" alt="Product Image"></a><p>Bragg Sprinkle Herbs and Spices Seasoning, 1.5oz, 3 Pack</p><p>$20.27 ($13.51 / Ounce)</p><a href="https://www.amazon.com/dp/B00IX4WUTY?tag=eloabder-20&linkCode=osi&th=1&psc=1">View Product</a></div>
<div class="product"><a href="https://www.amazon.com/dp/B0BWSKYV63?tag=eloabder-20&linkCode=osi&th=1&psc=1"><img src="https://m.media-amazon.com/images/I/51Q5Je2yRhL._SL500_.jpg" alt="Product Image"></a><p>Welch's Fruit Snacks, Mixed Fruit, Perfect Easter Basket Stuffers, Gluten Free, Bulk Pack, Individual Single Serve Bags, 0.8 oz (Pack of 40)</p><p>$7.99 ($0.25 / Ounce)</p><a href="https://www.amazon.com/dp/B0BWSKYV63?tag=eloabder-20&linkCode=osi&th=1&psc=1">View Product</a></div><div class="product"><a href="https://www.amazon.com/dp/B08826B2XL?tag=eloabder-20&linkCode=osi&th=1&psc=1"><img src="https://m.media-amazon.com/images/I/61DT5pSYXFL._SL500_.jpg" alt="Product Image"></a><p>Frito Lay Ultimate Classic Snacks Package, Variety Assortment of Chips, Cookies, Crackers, & Nuts, (Pack of 40) (Packaging May Vary)</p><p>$26.91</p><a href="https://www.amazon.com/dp/B08826B2XL?tag=eloabder-20&linkCode=osi&th=1&psc=1">View Product</a></div><div class="product"><a href="https://www.amazon.com/dp/B013OY25GA?tag=eloabder-20&linkCode=osi&th=1&psc=1"><img src="https://m.media-amazon.com/images/I/51FlSjX95aL._SL500_.jpg" alt="Product Image"></a><p>Snack Pack Chocolate and Vanilla Flavored Pudding Cups Family Pack, 12 Count Pudding Cups (6 Pack)</p><p>$3.27 ($0.01 / Ounce)</p><a href="https://www.amazon.com/dp/B013OY25GA?tag=eloabder-20&linkCode=osi&th=1&psc=1">View Product</a></div><div class="product"><a href="https://www.amazon.com/dp/B0BWSLB73Z?tag=eloabder-20&linkCode=osi&th=1&psc=1"><img src="https://m.media-amazon.com/images/I/51RWXG4OG6L._SL500_.jpg" alt="Product Image"></a><p>Welch's Fruit Snacks, Fruit Punch & Island Fruits Variety Pack, Perfect for School Lunches, Gluten Free, Bulk Pack, 0.8 oz Individual Single Serve Bags (Pack of 40)</p><p>$8.49 ($0.21 / Count)</p><a href="https://www.amazon.com/dp/B0BWSLB73Z?tag=eloabder-20&linkCode=osi&th=1&psc=1">View Product</a></div><div class="product"><a href="https://www.amazon.com/dp/B09FFXR2VV?tag=eloabder-20&linkCode=osi&th=1&psc=1"><img src="https://m.media-amazon.com/images/I/51SZiftXwcL._SL500_.jpg" alt="Product Image"></a><p>The Only Bean Crunchy Dry Roasted Edamame Snacks (Sea Salt), Keto Snack Food, High Protein (11g) Healthy Snacks, Low Carb Gluten Free Office Vegan Food 100 Calorie Snack Pack, 0.9oz 10 Pack</p><p>$12.72 ($1.41 / Ounce)</p><a href="https://www.amazon.com/dp/B09FFXR2VV?tag=eloabder-20&linkCode=osi&th=1&psc=1">View Product</a></div><div class="product"><a href="https://www.amazon.com/dp/B072151Q32?tag=eloabder-20&linkCode=osi&th=1&psc=1"><img src="https://m.media-amazon.com/images/I/41Rlgfdz90L._SL500_.jpg" alt="Product Image"></a><p>Dole Fruit Bowls No Sugar Added Variety Pack Snacks, Peaches, Mandarin Oranges & Cherry Mixed Fruit, 4oz 12 Cups, Gluten & Dairy Free, Bulk Lunch Snacks for Kids & Adults</p><p>$6.74 ($0.56 / Count)</p><a href="https://www.amazon.com/dp/B072151Q32?tag=eloabder-20&linkCode=osi&th=1&psc=1">View Product</a></div><div class="product"><a href="https://www.amazon.com/dp/B084RDDFGR?tag=eloabder-20&linkCode=osi&th=1&psc=1"><img src="https://m.media-amazon.com/images/I/41eLMpoHGkL._SL500_.jpg" alt="Product Image"></a><p>Kellogg's Rice Krispies Treats, Crispy Marshmallow Squares, Original, School Lunch Snack, 41.9oz Case (54 Count)</p><p>$13.49 ($0.32 / Ounce)</p><a href="https://www.amazon.com/dp/B084RDDFGR?tag=eloabder-20&linkCode=osi&th=1&psc=1">View Product</a></div><div class="product"><a href="https://www.amazon.com/dp/B00G2XNSWQ?tag=eloabder-20&linkCode=osi&th=1&psc=1"><img src="https://m.media-amazon.com/images/I/411XH1pQP8L._SL500_.jpg" alt="Product Image"></a><p>Nutella & GO! Bulk 12 Pack, Hazelnut and Cocoa Spread with Breadsticks, Snack Cups for Kids, 1.8 oz Each</p><p>$11.99 ($0.56 / Ounce)</p><a href="https://www.amazon.com/dp/B00G2XNSWQ?tag=eloabder-20&linkCode=osi&th=1&psc=1">View Product</a></div><div class="product"><a href="https://www.amazon.com/dp/B00KR7PKTC?tag=eloabder-20&linkCode=osi&th=1&psc=1"><img src="https://m.media-amazon.com/images/I/414UW7g-s5L._SL500_.jpg" alt="Product Image"></a><p>Cheez-It Cheese Crackers, Baked Snack Crackers, Lunch Snacks, Variety Pack, 12.1oz Box (12 Packs)</p><p>$5.82 ($0.48 / Ounce)</p><a href="https://www.amazon.com/dp/B00KR7PKTC?tag=eloabder-20&linkCode=osi&th=1&psc=1">View Product</a></div><div class="product"><a href="https://www.amazon.com/dp/B078D7MGY5?tag=eloabder-20&linkCode=osi&th=1&psc=1"><img src="https://m.media-amazon.com/images/I/41ttxloA1AL._SL500_.jpg" alt="Product Image"></a><p>Pringles Potato Crisps Chips, Lunch Snacks, On-the-Go Snacks, Snack Stacks, Variety Pack, 19.3oz Box (27 Cups)</p><p>$12.99 ($0.67 / Ounce)</p><a href="https://www.amazon.com/dp/B078D7MGY5?tag=eloabder-20&linkCode=osi&th=1&psc=1">View Product</a></div>
<div class="product"><a href="https://www.amazon.com/dp/B0C5YLP6PC?tag=eloabder-20&linkCode=osi&th=1&psc=1"><img src="https://m.media-amazon.com/images/I/41Ru-8CxkhL._SL500_.jpg" alt="Product Image"></a><p>3 Pack, Gluten Free Potato Gnocchi, Cooks in 2-3 minutes, (3 x 1 lb), Italian Gnocchi, Product of Italy, NON GMO, Eggs Free, Vegan, by L'Oro Del Sud</p><p>$17.99 ($1.12 / Ounce)</p><a href="https://www.amazon.com/dp/B0C5YLP6PC?tag=eloabder-20&linkCode=osi&th=1&psc=1">View Product</a></div><div class="product"><a href="https://www.amazon.com/dp/B09Q98H64R?tag=eloabder-20&linkCode=osi&th=1&psc=1"><img src="https://m.media-amazon.com/images/I/5101NV4WQOL._SL500_.jpg" alt="Product Image"></a><p>Kraft Gluten Free Original Mac & Cheese Macaroni and Cheese Dinner, 4 ct Pack, 1.9 oz Cups</p><p>$6.49 ($0.85 / Ounce)</p><a href="https://www.amazon.com/dp/B09Q98H64R?tag=eloabder-20&linkCode=osi&th=1&psc=1">View Product</a></div><div class="product"><a href="https://www.amazon.com/dp/B0BRBWXDTK?tag=eloabder-20&linkCode=osi&th=1&psc=1"><img src="https://m.media-amazon.com/images/I/41Di2iNnMJL._SL500_.jpg" alt="Product Image"></a><p>Katz Gluten Free Oatmeal Crème Pies| Dairy Free, Nut Free, Soy Free, Gluten Free | Kosher (1 Pack 6.3 Ounce)</p><p>$12.99 ($2.16 / Ounce)</p><a href="https://www.amazon.com/dp/B0BRBWXDTK?tag=eloabder-20&linkCode=osi&th=1&psc=1">View Product</a></div><div class="product"><a href="https://www.amazon.com/dp/B01JJ9H1Q8?tag=eloabder-20&linkCode=osi&th=1&psc=1"><img src="https://m.media-amazon.com/images/I/41EC1yykptL._SL500_.jpg" alt="Product Image"></a><p>King Arthur, Measure for Measure Flour, Certified Gluten-Free, Non-GMO Project Verified, Certified Kosher, 3 Pounds, Packaging May Vary</p><p>$8.62 ($0.18 / Ounce)</p><a href="https://www.amazon.com/dp/B01JJ9H1Q8?tag=eloabder-20&linkCode=osi&th=1&psc=1">View Product</a></div><div class="product"><a href="https://www.amazon.com/dp/B07CL1SRNB?tag=eloabder-20&linkCode=osi&th=1&psc=1"><img src="https://m.media-amazon.com/images/I/51jpv3MCzgL._SL500_.jpg" alt="Product Image"></a><p>Snyder's of Hanover, Gluten Free Pretzels, 8 Oz</p><p>$4.89 ($0.61 / Ounce)</p><a href="https://www.amazon.com/dp/B07CL1SRNB?tag=eloabder-20&linkCode=osi&th=1&psc=1">View Product</a></div><div class="product"><a href="https://www.amazon.com/dp/B004TSXNIA?tag=eloabder-20&linkCode=osi&th=1&psc=1"><img src="https://m.media-amazon.com/images/I/5137tUox+SL._SL500_.jpg" alt="Product Image"></a><p>Annie's Gluten Free Cocoa and Vanilla Bunny Cookies, 6.75 oz</p><p>$4.22 ($0.62 / Ounce)</p><a href="https://www.amazon.com/dp/B004TSXNIA?tag=eloabder-20&linkCode=osi&th=1&psc=1">View Product</a></div><div class="product"><a href="https://www.amazon.com/dp/B00GI9B84O?tag=eloabder-20&linkCode=osi&th=1&psc=1"><img src="https://m.media-amazon.com/images/I/41e7kO-b3WS._SL500_.jpg" alt="Product Image"></a><p>Mom's Place Gluten Free Beef Stroganoff Mix</p><p>$5.99 ($5.99 / Count)</p><a href="https://www.amazon.com/dp/B00GI9B84O?tag=eloabder-20&linkCode=osi&th=1&psc=1">View Product</a></div><div class="product"><a href="https://www.amazon.com/dp/B0BXQWVL1Q?tag=eloabder-20&linkCode=osi&th=1&psc=1"><img src="https://m.media-amazon.com/images/I/413idrGl7fL._SL500_.jpg" alt="Product Image"></a><p>Simple Mills Almond Flour Snack Bars (Chocolate Brownie) with Organic Coconut Oil, Chia Seeds, Sunflower Seeds, and Flax Seeds, 6oz, 1 Count</p><p>$4.50 ($0.75 / Ounce)</p><a href="https://www.amazon.com/dp/B0BXQWVL1Q?tag=eloabder-20&linkCode=osi&th=1&psc=1">View Product</a></div><div class="product"><a href="https://www.amazon.com/dp/B09Z9QV2CT?tag=eloabder-20&linkCode=osi&th=1&psc=1"><img src="https://m.media-amazon.com/images/I/41pnXqKjS7L._SL500_.jpg" alt="Product Image"></a><p>Mom's Place Gluten Free Biscuits & Gravy Mix</p><p>$8.99 ($0.67 / Ounce)</p><a href="https://www.amazon.com/dp/B09Z9QV2CT?tag=eloabder-20&linkCode=osi&th=1&psc=1">View Product</a></div>
<div class="product"><a href="https://www.amazon.com/dp/B0BNZF5CCM?tag=eloabder-20&linkCode=osi&th=1&psc=1"><img src="https://m.media-amazon.com/images/I/61ZB1KesX-L._SL500_.jpg" alt="Product Image"></a><p>Midi International Snack Box | Premium Exotic Foreign Snacks | Unique Snack Food Gifts Included | Purple Theme Box | Candies from Around the World | 12 Full-Size + 1 Bonus Snacks</p><p>$14.95 ($14.95 / Count)</p><a href="https://www.amazon.com/dp/B0BNZF5CCM?tag=eloabder-20&linkCode=osi&th=1&psc=1">View Product</a></div><div class="product"><a href="https://www.amazon.com/dp/B08W72N8SM?tag=eloabder-20&linkCode=osi&th=1&psc=1"><img src="https://m.media-amazon.com/images/I/61UC7bprqkL._SL500_.jpg" alt="Product Image"></a><p>Midi International Snack Box | Premium Exotic Foreign Snacks | Unique Snack Food Gifts Included | Fantastic Space Theme | Candies from Around the World | 12 Full-Size + 1 Bonus Snacks</p><p>$14.99 ($1.25 / Count)</p><a href="https://www.amazon.com/dp/B08W72N8SM?tag=eloabder-20&linkCode=osi&th=1&psc=1">View Product</a></div><div class="product"><a href="https://www.amazon.com/dp/B0C6PRVVJY?tag=eloabder-20&linkCode=osi&th=1&psc=1"><img src="https://m.media-amazon.com/images/I/61o8Z3EzSnL._SL500_.jpg" alt="Product Image"></a><p>International Exotic Snack Box Variety Pack, 22 Count Premium Foreign Rare Snack Food Gifts with Suprise Item for Fun, Mystery Box of Snacks, European Snacks for Adults and Kids</p><p>$29.95</p><a href="https://www.amazon.com/dp/B0C6PRVVJY?tag=eloabder-20&linkCode=osi&th=1&psc=1">View Product</a></div><div class="product"><a href="https://www.amazon.com/dp/B09T7B3QFJ?tag=eloabder-20&linkCode=osi&th=1&psc=1"><img src="https://m.media-amazon.com/images/I/61Xx7pPJCkL._SL500_.jpg" alt="Product Image"></a><p>Universal Yums International Snack Box | Variety Pack Of Chips, Candy, Chocolates, And Snacks From Around The World | Foreign Snacks For Office, Family, Gifts, And Parties | (50 Exotic Snacks)</p><p>$49.50</p><a href="https://www.amazon.com/dp/B09T7B3QFJ?tag=eloabder-20&linkCode=osi&th=1&psc=1">View Product</a></div><div class="product"><a href="https://www.amazon.com/dp/B08W71KXLS?tag=eloabder-20&linkCode=osi&th=1&psc=1"><img src="https://m.media-amazon.com/images/I/61dcTJQFmBL._SL500_.jpg" alt="Product Image"></a><p>Midi International Snack Box | Premium Exotic Foreign Snacks | Unique Snack Food Gifts Included | Picnic Box Theme | Candies from Around the World | 12 Full-Size + 1 Bonus Snacks</p><p>$14.99 ($14.99 / Count)</p><a href="https://www.amazon.com/dp/B08W71KXLS?tag=eloabder-20&linkCode=osi&th=1&psc=1">View Product</a></div><div class="product"><a href="https://www.amazon.com/dp/B09TG6WCBC?tag=eloabder-20&linkCode=osi&th=1&psc=1"><img src="https://m.media-amazon.com/images/I/61lmk368l0L._SL500_.jpg" alt="Product Image"></a><p>Midi International Snack Box (Fairy Tale Themed) | Snacks Variety Pack of International Treats | Foreign Snack Box Offering Unique Experience | Mix Care Pack of Turkish Candies | 12 Full-Size Snacks</p><p>$14.99 ($1.00 / Ounce)</p><a href="https://www.amazon.com/dp/B09TG6WCBC?tag=eloabder-20&linkCode=osi&th=1&psc=1">View Product</a></div><div class="product"><a href="https://www.amazon.com/dp/B0BNZCVDYQ?tag=eloabder-20&linkCode=osi&th=1&psc=1"><img src="https://m.media-amazon.com/images/I/61aTXvWjbSL._SL500_.jpg" alt="Product Image"></a><p>Midi International Snack Box | Premium Exotic Foreign Snacks | Unique Snack Food Gifts Included | Orange Nebula Space Theme | Candies from Around the World | 12 Full-Size + 1 Bonus Snacks</p><p>$14.99 ($14.99 / Count)</p><a href="https://www.amazon.com/dp/B0BNZCVDYQ?tag=eloabder-20&linkCode=osi&th=1&psc=1">View Product</a></div><div class="product"><a href="https://www.amazon.com/dp/B0CK8DWXS2?tag=eloabder-20&linkCode=osi&th=1&psc=1"><img src="https://m.media-amazon.com/images/I/511Z-FX62TL._SL500_.jpg" alt="Product Image"></a><p>Mega International Snack Box | Premium Exotic Foreign Snacks | Unique Snack Food Gifts Included | Try Extraordinary Turkish Snacks | Candies from Around the World | 32+1 Full-Size Snacks</p><p>$39.95 ($1.00 / Ounce)</p><a href="https://www.amazon.com/dp/B0CK8DWXS2?tag=eloabder-20&linkCode=osi&th=1&psc=1">View Product</a></div><div class="product"><a href="https://www.amazon.com/dp/B0CGRMR7VN?tag=eloabder-20&linkCode=osi&th=1&psc=1"><img src="https://m.media-amazon.com/images/I/51PgWRUNnkL._SL500_.jpg" alt="Product Image"></a><p>Turkish Foreign Snack Box, Gourmet Turkish Food Gift Box, Variety of Unique Sweets and Savory Snacks from Turkey - International Snacks Box - Full Sized Snacks - 24ct</p><p>$23.99 ($1.00 / Count)</p><a href="https://www.amazon.com/dp/B0CGRMR7VN?tag=eloabder-20&linkCode=osi&th=1&psc=1">View Product</a></div>
<div class="product"><a href="https://www.amazon.com/dp/B001EQ5NHE?tag=eloabder-20&linkCode=osi&th=1&psc=1"><img src="https://m.media-amazon.com/images/I/51Kg06c5YuL._SL500_.jpg" alt="Product Image"></a><p>Spam Classic, 12 Ounce Can (Pack of 12)</p><p>$28.32 ($0.20 / Ounce)</p><a href="https://www.amazon.com/dp/B001EQ5NHE?tag=eloabder-20&linkCode=osi&th=1&psc=1">View Product</a></div><div class="product"><a href="https://www.amazon.com/dp/B08DQ6422D?tag=eloabder-20&linkCode=osi&th=1&psc=1"><img src="https://m.media-amazon.com/images/I/51-xOj2EbVL._SL500_.jpg" alt="Product Image"></a><p>Del Monte Cut Blue Lake Green Beans With No Added Salt 14.5 Oz,(Pack of 4)</p><p>$5.28 ($0.09 / Ounce)</p><a href="https://www.amazon.com/dp/B08DQ6422D?tag=eloabder-20&linkCode=osi&th=1&psc=1">View Product</a></div><div class="product"><a href="https://www.amazon.com/dp/B089PMW6C3?tag=eloabder-20&linkCode=osi&th=1&psc=1"><img src="https://m.media-amazon.com/images/I/41fKtFm2RAL._SL500_.jpg" alt="Product Image"></a><p>SpaghettiOs Canned Pasta with Meatballs, 15.6 oz Can (Pack of 12)</p><p>$11.44 ($0.06 / Ounce)</p><a href="https://www.amazon.com/dp/B089PMW6C3?tag=eloabder-20&linkCode=osi&th=1&psc=1">View Product</a></div><div class="product"><a href="https://www.amazon.com/dp/B006VS7C60?tag=eloabder-20&linkCode=osi&th=1&psc=1"><img src="https://m.media-amazon.com/images/I/51adZb-RUeL._SL500_.jpg" alt="Product Image"></a><p>Campbell’s Pork and Beans, 11 Oz Can (Case of 24)</p><p>$20.64 ($0.08 / Ounce)</p><a href="https://www.amazon.com/dp/B006VS7C60?tag=eloabder-20&linkCode=osi&th=1&psc=1">View Product</a></div><div class="product"><a href="https://www.amazon.com/dp/B00CPDWTBI?tag=eloabder-20&linkCode=osi&th=1&psc=1"><img src="https://m.media-amazon.com/images/I/61M2-LCC5uL._SL500_.jpg" alt="Product Image"></a><p>DEL MONTE FRESH CUT Whole New Canned Potatoes, Canned Vegetables, 12 Pack, 14.5 oz Can</p><p>$17.76 ($0.10 / Ounce)</p><a href="https://www.amazon.com/dp/B00CPDWTBI?tag=eloabder-20&linkCode=osi&th=1&psc=1">View Product</a></div><div class="product"><a href="https://www.amazon.com/dp/B00TFPKEZM?tag=eloabder-20&linkCode=osi&th=1&psc=1"><img src="https://m.media-amazon.com/images/I/51VTHItyaXL._SL500_.jpg" alt="Product Image"></a><p>Del Monte Canned Fresh Cut French Style Green Beans, 8 Ounce (Pack of 12)</p><p>$16.68 ($0.17 / Ounce)</p><a href="https://www.amazon.com/dp/B00TFPKEZM?tag=eloabder-20&linkCode=osi&th=1&psc=1">View Product</a></div><div class="product"><a href="https://www.amazon.com/dp/B08WR5J62L?tag=eloabder-20&linkCode=osi&th=1&psc=1"><img src="https://m.media-amazon.com/images/I/51QjonsN18L._SL500_.jpg" alt="Product Image"></a><p>Chicken of the Sea Chunk Light Tuna in Water, Wild Caught Tuna, 5-Ounce Cans (Pack of 10)</p><p>$8.90 ($2.85 / lb)</p><a href="https://www.amazon.com/dp/B08WR5J62L?tag=eloabder-20&linkCode=osi&th=1&psc=1">View Product</a></div><div class="product"><a href="https://www.amazon.com/dp/B01MQ6BDM0?tag=eloabder-20&linkCode=osi&th=1&psc=1"><img src="https://m.media-amazon.com/images/I/51chxbCoRfL._SL500_.jpg" alt="Product Image"></a><p>Libby's Vienna Sausage in Chicken Broth, Canned Sausage, 4.6 OZ (Pack of 24)</p><p>$23.52 ($0.98 / Count)</p><a href="https://www.amazon.com/dp/B01MQ6BDM0?tag=eloabder-20&linkCode=osi&th=1&psc=1">View Product</a></div><div class="product"><a href="https://www.amazon.com/dp/B01NBFQ8TF?tag=eloabder-20&linkCode=osi&th=1&psc=1"><img src="https://m.media-amazon.com/images/I/41ijyPglLPL._SL500_.jpg" alt="Product Image"></a><p>Bush's Best Baked Beans, Country Style with Bacon and Brown Sugar, 8.3 OZ (Pack of 12)</p><p>$20.28 ($1.69 / Count)</p><a href="https://www.amazon.com/dp/B01NBFQ8TF?tag=eloabder-20&linkCode=osi&th=1&psc=1">View Product</a></div><div class="product"><a href="https://www.amazon.com/dp/B019YHSNGC?tag=eloabder-20&linkCode=osi&th=1&psc=1"><img src="https://m.media-amazon.com/images/I/51oHYkvLL0L._SL500_.jpg" alt="Product Image"></a><p>Bumble Bee Chunk Light Tuna In Water, 5 oz Cans (Pack of 24) - Wild Caught Skipjack Tuna - 23g Protein Per Serving - MSC Certified Sustainable Seafood, Non-GMO, Gluten Free, Kosher</p><p>$23.36 ($0.19 / Ounce)</p><a href="https://www.amazon.com/dp/B019YHSNGC?tag=eloabder-20&linkCode=osi&th=1&psc=1">View Product</a></div>
<div class="product"><a href="https://www.amazon.com/dp/B07KQNNW9K?tag=eloabder-20&linkCode=osi&th=1&psc=1"><img src="https://m.media-amazon.com/images/I/51EVSxp535L._SL500_.jpg" alt="Product Image"></a><p>HORMEL COMPLEATS Protein Variety Pack Microwave Trays (Pack of 5)</p><p>$14.99 ($0.33 / Ounce)</p><a href="https://www.amazon.com/dp/B07KQNNW9K?tag=eloabder-20&linkCode=osi&th=1&psc=1">View Product</a></div><div class="product"><a href="https://www.amazon.com/dp/B000V1JVAI?tag=eloabder-20&linkCode=osi&th=1&psc=1"><img src="https://m.media-amazon.com/images/I/51moeAwg0qL._SL500_.jpg" alt="Product Image"></a><p>HORMEL COMPLEATS Meatloaf & Gravy With Mashed Potatoes Microwave Tray, 9 oz. (6 Pack)</p><p>$13.68 ($0.25 / Ounce)</p><a href="https://www.amazon.com/dp/B000V1JVAI?tag=eloabder-20&linkCode=osi&th=1&psc=1">View Product</a></div><div class="product"><a href="https://www.amazon.com/dp/B001E55YXS?tag=eloabder-20&linkCode=osi&th=1&psc=1"><img src="https://m.media-amazon.com/images/I/51f7Q-awP2L._SL500_.jpg" alt="Product Image"></a><p>HORMEL COMPLEATS Beef Pot Roast Microwave Tray, 9 Ounce (Pack of 6)</p><p>$13.68 ($0.25 / Ounce)</p><a href="https://www.amazon.com/dp/B001E55YXS?tag=eloabder-20&linkCode=osi&th=1&psc=1">View Product</a></div><div class="product"><a href="https://www.amazon.com/dp/B001E52XGO?tag=eloabder-20&linkCode=osi&th=1&psc=1"><img src="https://m.media-amazon.com/images/I/513-IE78MvL._SL500_.jpg" alt="Product Image"></a><p>HORMEL COMPLEATS Turkey & Dressing Microwave Tray, 10 oz. (6 Pack)</p><p>$13.68 ($0.23 / Ounce)</p><a href="https://www.amazon.com/dp/B001E52XGO?tag=eloabder-20&linkCode=osi&th=1&psc=1">View Product</a></div><div class="product"><a href="https://www.amazon.com/dp/B01JLWGOCA?tag=eloabder-20&linkCode=osi&th=1&psc=1"><img src="https://m.media-amazon.com/images/I/41JtN2c2Y3L._SL500_.jpg" alt="Product Image"></a><p>Idahoan Four Cheese Mashed Potatoes, Made with Gluten-Free 100-Percent Real Idaho Potatoes, 1.5 oz Cup (Pack of 10)</p><p>$11.23 ($0.75 / Ounce)</p><a href="https://www.amazon.com/dp/B01JLWGOCA?tag=eloabder-20&linkCode=osi&th=1&psc=1">View Product</a></div><div class="product"><a href="https://www.amazon.com/dp/B08P3SVWFR?tag=eloabder-20&linkCode=osi&th=1&psc=1"><img src="https://m.media-amazon.com/images/I/51Q7KX85dtL._SL500_.jpg" alt="Product Image"></a><p>StarKist Premium White Chicken - 2.6 oz Pouch (Pack of 12)</p><p>$15.06 ($0.48 / Ounce)</p><a href="https://www.amazon.com/dp/B08P3SVWFR?tag=eloabder-20&linkCode=osi&th=1&psc=1">View Product</a></div><div class="product"><a href="https://www.amazon.com/dp/B001E52WAG?tag=eloabder-20&linkCode=osi&th=1&psc=1"><img src="https://m.media-amazon.com/images/I/51dV9dBtkEL._SL500_.jpg" alt="Product Image"></a><p>Dinty Moore Beef Stew, 9-Ounce Packages (Pack of 6)</p><p>$17.34 ($0.32 / Ounce)</p><a href="https://www.amazon.com/dp/B001E52WAG?tag=eloabder-20&linkCode=osi&th=1&psc=1">View Product</a></div><div class="product"><a href="https://www.amazon.com/dp/B0BTQWY5LL?tag=eloabder-20&linkCode=osi&th=1&psc=1"><img src="https://m.media-amazon.com/images/I/61dN-t0ureL._SL500_.jpg" alt="Product Image"></a><p>MISS OLIVE'S Variety Pack Microwavable Low Sodium Ready Meals (Bundle of 6)-1 of each flavor</p><p>$26.49 ($0.63 / Ounce)</p><a href="https://www.amazon.com/dp/B0BTQWY5LL?tag=eloabder-20&linkCode=osi&th=1&psc=1">View Product</a></div><div class="product"><a href="https://www.amazon.com/dp/B0111Y7PO2?tag=eloabder-20&linkCode=osi&th=1&psc=1"><img src="https://m.media-amazon.com/images/I/51ReJtj0zJL._SL500_.jpg" alt="Product Image"></a><p>HORMEL COMPLEATS Rice & Chicken Microwave Tray, 7.5 Ounces (Pack of 7)</p><p>$15.96 ($0.30 / Ounce)</p><a href="https://www.amazon.com/dp/B0111Y7PO2?tag=eloabder-20&linkCode=osi&th=1&psc=1">View Product</a></div><div class="product"><a href="https://www.amazon.com/dp/B09GL33XZG?tag=eloabder-20&linkCode=osi&th=1&psc=1"><img src="https://m.media-amazon.com/images/I/41tbj+XvZLL._SL500_.jpg" alt="Product Image"></a><p>HMR Ultimate Entrée Pack | Pre-packaged Lunch or Dinner to Support Weight Loss | Pack of 17 Ready to Eat Meals | 10-20 grams of Protein per Entrée | Low Calorie Food | 7-8oz Servings per Meal</p><p>$89.99</p><a href="https://www.amazon.com/dp/B09GL33XZG?tag=eloabder-20&linkCode=osi&th=1&psc=1">View Product</a></div>
<div class="product"><a href="https://www.amazon.com/dp/B00I9VBMLI?tag=eloabder-20&linkCode=osi&th=1&psc=1"><img src="https://m.media-amazon.com/images/I/51kyWWI+vRL._SL500_.jpg" alt="Product Image"></a><p>Chef Boyardee Beef Ravioli, 15 oz, 4 Pack</p><p>$4.48 ($0.07 / Count)</p><a href="https://www.amazon.com/dp/B00I9VBMLI?tag=eloabder-20&linkCode=osi&th=1&psc=1">View Product</a></div>
<div class="product"><a href="https://www.amazon.com/dp/B0CJCXLDSP?tag=eloabder-20&linkCode=osi&th=1&psc=1"><img src="https://m.media-amazon.com/images/I/41uUHvJRp2L._SL500_.jpg" alt="Product Image"></a><p>ARM & HAMMER Baking Soda Made in USA, Ideal for Baking, Pure & Natural, 2.7lb Bag</p><p>$7.99 ($0.18 / Ounce)</p><a href="https://www.amazon.com/dp/B0CJCXLDSP?tag=eloabder-20&linkCode=osi&th=1&psc=1">View Product</a></div><div class="product"><a href="https://www.amazon.com/dp/B07JFLXZQV?tag=eloabder-20&linkCode=osi&th=1&psc=1"><img src="https://m.media-amazon.com/images/I/41mGwlHTcmL._SL500_.jpg" alt="Product Image"></a><p>Vanilla Bean Paste for Baking and Cooking - Gourmet Madagascar Bourbon Blend made with Real Vanilla Seeds - 4 Ounces</p><p>$14.99 ($3.75 / Ounce)</p><a href="https://www.amazon.com/dp/B07JFLXZQV?tag=eloabder-20&linkCode=osi&th=1&psc=1">View Product</a></div><div class="product"><a href="https://www.amazon.com/dp/B0046EJ570?tag=eloabder-20&linkCode=osi&th=1&psc=1"><img src="https://m.media-amazon.com/images/I/31TFd1IdsRL._SL500_.jpg" alt="Product Image"></a><p>Watkins All Natural Original Gourmet Baking Vanilla, with Pure Vanilla Extract, 11 Fl Oz (Pack of 1) - Packaging May Vary</p><p>$12.35 ($1.12 / Fl Oz)</p><a href="https://www.amazon.com/dp/B0046EJ570?tag=eloabder-20&linkCode=osi&th=1&psc=1">View Product</a></div><div class="product"><a href="https://www.amazon.com/dp/B00PMUNEK6?tag=eloabder-20&linkCode=osi&th=1&psc=1"><img src="https://m.media-amazon.com/images/I/41LZqR+JNZL._SL500_.jpg" alt="Product Image"></a><p>10 Organic Madagascar Vanilla Beans Whole Grade A Vanilla Pods for Vanilla Extract and Baking</p><p>$11.04 ($1.10 / Count)</p><a href="https://www.amazon.com/dp/B00PMUNEK6?tag=eloabder-20&linkCode=osi&th=1&psc=1">View Product</a></div><div class="product"><a href="https://www.amazon.com/dp/B0CBW3D9T7?tag=eloabder-20&linkCode=osi&th=1&psc=1"><img src="https://m.media-amazon.com/images/I/414XubDDPPL._SL500_.jpg" alt="Product Image"></a><p>Scratch Diastatic Malt Powder for Baking - (10oz) Dried Barley Malt for Baking Bread - Bread Improver - Premium Baking Ingredients for Breads, Pizzas, Pretzels, Desserts, Shakes and More</p><p>$8.95 ($0.90 / Ounce)</p><a href="https://www.amazon.com/dp/B0CBW3D9T7?tag=eloabder-20&linkCode=osi&th=1&psc=1">View Product</a></div><div class="product"><a href="https://www.amazon.com/dp/B00VEJOUXE?tag=eloabder-20&linkCode=osi&th=1&psc=1"><img src="https://m.media-amazon.com/images/I/41HmZhMPH1L._SL500_.jpg" alt="Product Image"></a><p>Bob's Red Mill Baking Soda - 1 Pound (Pack of 4), Non GMO, Gluten Free, Vegan, Kosher, Paleo Friendly</p><p>$13.10 ($0.20 / Ounce)</p><a href="https://www.amazon.com/dp/B00VEJOUXE?tag=eloabder-20&linkCode=osi&th=1&psc=1">View Product</a></div><div class="product"><a href="https://www.amazon.com/dp/B0CG7C5X2F?tag=eloabder-20&linkCode=osi&th=1&psc=1"><img src="https://m.media-amazon.com/images/I/41cN3OdncVL._SL500_.jpg" alt="Product Image"></a><p>Micro Ingredients Baking Soda Powder, 6lbs | Pure Sodium Bicarbonate | Bulk Food Grade Supply | Great for Cleaning, Cooking, Laundry, or Personal Care | Non-GMO, Filler Free</p><p>$13.95 ($0.15 / Ounce)</p><a href="https://www.amazon.com/dp/B0CG7C5X2F?tag=eloabder-20&linkCode=osi&th=1&psc=1">View Product</a></div><div class="product"><a href="https://www.amazon.com/dp/B075456XMK?tag=eloabder-20&linkCode=osi&th=1&psc=1"><img src="https://m.media-amazon.com/images/I/31YCnL21+nL._SL500_.jpg" alt="Product Image"></a><p>Pure Original Ingredients Baking Soda (2 lb) Sodium Bicarbonate (NaHCO3), Always Pure, No Fillers Or Additives.</p><p>$11.99 ($0.37 / Ounce)</p><a href="https://www.amazon.com/dp/B075456XMK?tag=eloabder-20&linkCode=osi&th=1&psc=1">View Product</a></div><div class="product"><a href="https://www.amazon.com/dp/B08FYKMRGT?tag=eloabder-20&linkCode=osi&th=1&psc=1"><img src="https://m.media-amazon.com/images/I/41TdlxCI0EL._SL500_.jpg" alt="Product Image"></a><p>King Arthur, Baking Sugar Alternative, Made with Plant-Based Ingredients, Keto-Friendly, 1-to-1 Substitute for Granulated Sugar, 12 Ounces</p><p>$9.95 ($0.83 / Ounce)</p><a href="https://www.amazon.com/dp/B08FYKMRGT?tag=eloabder-20&linkCode=osi&th=1&psc=1">View Product</a></div><div class="product"><a href="https://www.amazon.com/dp/B07KKL5Q68?tag=eloabder-20&linkCode=osi&th=1&psc=1"><img src="https://m.media-amazon.com/images/I/41G0eZnHIxL._SL500_.jpg" alt="Product Image"></a><p>Pure Original Ingredients Baking Soda (1 Gallon) Aluminum Free, Cooking, Baking, Cleaning</p><p>$30.99 ($0.19 / Ounce)</p><a href="https://www.amazon.com/dp/B07KKL5Q68?tag=eloabder-20&linkCode=osi&th=1&psc=1">View Product</a></div>
<div class="product"><a href="https://www.amazon.com/dp/B0029K0U90?tag=eloabder-20&linkCode=osi&th=1&psc=1"><img src="https://m.media-amazon.com/images/I/412vWjuj9tL._SL500_.jpg" alt="Product Image"></a><p>Mrs. Wages Pasta Sauce Canning Mix 5 Ounce (Pack of 6)</p><p>$19.32 ($0.64 / Ounce)</p><a href="https://www.amazon.com/dp/B0029K0U90?tag=eloabder-20&linkCode=osi&th=1&psc=1">View Product</a></div><div class="product"><a href="https://www.amazon.com/dp/B0005ZWUDU?tag=eloabder-20&linkCode=osi&th=1&psc=1"><img src="https://m.media-amazon.com/images/I/411oE+5BGYL._SL500_.jpg" alt="Product Image"></a><p>Classico Roasted Garlic Tomato Spaghetti Pasta Sauce (24 oz Jar)</p><p>$2.98 ($0.12 / Ounce)</p><a href="https://www.amazon.com/dp/B0005ZWUDU?tag=eloabder-20&linkCode=osi&th=1&psc=1">View Product</a></div><div class="product"><a href="https://www.amazon.com/dp/B00H3TKG6O?tag=eloabder-20&linkCode=osi&th=1&psc=1"><img src="https://m.media-amazon.com/images/I/41dtGUjEl7L._SL500_.jpg" alt="Product Image"></a><p>Classico Family Favorites Traditional Pasta Sauce (24 oz Jar)</p><p>$2.16 ($0.09 / Ounce)</p><a href="https://www.amazon.com/dp/B00H3TKG6O?tag=eloabder-20&linkCode=osi&th=1&psc=1">View Product</a></div><div class="product"><a href="https://www.amazon.com/dp/B088N719GQ?tag=eloabder-20&linkCode=osi&th=1&psc=1"><img src="https://m.media-amazon.com/images/I/412O4vvfLcL._SL500_.jpg" alt="Product Image"></a><p>Prego Traditional Pasta Sauce, 45 Oz Jar</p><p>$4.23 ($0.09 / Ounce)</p><a href="https://www.amazon.com/dp/B088N719GQ?tag=eloabder-20&linkCode=osi&th=1&psc=1">View Product</a></div><div class="product"><a href="https://www.amazon.com/dp/B00IAE65L6?tag=eloabder-20&linkCode=osi&th=1&psc=1"><img src="https://m.media-amazon.com/images/I/41keFWtHEbL._SL500_.jpg" alt="Product Image"></a><p>Prego Traditional Pasta Sauce, 67 Oz Jar</p><p>$5.36 ($0.08 / Ounce)</p><a href="https://www.amazon.com/dp/B00IAE65L6?tag=eloabder-20&linkCode=osi&th=1&psc=1">View Product</a></div><div class="product"><a href="https://www.amazon.com/dp/B0CRXQZMWN?tag=eloabder-20&linkCode=osi&th=1&psc=1"><img src="https://m.media-amazon.com/images/I/41GWdkqzH0L._SL500_.jpg" alt="Product Image"></a><p>Prego Creamy Roasted Garlic Pesto Pasta Sauce, 14.5 oz Jar</p><p>$2.79 ($0.19 / Ounce)</p><a href="https://www.amazon.com/dp/B0CRXQZMWN?tag=eloabder-20&linkCode=osi&th=1&psc=1">View Product</a></div><div class="product"><a href="https://www.amazon.com/dp/B0033TSDKY?tag=eloabder-20&linkCode=osi&th=1&psc=1"><img src="https://m.media-amazon.com/images/I/416ipEt-ErS._SL500_.jpg" alt="Product Image"></a><p>Classico Four Cheese Alfredo Pasta Sauce (15 oz Jar)</p><p>$3.13 ($0.21 / Ounce)</p><a href="https://www.amazon.com/dp/B0033TSDKY?tag=eloabder-20&linkCode=osi&th=1&psc=1">View Product</a></div><div class="product"><a href="https://www.amazon.com/dp/B000Q3R6V2?tag=eloabder-20&linkCode=osi&th=1&psc=1"><img src="https://m.media-amazon.com/images/I/51DwtNnipoL._SL500_.jpg" alt="Product Image"></a><p>Hunt's Traditional Pasta Sauce, 24 oz</p><p>$1.34 ($0.06 / Ounce)</p><a href="https://www.amazon.com/dp/B000Q3R6V2?tag=eloabder-20&linkCode=osi&th=1&psc=1">View Product</a></div><div class="product"><a href="https://www.amazon.com/dp/B00XXGW39Y?tag=eloabder-20&linkCode=osi&th=1&psc=1"><img src="https://m.media-amazon.com/images/I/41FycYZ91BL._SL500_.jpg" alt="Product Image"></a><p>Classico Vodka Sauce Tomato Spaghetti Pasta Sauce (24 oz Jar)</p><p>$2.52 ($0.10 / Fl Oz)</p><a href="https://www.amazon.com/dp/B00XXGW39Y?tag=eloabder-20&linkCode=osi&th=1&psc=1">View Product</a></div><div class="product"><a href="https://www.amazon.com/dp/B07JVJR966?tag=eloabder-20&linkCode=osi&th=1&psc=1"><img src="https://m.media-amazon.com/images/I/412rjNSU1HL._SL500_.jpg" alt="Product Image"></a><p>Prego Traditional Pasta Sauce, 24 Oz Jar (Case of 12)</p><p>$29.76 ($0.10 / Fl Oz)</p><a href="https://www.amazon.com/dp/B07JVJR966?tag=eloabder-20&linkCode=osi&th=1&psc=1">View Product</a></div>
<div class="product"><a href="https://www.amazon.com/dp/B07GBS8GVH?tag=eloabder-20&linkCode=osi&th=1&psc=1"><img src="https://m.media-amazon.com/images/I/51Xpb2UbnAS._SL500_.jpg" alt="Product Image"></a><p>BEN'S ORIGINAL Ready Rice Whole Grain Brown Rice, Easy Dinner Side, 8.8 OZ Pouch (Pack of 6)</p><p>$13.08 ($0.25 / Ounce)</p><a href="https://www.amazon.com/dp/B07GBS8GVH?tag=eloabder-20&linkCode=osi&th=1&psc=1">View Product</a></div><div class="product"><a href="https://www.amazon.com/dp/B000YPKPV0?tag=eloabder-20&linkCode=osi&th=1&psc=1"><img src="https://m.media-amazon.com/images/I/51RKdJy7-TL._SL500_.jpg" alt="Product Image"></a><p>Rice-A-Roni Long grain & wild rice with herbs, 4.3 Ounce Pack of 12</p><p>$12.00 ($0.23 / Ounce)</p><a href="https://www.amazon.com/dp/B000YPKPV0?tag=eloabder-20&linkCode=osi&th=1&psc=1">View Product</a></div><div class="product"><a href="https://www.amazon.com/dp/B004NRLAVY?tag=eloabder-20&linkCode=osi&th=1&psc=1"><img src="https://m.media-amazon.com/images/I/51l35npdSyL._SL500_.jpg" alt="Product Image"></a><p>Nishiki Premium Rice, Medium Grain,15 Pound (Pack of 1)</p><p>$20.19 ($0.08 / Ounce)</p><a href="https://www.amazon.com/dp/B004NRLAVY?tag=eloabder-20&linkCode=osi&th=1&psc=1">View Product</a></div><div class="product"><a href="https://www.amazon.com/dp/B00MMTQAF6?tag=eloabder-20&linkCode=osi&th=1&psc=1"><img src="https://m.media-amazon.com/images/I/41uID5vVhuL._SL500_.jpg" alt="Product Image"></a><p>Mahatma Extra Long Grain White Rice, 10 Pound, Gluten-Free and Non-GMO, Rice Bulk Bag (Pack of 1)</p><p>$9.98 ($0.06 / Ounce)</p><a href="https://www.amazon.com/dp/B00MMTQAF6?tag=eloabder-20&linkCode=osi&th=1&psc=1">View Product</a></div><div class="product"><a href="https://www.amazon.com/dp/B00I330QEQ?tag=eloabder-20&linkCode=osi&th=1&psc=1"><img src="https://m.media-amazon.com/images/I/41eu-3nevsL._SL500_.jpg" alt="Product Image"></a><p>Authentic Royal - Naturally Aged Long Grain Indian White Basmati Rice - 15 lbs</p><p>$15.03 ($0.06 / Ounce)</p><a href="https://www.amazon.com/dp/B00I330QEQ?tag=eloabder-20&linkCode=osi&th=1&psc=1">View Product</a></div><div class="product"><a href="https://www.amazon.com/dp/B00CLGUKKG?tag=eloabder-20&linkCode=osi&th=1&psc=1"><img src="https://m.media-amazon.com/images/I/41mEtyqtEVL._SL500_.jpg" alt="Product Image"></a><p>Mahatma Whole-Grain Brown Rice, 32-Ounce Bag of Rice, Stovetop or Microwave Rice</p><p>$2.68 ($0.08 / Ounce)</p><a href="https://www.amazon.com/dp/B00CLGUKKG?tag=eloabder-20&linkCode=osi&th=1&psc=1">View Product</a></div><div class="product"><a href="https://www.amazon.com/dp/B0087HFXJ6?tag=eloabder-20&linkCode=osi&th=1&psc=1"><img src="https://m.media-amazon.com/images/I/51eYTUAUKZL._SL500_.jpg" alt="Product Image"></a><p>RiceSelect Royal Blend, Blend Of Texmati White, Brown, Red, And Wild Rice, Premium Gluten Free Rice, Non-GMO, 21 Ounce Jar</p><p>$6.98 ($0.33 / Ounce)</p><a href="https://www.amazon.com/dp/B0087HFXJ6?tag=eloabder-20&linkCode=osi&th=1&psc=1">View Product</a></div><div class="product"><a href="https://www.amazon.com/dp/B07HKTD2BD?tag=eloabder-20&linkCode=osi&th=1&psc=1"><img src="https://m.media-amazon.com/images/I/519+60cp2dL._SL500_.jpg" alt="Product Image"></a><p>Nishiki Premium 7 Grains Mix, 2 Pound</p><p>$14.49 ($0.45 / Ounce)</p><a href="https://www.amazon.com/dp/B07HKTD2BD?tag=eloabder-20&linkCode=osi&th=1&psc=1">View Product</a></div><div class="product"><a href="https://www.amazon.com/dp/B00G9U46DW?tag=eloabder-20&linkCode=osi&th=1&psc=1"><img src="https://m.media-amazon.com/images/I/51Xpb2UbnAS._SL500_.jpg" alt="Product Image"></a><p>BEN'S ORIGINAL Ready Rice Whole Grain Brown Rice, Easy Dinner Side, 8.8 OZ Pouch (Pack of 12)</p><p>$26.16 ($0.25 / Ounce)</p><a href="https://www.amazon.com/dp/B00G9U46DW?tag=eloabder-20&linkCode=osi&th=1&psc=1">View Product</a></div>
<div class="product"><a href="https://www.amazon.com/dp/B0D4KLB4HP?tag=eloabder-20&linkCode=osi&th=1&psc=1"><img src="https://m.media-amazon.com/images/I/51r7s+M2jqL._SL500_.jpg" alt="Product Image"></a><p>Chronos Condiment 150 bundle pack - 50 Single Serve Pouches of Each: Ketchup, Mustard, and Mayo - 150 Pack, Great for Picnics, Boxed Lunch, BBQ, Travel, and Parties</p><p>$21.97</p><a href="https://www.amazon.com/dp/B0D4KLB4HP?tag=eloabder-20&linkCode=osi&th=1&psc=1">View Product</a></div><div class="product"><a href="https://www.amazon.com/dp/B003XLOOCS?tag=eloabder-20&linkCode=osi&th=1&psc=1"><img src="https://m.media-amazon.com/images/I/51x0jDzOLjL._SL500_.jpg" alt="Product Image"></a><p>Heinz Tomato Ketchup, Relish, and Mustard Picnic Pack, 3 Count</p><p>$5.98 ($0.11 / Ounce)</p><a href="https://www.amazon.com/dp/B003XLOOCS?tag=eloabder-20&linkCode=osi&th=1&psc=1">View Product</a></div><div class="product"><a href="https://www.amazon.com/dp/B0992VW16R?tag=eloabder-20&linkCode=osi&th=1&psc=1"><img src="https://m.media-amazon.com/images/I/51eFgOarc1L._SL500_.jpg" alt="Product Image"></a><p>Grab-n-Go Condiment Packs - 50 Single Serve Pouches of Each: Ketchup, Mustard, Relish, and Mayo - Great for Picnics, Boxed Lunch, BBQ, Travel, Picnic and Parties (200 Condiment Packets Total)</p><p>$29.99 ($0.15 / Count)</p><a href="https://www.amazon.com/dp/B0992VW16R?tag=eloabder-20&linkCode=osi&th=1&psc=1">View Product</a></div><div class="product"><a href="https://www.amazon.com/dp/B0D3J9HHS2?tag=eloabder-20&linkCode=osi&th=1&psc=1"><img src="https://m.media-amazon.com/images/I/51VkOjMAkXL._SL500_.jpg" alt="Product Image"></a><p>Heinz Condiment Packets Variety 100 Pack- 25 Heinz Ketchup Packets, 25 Mayonnaise Packets, 25 Mustard Packets, and 25 Relish Packets. Ketchup Heinz, Mayo Packets.</p><p>$19.99 ($0.20 / Count)</p><a href="https://www.amazon.com/dp/B0D3J9HHS2?tag=eloabder-20&linkCode=osi&th=1&psc=1">View Product</a></div><div class="product"><a href="https://www.amazon.com/dp/B091DCC2CH?tag=eloabder-20&linkCode=osi&th=1&psc=1"><img src="https://m.media-amazon.com/images/I/415Iq4kWRXL._SL500_.jpg" alt="Product Image"></a><p>Hellmann's Real Mayonnaise Squeeze Bottle 3 Count a Rich Creamy Condiment Gluten Free, Made With 100% Cage-Free Eggs 20 oz</p><p>$11.90 ($0.20 / Fl Oz)</p><a href="https://www.amazon.com/dp/B091DCC2CH?tag=eloabder-20&linkCode=osi&th=1&psc=1">View Product</a></div><div class="product"><a href="https://www.amazon.com/dp/B0CMR2DML7?tag=eloabder-20&linkCode=osi&th=1&psc=1"><img src="https://m.media-amazon.com/images/I/61dFhpega1L._SL500_.jpg" alt="Product Image"></a><p>Crait Individual Condiment Packets Variety Pack of 50 Hot Sauce Packets with Mayo Packets, Ketchup Packets and Yellow Mustard Packets Single Serve</p><p>$15.00 ($0.30 / Count)</p><a href="https://www.amazon.com/dp/B0CMR2DML7?tag=eloabder-20&linkCode=osi&th=1&psc=1">View Product</a></div><div class="product"><a href="https://www.amazon.com/dp/B0D3JCR2XS?tag=eloabder-20&linkCode=osi&th=1&psc=1"><img src="https://m.media-amazon.com/images/I/51RtTP7u7aL._SL500_.jpg" alt="Product Image"></a><p>Hot Sauce Variety Pack of 48 Condiment Packets. 4 Each of 12 Flavors. Texas Pete Hot Sauce Packets, Mini Condiments, Mini Hot Sauce, Condiment Packets Variety Pack, Single Serve</p><p>$17.99 ($0.37 / Count)</p><a href="https://www.amazon.com/dp/B0D3JCR2XS?tag=eloabder-20&linkCode=osi&th=1&psc=1">View Product</a></div><div class="product"><a href="https://www.amazon.com/dp/B00XK3IYUW?tag=eloabder-20&linkCode=osi&th=1&psc=1"><img src="https://m.media-amazon.com/images/I/51T9Vgtx+bL._SL500_.jpg" alt="Product Image"></a><p>Heinz Condiment Packets Ketchup and Mustard (100 Total; 50 Each Flavor)</p><p>$13.10 ($0.60 / Ounce)</p><a href="https://www.amazon.com/dp/B00XK3IYUW?tag=eloabder-20&linkCode=osi&th=1&psc=1">View Product</a></div>
<div class="product"><a href="https://www.amazon.com/dp/B09DYZSHJR?tag=eloabder-20&linkCode=osi&th=1&psc=1"><img src="https://m.media-amazon.com/images/I/31fEqU5FfOL._SL500_.jpg" alt="Product Image"></a><p>DaVinci Gourmet Honey Syrup, 25.4 Fluid Ounce (Pack of 1)</p><p>$9.99 ($0.39 / Fl Oz)</p><a href="https://www.amazon.com/dp/B09DYZSHJR?tag=eloabder-20&linkCode=osi&th=1&psc=1">View Product</a></div><div class="product"><a href="https://www.amazon.com/dp/B09GW7TXH3?tag=eloabder-20&linkCode=osi&th=1&psc=1"><img src="https://m.media-amazon.com/images/I/31hUGuR-NsL._SL500_.jpg" alt="Product Image"></a><p>Glorybee, Premium Honey Syrup, Real Honey, No Artifical colors or flavors, 25.4 fl oz</p><p>$10.73 ($0.42 / Fl Oz)</p><a href="https://www.amazon.com/dp/B09GW7TXH3?tag=eloabder-20&linkCode=osi&th=1&psc=1">View Product</a></div><div class="product"><a href="https://www.amazon.com/dp/B07C1138N5?tag=eloabder-20&linkCode=osi&th=1&psc=1"><img src="https://m.media-amazon.com/images/I/31bISVR+FkL._SL500_.jpg" alt="Product Image"></a><p>Monin - Honey Syrup, Smooth Sweet Honey Flavor, Great for Teas, Lemonades, Cocktails, & Coffee, Gluten-Free, Non-GMO (1 Liter)</p><p>$19.13 ($0.57 / Fl Oz)</p><a href="https://www.amazon.com/dp/B07C1138N5?tag=eloabder-20&linkCode=osi&th=1&psc=1">View Product</a></div><div class="product"><a href="https://www.amazon.com/dp/B0D43FMJ8V?tag=eloabder-20&linkCode=osi&th=1&psc=1"><img src="https://m.media-amazon.com/images/I/41P8d3eueDL._SL500_.jpg" alt="Product Image"></a><p>Torani Salted Honey Butter Syrup for Coffee 25.4 Ounces Coffee Syrups and Flavors with Jimoco Pump Syrup Dispenser</p><p>$17.95 ($0.71 / Fl Oz)</p><a href="https://www.amazon.com/dp/B0D43FMJ8V?tag=eloabder-20&linkCode=osi&th=1&psc=1">View Product</a></div><div class="product"><a href="https://www.amazon.com/dp/B00IRRJBRQ?tag=eloabder-20&linkCode=osi&th=1&psc=1"><img src="https://m.media-amazon.com/images/I/31a3OJgvluL._SL500_.jpg" alt="Product Image"></a><p>Torani Honey Sweetener, 25.4 Ounce (Pack of 4)</p><p>$25.47 ($0.25 / Fl Oz)</p><a href="https://www.amazon.com/dp/B00IRRJBRQ?tag=eloabder-20&linkCode=osi&th=1&psc=1">View Product</a></div><div class="product"><a href="https://www.amazon.com/dp/B0BSMPDPZ9?tag=eloabder-20&linkCode=osi&th=1&psc=1"><img src="https://m.media-amazon.com/images/I/41A+L9ilEXL._SL500_.jpg" alt="Product Image"></a><p>Monin - Hot Honey Syrup, Robust Sweet & Spicy Flavors, Great for Lemonades, Teas, Cocktails, Culinary Recipes, & More, No Artificial Sweeteners, Gluten-Free, Non-GMO, Clean Label (1 Liter)</p><p>$17.99 ($0.53 / Fl Oz)</p><a href="https://www.amazon.com/dp/B0BSMPDPZ9?tag=eloabder-20&linkCode=osi&th=1&psc=1">View Product</a></div><div class="product"><a href="https://www.amazon.com/dp/B078YFLF9K?tag=eloabder-20&linkCode=osi&th=1&psc=1"><img src="https://m.media-amazon.com/images/I/41Gx-mwendL._SL500_.jpg" alt="Product Image"></a><p>Tippleman's Ginger Honey Syrup - Craft Cocktail Mixer - All Natural Complex Syrup for Cocktails and Non-Alcoholic Beverages - Margarita, Whiskey Sour, or Sweet Iced Tea - Makes 17 Cocktails</p><p>$24.99 ($1.92 / Fl Oz)</p><a href="https://www.amazon.com/dp/B078YFLF9K?tag=eloabder-20&linkCode=osi&th=1&psc=1">View Product</a></div><div class="product"><a href="https://www.amazon.com/dp/B07CWFJV6C?tag=eloabder-20&linkCode=osi&th=1&psc=1"><img src="https://m.media-amazon.com/images/I/41cmu+ltDxL._SL500_.jpg" alt="Product Image"></a><p>Robitussin Maximum Strength Honey Cough + Chest Congestion DM, Cough Medicine for Cough and Chest Congestion Relief Made with Real Honey- 4 Fl Oz Bottle</p><p>$11.74 ($2.94 / Fl Oz)</p><a href="https://www.amazon.com/dp/B07CWFJV6C?tag=eloabder-20&linkCode=osi&th=1&psc=1">View Product</a></div><div class="product"><a href="https://www.amazon.com/dp/B005S1LP28?tag=eloabder-20&linkCode=osi&th=1&psc=1"><img src="https://m.media-amazon.com/images/I/41DkU4bxBrL._SL500_.jpg" alt="Product Image"></a><p>Monin - Organic Honey Sweetener, Low-Calorie Liquid Sweetener, Sugar Substitute, Coffee Syrup, Made with Organic Honey, Simple Syrup for Cocktails, Iced Tea, & More, Clean Label (1 Liter)</p><p>$26.99 ($0.80 / Fl Oz)</p><a href="https://www.amazon.com/dp/B005S1LP28?tag=eloabder-20&linkCode=osi&th=1&psc=1">View Product</a></div>
<div class="product"><a href="https://www.amazon.com/dp/B0D3FYHWP7?tag=eloabder-20&linkCode=osi&th=1&psc=1"><img src="https://m.media-amazon.com/images/I/41W51dqWhAL._SL500_.jpg" alt="Product Image"></a><p>Blueprint Bryan Johnson Nutty Butter - Macadamia Nuts and Walnuts - Just 3 Ingredients - No Palm Oil - Keto and Low Carb Snack - No Added Sugar, Vegan, Non GMO, Keto and Paleo Friendly (8.8 ounces)</p><p>$11.00 ($1.25 / Ounce)</p><a href="https://www.amazon.com/dp/B0D3FYHWP7?tag=eloabder-20&linkCode=osi&th=1&psc=1">View Product</a></div><div class="product"><a href="https://www.amazon.com/dp/B0B34J7HHD?tag=eloabder-20&linkCode=osi&th=1&psc=1"><img src="https://m.media-amazon.com/images/I/31UpKhqk2QL._SL500_.jpg" alt="Product Image"></a><p>Octonuts Dry Roasted Pure Cashew 16oz Nut Butter 16oz - Pure Creamy Nut Butter - Gluten Free, Vegan, Kosher, Paleo, Non-GMO Nut Butters Single Ingredient</p><p>$11.99 ($0.75 / Ounce)</p><a href="https://www.amazon.com/dp/B0B34J7HHD?tag=eloabder-20&linkCode=osi&th=1&psc=1">View Product</a></div><div class="product"><a href="https://www.amazon.com/dp/B09NP7D465?tag=eloabder-20&linkCode=osi&th=1&psc=1"><img src="https://m.media-amazon.com/images/I/51+XSeELM2L._SL500_.jpg" alt="Product Image"></a><p>Crazy Go Nuts Walnut Butter - Plain w/ Sea Salt - Healthy Snacks, Keto, Vegan, Low Carb, Gluten Free, Superfood - Natural, Non-GMO, ALA, Omega 3 Fatty Acids, Good Fats and Antioxidants - 9.25 oz (1-Pack)</p><p>$10.99 ($1.19 / Ounce)</p><a href="https://www.amazon.com/dp/B09NP7D465?tag=eloabder-20&linkCode=osi&th=1&psc=1">View Product</a></div><div class="product"><a href="https://www.amazon.com/dp/B00KHAG1BK?tag=eloabder-20&linkCode=osi&th=1&psc=1"><img src="https://m.media-amazon.com/images/I/41nZVovN5oL._SL500_.jpg" alt="Product Image"></a><p>JUSTIN'S Classic Gluten-Free Almond Butter Squeeze Packs, 1.15 Ounce (Pack of 10)</p><p>$13.40 ($1.17 / Ounce)</p><a href="https://www.amazon.com/dp/B00KHAG1BK?tag=eloabder-20&linkCode=osi&th=1&psc=1">View Product</a></div><div class="product"><a href="https://www.amazon.com/dp/B01M06S98E?tag=eloabder-20&linkCode=osi&th=1&psc=1"><img src="https://m.media-amazon.com/images/I/41fCsKiYMdL._SL500_.jpg" alt="Product Image"></a><p>Organic Power Fuel Crunchy Nut Butter by NuttZo | 7 Nuts & Seeds Blend, Paleo, Non-GMO, Gluten-Free, Vegan, Kosher | 1g Sugar, 6g Protein | 26oz Jar</p><p>$21.99 ($0.85 / Ounce)</p><a href="https://www.amazon.com/dp/B01M06S98E?tag=eloabder-20&linkCode=osi&th=1&psc=1">View Product</a></div><div class="product"><a href="https://www.amazon.com/dp/B07CGZ2RJQ?tag=eloabder-20&linkCode=osi&th=1&psc=1"><img src="https://m.media-amazon.com/images/I/41eZiTYDVgL._SL500_.jpg" alt="Product Image"></a><p>Vör Pure Macadamia Nut Butter Spread (11oz) | Only One Ingredient</p><p>$18.99 ($1.73 / Ounce)</p><a href="https://www.amazon.com/dp/B07CGZ2RJQ?tag=eloabder-20&linkCode=osi&th=1&psc=1">View Product</a></div><div class="product"><a href="https://www.amazon.com/dp/B00X7W96OO?tag=eloabder-20&linkCode=osi&th=1&psc=1"><img src="https://m.media-amazon.com/images/I/41jU7bL5rFL._SL500_.jpg" alt="Product Image"></a><p>MaraNatha Creamy Roasted Caramel Almond Butter, No Stir, 12 Ounce Jar</p><p>$6.94 ($0.58 / Ounce)</p><a href="https://www.amazon.com/dp/B00X7W96OO?tag=eloabder-20&linkCode=osi&th=1&psc=1">View Product</a></div>
<div class="product"><a href="https://www.amazon.com/dp/B01CUS63OG?tag=eloabder-20&linkCode=osi&th=1&psc=1"><img src="https://m.media-amazon.com/images/I/51o0FJwMj8L._SL500_.jpg" alt="Product Image"></a><p>Anna and Sarah Tropical Dried Fruit Mix 2 Lbs</p><p>$17.99 ($9.00 / lb)</p><a href="https://www.amazon.com/dp/B01CUS63OG?tag=eloabder-20&linkCode=osi&th=1&psc=1">View Product</a></div><div class="product"><a href="https://www.amazon.com/dp/B09LZ7YCF7?tag=eloabder-20&linkCode=osi&th=1&psc=1"><img src="https://m.media-amazon.com/images/I/41XMLNKxlML._SL500_.jpg" alt="Product Image"></a><p>Dried Pineapple Chunks, 1 Pound. Dehydrated Pineapple Chunk, Dehydrated Pineapple Bulk, Dried Pineapple Bits. All Natural, Non-GMO, Lightly Sweetened Dried Pineapples, 16 oz.</p><p>$9.99 ($0.62 / oz)</p><a href="https://www.amazon.com/dp/B09LZ7YCF7?tag=eloabder-20&linkCode=osi&th=1&psc=1">View Product</a></div><div class="product"><a href="https://www.amazon.com/dp/B000M69QRU?tag=eloabder-20&linkCode=osi&th=1&psc=1"><img src="https://m.media-amazon.com/images/I/51EyH2xvyyS._SL500_.jpg" alt="Product Image"></a><p>Ocean Spray Craisins Dried Cranberries, Original, 48 Ounce</p><p>$7.62 ($0.16 / Fl Oz)</p><a href="https://www.amazon.com/dp/B000M69QRU?tag=eloabder-20&linkCode=osi&th=1&psc=1">View Product</a></div><div class="product"><a href="https://www.amazon.com/dp/B09YTMZ1GP?tag=eloabder-20&linkCode=osi&th=1&psc=1"><img src="https://m.media-amazon.com/images/I/51+y56cVq0L._SL500_.jpg" alt="Product Image"></a><p>Oregon Farm Fresh Snacks Dried Fruit Mix – 24oz Healthy Snacks - Fresh and Natural Fruit Trail Mix – Mixed Fruit Snacks for Adults and Kids – Ideal for Breakfast, Cakes, Snacks</p><p>$17.99 ($0.75 / Ounce)</p><a href="https://www.amazon.com/dp/B09YTMZ1GP?tag=eloabder-20&linkCode=osi&th=1&psc=1">View Product</a></div><div class="product"><a href="https://www.amazon.com/dp/B08Z5QXBK1?tag=eloabder-20&linkCode=osi&th=1&psc=1"><img src="https://m.media-amazon.com/images/I/51a0Oclr3nS._SL500_.jpg" alt="Product Image"></a><p>Dried Cherries Tart Cherry, 1lb. Montmorency Tart Cherries, Dried Sour Cherries Fresh, Montmorency Dried Tart Cherries, Dried Cherries, All-Natural Whole Sour Cherry 16 oz.</p><p>$14.28 ($0.89 / oz)</p><a href="https://www.amazon.com/dp/B08Z5QXBK1?tag=eloabder-20&linkCode=osi&th=1&psc=1">View Product</a></div><div class="product"><a href="https://www.amazon.com/dp/B00F34772M?tag=eloabder-20&linkCode=osi&th=1&psc=1"><img src="https://m.media-amazon.com/images/I/51AsgKQIMiL._SL500_.jpg" alt="Product Image"></a><p>A Gift Inside Sweet Bloom Dried Fruit Deluxe Tray Basket Arrangement for Holiday Birthday Healthy Snack Business Kosher</p><p>$33.20</p><a href="https://www.amazon.com/dp/B00F34772M?tag=eloabder-20&linkCode=osi&th=1&psc=1">View Product</a></div><div class="product"><a href="https://www.amazon.com/dp/B01N057EEP?tag=eloabder-20&linkCode=osi&th=1&psc=1"><img src="https://m.media-amazon.com/images/I/51MrelYxkML._SL500_.jpg" alt="Product Image"></a><p>Mavuno Harvest Organic Dried Fruit Variety Pack | Dried Mango, Pineapple, and Jackfruit | Healthy, Vegan, No Sugar Added, Non GMO Snacks for Kids & Adults | 2 Ounce, Pack of 3</p><p>$13.99 ($2.33 / Ounce)</p><a href="https://www.amazon.com/dp/B01N057EEP?tag=eloabder-20&linkCode=osi&th=1&psc=1">View Product</a></div><div class="product"><a href="https://www.amazon.com/dp/B08JWR4M3F?tag=eloabder-20&linkCode=osi&th=1&psc=1"><img src="https://m.media-amazon.com/images/I/41rjnxAN2FL._SL500_.jpg" alt="Product Image"></a><p>Sunrise Fresh Dried Sweet Cherries, Unsweetened, No Sugar Added, Fresh Fruit Flavor, 1 lb Bag</p><p>$14.49 ($0.91 / oz)</p><a href="https://www.amazon.com/dp/B08JWR4M3F?tag=eloabder-20&linkCode=osi&th=1&psc=1">View Product</a></div><div class="product"><a href="https://www.amazon.com/dp/B08YP8NQP4?tag=eloabder-20&linkCode=osi&th=1&psc=1"><img src="https://m.media-amazon.com/images/I/51GM51afRIS._SL500_.jpg" alt="Product Image"></a><p>Whole Dried Blueberries, No Sugar Added, Bulk, Dehydrated, Dried Unsweetened Blueberries, All Natural, Non-GMO, 1 Pound. - 16 oz.</p><p>$17.44 ($1.09 / oz)</p><a href="https://www.amazon.com/dp/B08YP8NQP4?tag=eloabder-20&linkCode=osi&th=1&psc=1">View Product</a></div>
<div class="product"><a href="https://www.amazon.com/dp/B084T1VWP5?tag=eloabder-20&linkCode=osi&th=1&psc=1"><img src="https://m.media-amazon.com/images/I/51o0utHF41L._SL500_.jpg" alt="Product Image"></a><p>Planters Pop & Pour Dry Roasted Sunflower Seeds, (4 - 5.85 oz. Jars)</p><p>$7.96 ($0.34 / Ounce)</p><a href="https://www.amazon.com/dp/B084T1VWP5?tag=eloabder-20&linkCode=osi&th=1&psc=1">View Product</a></div><div class="product"><a href="https://www.amazon.com/dp/B07TZX3KQZ?tag=eloabder-20&linkCode=osi&th=1&psc=1"><img src="https://m.media-amazon.com/images/I/41OvCvu5E9L._SL500_.jpg" alt="Product Image"></a><p>Yupik Organic Super 6 Seeds Mix, 2.2 lb, Non-GMO, Vegan</p><p>$11.99 ($0.34 / Ounce)</p><a href="https://www.amazon.com/dp/B07TZX3KQZ?tag=eloabder-20&linkCode=osi&th=1&psc=1">View Product</a></div><div class="product"><a href="https://www.amazon.com/dp/B07W7ZZJQB?tag=eloabder-20&linkCode=osi&th=1&psc=1"><img src="https://m.media-amazon.com/images/I/51jbKA5l0CL._SL500_.jpg" alt="Product Image"></a><p>Southern Style Nuts Gourmet Hunter Mix, 23 Ounces, Sesame Sticks, Peanuts, Sunflower Kernels, Almonds, Cashews, and Pepitas</p><p>$7.92 ($0.34 / Ounce)</p><a href="https://www.amazon.com/dp/B07W7ZZJQB?tag=eloabder-20&linkCode=osi&th=1&psc=1">View Product</a></div><div class="product"><a href="https://www.amazon.com/dp/B089LJB5F5?tag=eloabder-20&linkCode=osi&th=1&psc=1"><img src="https://m.media-amazon.com/images/I/51kS4PKIyZL._SL500_.jpg" alt="Product Image"></a><p>Fisher Oven Roasted Never Fried Deluxe Mixed Nuts, 24 Ounces (Pack of 1), Almonds, Cashews, Pecans, Pistachios, Snacks for Adults, Made With Sea Salt, No Added Oil, Artificial Ingredients or Preservatives, Trail Mix, Gluten Free</p><p>$17.09 ($0.71 / Ounce)</p><a href="https://www.amazon.com/dp/B089LJB5F5?tag=eloabder-20&linkCode=osi&th=1&psc=1">View Product</a></div><div class="product"><a href="https://www.amazon.com/dp/B077HZW2FX?tag=eloabder-20&linkCode=osi&th=1&psc=1"><img src="https://m.media-amazon.com/images/I/51AQx+2kfEL._SL500_.jpg" alt="Product Image"></a><p>BetterBody Foods Superfood Organic Super Seeds - Blend of Organic Chia Seeds, Milled Flax Seed, Hemp Hearts, Add to Smoothies Shakes & More, 1lb, 16 oz</p><p>$10.66 ($0.67 / Ounce)</p><a href="https://www.amazon.com/dp/B077HZW2FX?tag=eloabder-20&linkCode=osi&th=1&psc=1">View Product</a></div><div class="product"><a href="https://www.amazon.com/dp/B00PPKSZO8?tag=eloabder-20&linkCode=osi&th=1&psc=1"><img src="https://m.media-amazon.com/images/I/41Q7alFU8RL._SL500_.jpg" alt="Product Image"></a><p>PLANTERS Unsalted Mixed Nuts, Cashews, Almonds, Hazelnuts, Pecans, Pistachios no Shell, Party Snacks, Plant-Based Protein, Quick Snack for Adults, After School Snack, Kosher, 2.16lb Container</p><p>$17.26 ($0.50 / Fl Oz)</p><a href="https://www.amazon.com/dp/B00PPKSZO8?tag=eloabder-20&linkCode=osi&th=1&psc=1">View Product</a></div><div class="product"><a href="https://www.amazon.com/dp/B0CHLKJ7JM?tag=eloabder-20&linkCode=osi&th=1&psc=1"><img src="https://m.media-amazon.com/images/I/51sXps1S2KL._SL500_.jpg" alt="Product Image"></a><p>KIND Seeds Fruit & Nuts Snack Bar, Orange Cranberry | 5g Protein, High Fiber, Gluten Free Bars, 1.4 OZ, 12 Count</p><p>$14.96 ($1.25 / Count)</p><a href="https://www.amazon.com/dp/B0CHLKJ7JM?tag=eloabder-20&linkCode=osi&th=1&psc=1">View Product</a></div><div class="product"><a href="https://www.amazon.com/dp/B0CHLD9ZKL?tag=eloabder-20&linkCode=osi&th=1&psc=1"><img src="https://m.media-amazon.com/images/I/51l78v8NL9L._SL500_.jpg" alt="Product Image"></a><p>KIND Seeds Fruit & Nuts Snack Bar, Strawberry Sunflower Seed | 5g Protein, High Fiber, Gluten Free Bars, 1.4 OZ, 12 Count</p><p>$13.58 ($1.13 / Count)</p><a href="https://www.amazon.com/dp/B0CHLD9ZKL?tag=eloabder-20&linkCode=osi&th=1&psc=1">View Product</a></div><div class="product"><a href="https://www.amazon.com/dp/B079WN7C3F?tag=eloabder-20&linkCode=osi&th=1&psc=1"><img src="https://m.media-amazon.com/images/I/41YqpED33FL._SL500_.jpg" alt="Product Image"></a><p>GERBS Raw Super 7 Seed Snack Trail Mix 1 LBS. | Top 14 Food Allergy Free | Resealable Bulk Bag | Made in USA | Raw Pumpkin | Sunflower | Brown & Golden Flax | Black & White Chia | Hemp | Gluten Free</p><p>$14.99 ($0.94 / Ounce)</p><a href="https://www.amazon.com/dp/B079WN7C3F?tag=eloabder-20&linkCode=osi&th=1&psc=1">View Product</a></div><div class="product"><a href="https://www.amazon.com/dp/B00CYK8DOE?tag=eloabder-20&linkCode=osi&th=1&psc=1"><img src="https://m.media-amazon.com/images/I/41hvbaCdz6L._SL500_.jpg" alt="Product Image"></a><p>Oh! Nuts Roasted Salted Pumpkin Seeds | Resealable 2LB Bulk Bag of Unshelled Pepitas | All-Natural Protein Power for Gluten-Free & Vegan Snacking | Fresh & Healthy Keto Snacks</p><p>$18.81 ($0.59 / Ounce)</p><a href="https://www.amazon.com/dp/B00CYK8DOE?tag=eloabder-20&linkCode=osi&th=1&psc=1">View Product</a></div>

<div class="product"><a href="https://www.amazon.com/dp/B08TTFGPS5?tag=eloabder-20&linkCode=osi&th=1&psc=1"><img src="https://m.media-amazon.com/images/I/51LP-kQBLAL._SL500_.jpg" alt="Product Image"></a><p>Pine River Cheese Spreads - Variety Pack 3 8oz. Sharp Cheddar-Garlic & Herb-Swiss (24oz)</p><p>$21.93 ($0.91 / Ounce)</p><a href="https://www.amazon.com/dp/B08TTFGPS5?tag=eloabder-20&linkCode=osi&th=1&psc=1">View Product</a></div><div class="product"><a href="https://www.amazon.com/dp/B09GW71DPQ?tag=eloabder-20&linkCode=osi&th=1&psc=1"><img src="https://m.media-amazon.com/images/I/41BpjCgQpKL._SL500_.jpg" alt="Product Image"></a><p>Port Wine Cheese Spread 8 Ounce (Pack of 4)</p><p>$26.10 ($0.82 / Ounce)</p><a href="https://www.amazon.com/dp/B09GW71DPQ?tag=eloabder-20&linkCode=osi&th=1&psc=1">View Product</a></div><div class="product"><a href="https://www.amazon.com/dp/B006G4NCT0?tag=eloabder-20&linkCode=osi&th=1&psc=1"><img src="https://m.media-amazon.com/images/I/41-Krj0PbcL._SL500_.jpg" alt="Product Image"></a><p>Sharp Cheddar Cheese Spread 8 Ounce (Pack of 4)</p><p>$25.90 ($1.08 / Ounce)</p><a href="https://www.amazon.com/dp/B006G4NCT0?tag=eloabder-20&linkCode=osi&th=1&psc=1">View Product</a></div><div class="product"><a href="https://www.amazon.com/dp/B09SM3L7LN?tag=eloabder-20&linkCode=osi&th=1&psc=1"><img src="https://m.media-amazon.com/images/I/417W7hKPcvL._SL500_.jpg" alt="Product Image"></a><p>Cheese Snack Spread Variety 4 Pack</p><p>$34.00 ($1.06 / Ounce)</p><a href="https://www.amazon.com/dp/B09SM3L7LN?tag=eloabder-20&linkCode=osi&th=1&psc=1">View Product</a></div>
<div class="product"><a href="https://www.amazon.com/dp/B08CNRQ2C6?tag=eloabder-20&linkCode=osi&th=1&psc=1"><img src="https://m.media-amazon.com/images/I/41ps--esahL._SL500_.jpg" alt="Product Image"></a><p>HOIST Premium Military Hydration Electrolyte Drink, Powerful IV-Level Hydration, Clinically Proven Performance Drink, Peach Mango, 16 Fl Oz (Pack of 12)</p><p>$29.99 ($0.16 / Fl Oz)</p><a href="https://www.amazon.com/dp/B08CNRQ2C6?tag=eloabder-20&linkCode=osi&th=1&psc=1">View Product</a></div><div class="product"><a href="https://www.amazon.com/dp/B082BG3XYZ?tag=eloabder-20&linkCode=osi&th=1&psc=1"><img src="https://m.media-amazon.com/images/I/51+XFCzX3zL._SL500_.jpg" alt="Product Image"></a><p>UPTIME – Blueberry Pomegranate - Zero Sugar (12 Pack), Premium Energy Drink, 12oz Bottles, Natural Caffeine, Sparkling, Natural Flavors, 5 Calories…</p><p>$28.99 ($0.20 / Fl Oz)</p><a href="https://www.amazon.com/dp/B082BG3XYZ?tag=eloabder-20&linkCode=osi&th=1&psc=1">View Product</a></div><div class="product"><a href="https://www.amazon.com/dp/B0BSP3R4JX?tag=eloabder-20&linkCode=osi&th=1&psc=1"><img src="https://m.media-amazon.com/images/I/41TvMVYbcjL._SL500_.jpg" alt="Product Image"></a><p>Barcode Premium Hydration Drink - No Added Sugars, Variety Pack (12 Pack) - Plant-Based Beverage - Adaptogen Drink with Electrolytes for Immunity & Performance</p><p>$29.88 ($0.15 / Fl Oz)</p><a href="https://www.amazon.com/dp/B0BSP3R4JX?tag=eloabder-20&linkCode=osi&th=1&psc=1">View Product</a></div><div class="product"><a href="https://www.amazon.com/dp/B0CYL4CCKM?tag=eloabder-20&linkCode=osi&th=1&psc=1"><img src="https://m.media-amazon.com/images/I/514q0PPV9+L._SL500_.jpg" alt="Product Image"></a><p>ProBaller Ultra Premium Energy Drink - Wild Berry ZERO</p><p>$35.99 ($0.20 / Fl Oz)</p><a href="https://www.amazon.com/dp/B0CYL4CCKM?tag=eloabder-20&linkCode=osi&th=1&psc=1">View Product</a></div><div class="product"><a href="https://www.amazon.com/dp/B0D2BKB2J3?tag=eloabder-20&linkCode=osi&th=1&psc=1"><img src="https://m.media-amazon.com/images/I/41MbnJUx3LL._SL500_.jpg" alt="Product Image"></a><p>ProBaller Ultra Premium Energy Drink - Sugar Free</p><p>$35.99 ($0.20 / Fl Oz)</p><a href="https://www.amazon.com/dp/B0D2BKB2J3?tag=eloabder-20&linkCode=osi&th=1&psc=1">View Product</a></div><div class="product"><a href="https://www.amazon.com/dp/B0CYJXMRKS?tag=eloabder-20&linkCode=osi&th=1&psc=1"><img src="https://m.media-amazon.com/images/I/41gt6X6dVdL._SL500_.jpg" alt="Product Image"></a><p>Joggy Clean Energy Drink - 4-Pack Tart Cherry & Hibiscus - 150mg Organic Guayusa Caffeine - Zero Added Sugar, Vegan, Plant-Based, Natural Healthy Boost, Premium Beverage</p><p>$13.99 ($0.44 / Fl Oz)</p><a href="https://www.amazon.com/dp/B0CYJXMRKS?tag=eloabder-20&linkCode=osi&th=1&psc=1">View Product</a></div><div class="product"><a href="https://www.amazon.com/dp/B081QCCN21?tag=eloabder-20&linkCode=osi&th=1&psc=1"><img src="https://m.media-amazon.com/images/I/61k-oHxeO2L._SL500_.jpg" alt="Product Image"></a><p>Hawaiian Sun Premium Tropical Juice Drink Party Bundle of 10 Assorted Flavors (24 Cans Total)</p><p>$44.95 ($0.16 / Fl Oz )</p><a href="https://www.amazon.com/dp/B081QCCN21?tag=eloabder-20&linkCode=osi&th=1&psc=1">View Product</a></div><div class="product"><a href="https://www.amazon.com/dp/B0CCHW3Q8Q?tag=eloabder-20&linkCode=osi&th=1&psc=1"><img src="https://m.media-amazon.com/images/I/414+SPv3c5L._SL500_.jpg" alt="Product Image"></a><p>Camp Craft Cocktail Mix - Flo'rita | Premium Drink Mixer Infusion Kit with Dehydrated Fruit, Herbs and Vegan Sugar | 16 oz Glass Jar Mixer for Cocktails, Margaritas, and Mocktails - Serves 8</p><p>$25.00 ($1.56 / Fl Oz)</p><a href="https://www.amazon.com/dp/B0CCHW3Q8Q?tag=eloabder-20&linkCode=osi&th=1&psc=1">View Product</a></div><div class="product"><a href="https://www.amazon.com/dp/B0CVQN2NBB?tag=eloabder-20&linkCode=osi&th=1&psc=1"><img src="https://m.media-amazon.com/images/I/51bpS7Tlj2L._SL500_.jpg" alt="Product Image"></a><p>Starbucks Cold Brew Coffee, Vanilla Sweet Cream, 11 fl oz Cans (12 Pack), Premium Coffee Drink, Iced Coffee</p><p>$39.39 ($0.30 / Fl Oz)</p><a href="https://www.amazon.com/dp/B0CVQN2NBB?tag=eloabder-20&linkCode=osi&th=1&psc=1">View Product</a></div>
<div class="product"><a href="https://www.amazon.com/dp/B08PW3LK4T?tag=eloabder-20&linkCode=osi&th=1&psc=1"><img src="https://m.media-amazon.com/images/I/41TLoWBkNWL._SL500_.jpg" alt="Product Image"></a><p>Classic Ginger Beer, Regatta Craft Mixers, All-Natural Ingredients, Non-GMO, 7.5oz, Case of 24 Sleek Cans</p><p>$29.98 ($0.17 / Fl Oz)</p><a href="https://www.amazon.com/dp/B08PW3LK4T?tag=eloabder-20&linkCode=osi&th=1&psc=1">View Product</a></div><div class="product"><a href="https://www.amazon.com/dp/B08KTP2999?tag=eloabder-20&linkCode=osi&th=1&psc=1"><img src="https://m.media-amazon.com/images/I/41tC0pFgGtL._SL500_.jpg" alt="Product Image"></a><p>ABC Crafted Series Beer Making Kit | Beer Making Ingredients for Home Brewing | Yields 6 Gallons of Beer | Brown Ale</p><p>$25.00</p><a href="https://www.amazon.com/dp/B08KTP2999?tag=eloabder-20&linkCode=osi&th=1&psc=1">View Product</a></div><div class="product"><a href="https://www.amazon.com/dp/B01KSD9JKU?tag=eloabder-20&linkCode=osi&th=1&psc=1"><img src="https://m.media-amazon.com/images/I/517aGsVY9qL._SL500_.jpg" alt="Product Image"></a><p>Beer-infused Hot Sauce Variety 3-pack (Includes Asian Sriracha, Garlic Serrano, & Roasty Chipotle) - Craft Beer Gift, Hot Sauce Gift Set, Beer Sauce, BBQ Sauce, Beer Lover, Grill + Man Cave</p><p>$27.99 ($1.87 / Fl Oz)</p><a href="https://www.amazon.com/dp/B01KSD9JKU?tag=eloabder-20&linkCode=osi&th=1&psc=1">View Product</a></div><div class="product"><a href="https://www.amazon.com/dp/B0C9KKG6C6?tag=eloabder-20&linkCode=osi&th=1&psc=1"><img src="https://m.media-amazon.com/images/I/41Rxjjlu5+L._SL500_.jpg" alt="Product Image"></a><p>Plochman, Craft Beer Mustard (Brickstone), 11 oz, Blended Mustard</p><p>$6.99 ($0.64 / Ounce)</p><a href="https://www.amazon.com/dp/B0C9KKG6C6?tag=eloabder-20&linkCode=osi&th=1&psc=1">View Product</a></div><div class="product"><a href="https://www.amazon.com/dp/B01692UXRW?tag=eloabder-20&linkCode=osi&th=1&psc=1"><img src="https://m.media-amazon.com/images/I/51qUU-Fjx5L._SL500_.jpg" alt="Product Image"></a><p>BREW CANDY | Hoppy IPA + Roasty Stout + Honey Ale | Great Craft Beer Gift for Beer Drinkers and Candy Lovers | Perfect for the Man Cave, Brewery, Office, or Home | MADE IN USA</p><p>$9.99 ($2.50 / Ounce)</p><a href="https://www.amazon.com/dp/B01692UXRW?tag=eloabder-20&linkCode=osi&th=1&psc=1">View Product</a></div><div class="product"><a href="https://www.amazon.com/dp/B07L1M2P57?tag=eloabder-20&linkCode=osi&th=1&psc=1"><img src="https://m.media-amazon.com/images/I/415wGhwZDvL._SL500_.jpg" alt="Product Image"></a><p>Unique Snacks Sourdough Craft Beer Pretzel Rings, Delicious Homestyle Baked Snack Bag, Vegan, OU Kosher, and Non-GMO Food, No Artificial Flavor, 11 Oz. Bag, Pack of 6</p><p>$24.99 ($0.38 / Ounce)</p><a href="https://www.amazon.com/dp/B07L1M2P57?tag=eloabder-20&linkCode=osi&th=1&psc=1">View Product</a></div>
<div class="product"><a href="https://www.amazon.com/dp/B0CD79R3QZ?tag=eloabder-20&linkCode=osi&th=1&psc=1"><img src="https://m.media-amazon.com/images/I/21X3VVYgpXL._SL500_.jpg" alt="Product Image"></a><p>French Bloom Le Blanc Alcohol-Free Sparkling Wine, 750ml - Certified Organic, Vegan, Halal, Low Calorie, Sulfite Free - Made with Fine Organic Wine, No Preservatives or Added Sugar</p><p>$41.00 ($1.61 / Fl Oz)</p><a href="https://www.amazon.com/dp/B0CD79R3QZ?tag=eloabder-20&linkCode=osi&th=1&psc=1">View Product</a></div><div class="product"><a href="https://www.amazon.com/dp/B0D6HWD369?tag=eloabder-20&linkCode=osi&th=1&psc=1"><img src="https://m.media-amazon.com/images/I/31U1YybAm5L._SL500_.jpg" alt="Product Image"></a><p>Saint Viviana Non-Alcoholic Sauvignon Blanc, Crisp Dry White Wine with Fresh Fruit Flavor & Floral Notes, Made in Washington State, 24.6 Fl Oz Bottle</p><p>$22.99 ($0.93 / Fl Oz)</p><a href="https://www.amazon.com/dp/B0D6HWD369?tag=eloabder-20&linkCode=osi&th=1&psc=1">View Product</a></div><div class="product"><a href="https://www.amazon.com/dp/B0D244C3VJ?tag=eloabder-20&linkCode=osi&th=1&psc=1"><img src="https://m.media-amazon.com/images/I/416UnLmeDPL._SL500_.jpg" alt="Product Image"></a><p>Monari Marsala Fine Wine PDO Glaze| 9 Ounce, Pack of 6</p><p>$37.99 ($6.33 / Count)</p><a href="https://www.amazon.com/dp/B0D244C3VJ?tag=eloabder-20&linkCode=osi&th=1&psc=1">View Product</a></div><div class="product"><a href="https://www.amazon.com/dp/B0054KSA5I?tag=eloabder-20&linkCode=osi&th=1&psc=1"><img src="https://m.media-amazon.com/images/I/41Dk7Gmm5xL._SL500_.jpg" alt="Product Image"></a><p>Regina Fine Red Wine Vinegar, 12 Fl Oz</p><p>$12.94 ($1.08 / Fl Oz)</p><a href="https://www.amazon.com/dp/B0054KSA5I?tag=eloabder-20&linkCode=osi&th=1&psc=1">View Product</a></div><div class="product"><a href="https://www.amazon.com/dp/B0CC6JY2CM?tag=eloabder-20&linkCode=osi&th=1&psc=1"><img src="https://m.media-amazon.com/images/I/31FVY0Kg2cL._SL500_.jpg" alt="Product Image"></a><p>ST. REGIS Cabernet Sauvignon 25.4 Fl Oz (1 Pack) - Low Calorie and Sugar - Fruity & Spicy Rich Flavor from North of Spain Vineyards</p><p>$17.95 ($0.71 / Fl Oz)</p><a href="https://www.amazon.com/dp/B0CC6JY2CM?tag=eloabder-20&linkCode=osi&th=1&psc=1">View Product</a></div><div class="product"><a href="https://www.amazon.com/dp/B0CLYLY93H?tag=eloabder-20&linkCode=osi&th=1&psc=1"><img src="https://m.media-amazon.com/images/I/31cSVgLe1sL._SL500_.jpg" alt="Product Image"></a><p>Chateau del ISH Sparkling Rosé | Award-Winning Non-Alcoholic Sparkling Wine | De-Alcoholized Blend of Merlot & Pinot Noir Grapes | Only 9 grams of Sugar | 45 Calories per Serving | 750 ml Bottle</p><p>$23.99 ($0.94 / Fl Oz)</p><a href="https://www.amazon.com/dp/B0CLYLY93H?tag=eloabder-20&linkCode=osi&th=1&psc=1">View Product</a></div><div class="product"><a href="https://www.amazon.com/dp/B00075WK10?tag=eloabder-20&linkCode=osi&th=1&psc=1"><img src="https://m.media-amazon.com/images/I/41wn5BC9e3L._SL500_.jpg" alt="Product Image"></a><p>Mantova Italian White Wine Vinegar 17 oz (Pack of 2). Made with traditional methods and aged in fine wood casks, it retains the flavor of the wine, accented by the crisp character of the vinegar.</p><p>$12.97 ($7.21 / Fl Oz)</p><a href="https://www.amazon.com/dp/B00075WK10?tag=eloabder-20&linkCode=osi&th=1&psc=1">View Product</a></div><div class="product"><a href="https://www.amazon.com/dp/B0B6Y4LGT8?tag=eloabder-20&linkCode=osi&th=1&psc=1"><img src="https://m.media-amazon.com/images/I/31DYvJX17cL._SL500_.jpg" alt="Product Image"></a><p>Wander + Found Non-Alcoholic Wine, Pinot Noir, Award Winning Red Wine from Germany, Non-GMO Dealcoholized Wine, 750 ml (1 Bottle)</p><p>$25.99 ($1.02 / Fl Oz)</p><a href="https://www.amazon.com/dp/B0B6Y4LGT8?tag=eloabder-20&linkCode=osi&th=1&psc=1">View Product</a></div><div class="product"><a href="https://www.amazon.com/dp/B08FBLJFL3?tag=eloabder-20&linkCode=osi&th=1&psc=1"><img src="https://m.media-amazon.com/images/I/31xcotQJiQL._SL500_.jpg" alt="Product Image"></a><p>Lussory Organic Merlot Dealcoholized 0.0% Non-Alcoholic Red From Spain, Low Calories, Organic, Vegan (750ml, 1 Bottle)</p><p>$27.99 ($1.10 / Fl Oz)</p><a href="https://www.amazon.com/dp/B08FBLJFL3?tag=eloabder-20&linkCode=osi&th=1&psc=1">View Product</a></div>
<div class="product"><a href="https://www.amazon.com/dp/B08RD41V4Y?tag=eloabder-20&linkCode=osi&th=1&psc=1"><img src="https://m.media-amazon.com/images/I/41Ctrzm6OdL._SL500_.jpg" alt="Product Image"></a><p>Pure Organic Layered Fruit Bars Variety Pack 28 count (Pack of 1).</p><p>$13.99 ($0.40 / Ounce)</p><a href="https://www.amazon.com/dp/B08RD41V4Y?tag=eloabder-20&linkCode=osi&th=1&psc=1">View Product</a></div><div class="product"><a href="https://www.amazon.com/dp/B06X6JR48M?tag=eloabder-20&linkCode=osi&th=1&psc=1"><img src="https://m.media-amazon.com/images/I/51QhYDgoJFL._SL500_.jpg" alt="Product Image"></a><p>Nature's Garden Organic Trail Mix Snack Packs, Multi Pack 1.2 oz - Pack of 24 (Total 28.8 oz)</p><p>$14.89 ($0.52 / Ounce)</p><a href="https://www.amazon.com/dp/B06X6JR48M?tag=eloabder-20&linkCode=osi&th=1&psc=1">View Product</a></div><div class="product"><a href="https://www.amazon.com/dp/B0BQTL31PR?tag=eloabder-20&linkCode=osi&th=1&psc=1"><img src="https://m.media-amazon.com/images/I/512GxWL1ejL._SL500_.jpg" alt="Product Image"></a><p>Annie's Organic Birthday Cake Bunny Grahams and Cheddar Bunnies Snack Pack 36 Count, 36 oz</p><p>$16.99 ($0.47 / Ounce)</p><a href="https://www.amazon.com/dp/B0BQTL31PR?tag=eloabder-20&linkCode=osi&th=1&psc=1">View Product</a></div><div class="product"><a href="https://www.amazon.com/dp/B0C17SW6V1?tag=eloabder-20&linkCode=osi&th=1&psc=1"><img src="https://m.media-amazon.com/images/I/51JwHhUMp-L._SL500_.jpg" alt="Product Image"></a><p>Annie's Organic Bunny Fruit Snacks, Variety Pack, Gluten Free, 22 ct, 15.4 oz</p><p>$9.98 ($0.45 / Count)</p><a href="https://www.amazon.com/dp/B0C17SW6V1?tag=eloabder-20&linkCode=osi&th=1&psc=1">View Product</a></div><div class="product"><a href="https://www.amazon.com/dp/B079LY41VY?tag=eloabder-20&linkCode=osi&th=1&psc=1"><img src="https://m.media-amazon.com/images/I/51hNBmR-vOL._SL500_.jpg" alt="Product Image"></a><p>MadeGood Healthy Snacks Variety Pack (40 Count) Organic Assortment of Granola Bars, Granola Mini and Crispy Squares; Individually Wrapped Snacks</p><p>$29.99</p><a href="https://www.amazon.com/dp/B079LY41VY?tag=eloabder-20&linkCode=osi&th=1&psc=1">View Product</a></div><div class="product"><a href="https://www.amazon.com/dp/B0B88WYZVC?tag=eloabder-20&linkCode=osi&th=1&psc=1"><img src="https://m.media-amazon.com/images/I/41jnzaqqPlL._SL500_.jpg" alt="Product Image"></a><p>YumEarth Organic Fruit Snacks Box, 0.7 Ounce (Pack of 10)</p><p>$6.49 ($0.93 / Ounce)</p><a href="https://www.amazon.com/dp/B0B88WYZVC?tag=eloabder-20&linkCode=osi&th=1&psc=1">View Product</a></div><div class="product"><a href="https://www.amazon.com/dp/B087HBLXSM?tag=eloabder-20&linkCode=osi&th=1&psc=1"><img src="https://m.media-amazon.com/images/I/4103I3BvCSL._SL500_.jpg" alt="Product Image"></a><p>Tropical Fields Organic Crispy Coconut Rolls, 11 Oz</p><p>$9.94 ($0.90 / Ounce)</p><a href="https://www.amazon.com/dp/B087HBLXSM?tag=eloabder-20&linkCode=osi&th=1&psc=1">View Product</a></div><div class="product"><a href="https://www.amazon.com/dp/B08L4XZBS1?tag=eloabder-20&linkCode=osi&th=1&psc=1"><img src="https://m.media-amazon.com/images/I/51IN3a2zpZL._SL500_.jpg" alt="Product Image"></a><p>Annie's Organic Fruit Peel-A-Parts Fruit Snacks, Strawberry and Fruit Punch, 12 packs, 6.7 oz.</p><p>$9.99 ($0.83 / Count)</p><a href="https://www.amazon.com/dp/B08L4XZBS1?tag=eloabder-20&linkCode=osi&th=1&psc=1">View Product</a></div><div class="product"><a href="https://www.amazon.com/dp/B088PRVMXL?tag=eloabder-20&linkCode=osi&th=1&psc=1"><img src="https://m.media-amazon.com/images/I/51Lye-KMCNL._SL500_.jpg" alt="Product Image"></a><p>Gimme Seaweed - Sea Salt & Avocado Oil - 20 Count - Organic Roasted Seaweed Sheets - Keto, Vegan, Gluten Free - Great Source of Iodine & Omega 3’s - Healthy On-The-Go Snack for Kids & Adults</p><p>$14.43 ($4.51 / Ounce)</p><a href="https://www.amazon.com/dp/B088PRVMXL?tag=eloabder-20&linkCode=osi&th=1&psc=1">View Product</a></div><div class="product"><a href="https://www.amazon.com/dp/B0792LF5DZ?tag=eloabder-20&linkCode=osi&th=1&psc=1"><img src="https://m.media-amazon.com/images/I/51Ogpal4rKL._SL500_.jpg" alt="Product Image"></a><p>Simply, Variety Pack Snacks, 0.875 Ounce (Pack of 36)</p><p>$22.43 ($0.71 / Ounce)</p><a href="https://www.amazon.com/dp/B0792LF5DZ?tag=eloabder-20&linkCode=osi&th=1&psc=1">View Product</a></div>
<div class="product"><a href="https://www.amazon.com/dp/B07D83162X?tag=eloabder-20&linkCode=osi&th=1&psc=1"><img src="https://m.media-amazon.com/images/I/515OpZM7eUL._SL500_.jpg" alt="Product Image"></a><p>CLIF BAR - Energy Bars - Variety Pack - Made with Organic Oats - 9-11g Protein - Non-GMO - Plant Based - 2.4 oz. (16 Count)</p><p>$25.98 ($0.68 / Ounce)</p><a href="https://www.amazon.com/dp/B07D83162X?tag=eloabder-20&linkCode=osi&th=1&psc=1">View Product</a></div><div class="product"><a href="https://www.amazon.com/dp/B0CXQ6QP2B?tag=eloabder-20&linkCode=osi&th=1&psc=1"><img src="https://m.media-amazon.com/images/I/41zGg7iGu+L._SL500_.jpg" alt="Product Image"></a><p>CLIF BAR - Crunchy Peanut Butter - Made with Organic Oats - 11g Protein - Non-GMO - Plant Based - Energy Bars - 2.4 oz. (15 Pack)</p><p>$17.24 ($0.48 / Ounce)</p><a href="https://www.amazon.com/dp/B0CXQ6QP2B?tag=eloabder-20&linkCode=osi&th=1&psc=1">View Product</a></div><div class="product"><a href="https://www.amazon.com/dp/B00GJ82VK4?tag=eloabder-20&linkCode=osi&th=1&psc=1"><img src="https://m.media-amazon.com/images/I/51j2KOV9-+L._SL500_.jpg" alt="Product Image"></a><p>Pure Protein Bars, High Protein, Nutritious Snacks to Support Energy, Low Sugar, Gluten Free, Chocolate Peanut Butter, 1.76oz, 12 Count (Packaging May Vary)</p><p>$15.55 ($0.73 / Ounce)</p><a href="https://www.amazon.com/dp/B00GJ82VK4?tag=eloabder-20&linkCode=osi&th=1&psc=1">View Product</a></div><div class="product"><a href="https://www.amazon.com/dp/B084R2FJVV?tag=eloabder-20&linkCode=osi&th=1&psc=1"><img src="https://m.media-amazon.com/images/I/51mGjMQ-PjL._SL500_.jpg" alt="Product Image"></a><p>KIND Energy Bars, Chocolate Chunk, Healthy Snacks, Gluten Free, 30 Count</p><p>$35.45 ($0.56 / Ounce)</p><a href="https://www.amazon.com/dp/B084R2FJVV?tag=eloabder-20&linkCode=osi&th=1&psc=1">View Product</a></div><div class="product"><a href="https://www.amazon.com/dp/B0BHMRSNWX?tag=eloabder-20&linkCode=osi&th=1&psc=1"><img src="https://m.media-amazon.com/images/I/51mha5Z8vAL._SL500_.jpg" alt="Product Image"></a><p>Verb Energy - Variety Pack Caffeinated Snack Bars - 110-Calorie Low Sugar Energy Bar - Nutrition Bars - Vegan Snacks - Gluten Free Breakfast Bars with Organic Green Tea, 26g (Pack of 16)</p><p>$28.95 ($1.97 / Ounce)</p><a href="https://www.amazon.com/dp/B0BHMRSNWX?tag=eloabder-20&linkCode=osi&th=1&psc=1">View Product</a></div><div class="product"><a href="https://www.amazon.com/dp/B08939X5HL?tag=eloabder-20&linkCode=osi&th=1&psc=1"><img src="https://m.media-amazon.com/images/I/51RKwNvJZiL._SL500_.jpg" alt="Product Image"></a><p>Nature Valley Chewy Fruit and Nut Granola Bars, Trail Mix, 1.2 oz, 15 ct</p><p>$6.24 ($0.35 / Ounce)</p><a href="https://www.amazon.com/dp/B08939X5HL?tag=eloabder-20&linkCode=osi&th=1&psc=1">View Product</a></div><div class="product"><a href="https://www.amazon.com/dp/B004XEDS5I?tag=eloabder-20&linkCode=osi&th=1&psc=1"><img src="https://m.media-amazon.com/images/I/51dc89OLXjL._SL500_.jpg" alt="Product Image"></a><p>CLIF BAR - Chocolate Chip - Made with Organic Oats - Non-GMO - Plant Based - Energy Bars - 2.4 oz. (12 Pack)</p><p>$15.17 ($0.53 / Ounce)</p><a href="https://www.amazon.com/dp/B004XEDS5I?tag=eloabder-20&linkCode=osi&th=1&psc=1">View Product</a></div><div class="product"><a href="https://www.amazon.com/dp/B07HHK51J9?tag=eloabder-20&linkCode=osi&th=1&psc=1"><img src="https://m.media-amazon.com/images/I/41h0pofx49L._SL500_.jpg" alt="Product Image"></a><p>Quantum Energy Square: Energy Bar with Caffeine & 10g Protein. Delicious Healthy Snack On The Go. (Vegan, Gluten-free, Soy-free, Dairy-free). Flavor: Variety 8Pk</p><p>$19.95 ($1.48 / Ounce)</p><a href="https://www.amazon.com/dp/B07HHK51J9?tag=eloabder-20&linkCode=osi&th=1&psc=1">View Product</a></div><div class="product"><a href="https://www.amazon.com/dp/B0BY3NL6N3?tag=eloabder-20&linkCode=osi&th=1&psc=1"><img src="https://m.media-amazon.com/images/I/61a84haNQXL._SL500_.jpg" alt="Product Image"></a><p>Atkins Soft Baked Energy Bars, Blueberry, 15g Protein,2g Sugar, Excellent Source of Fiber, Low Carb, 4 Packs (5 Bars Each)</p><p>$40.00 ($2.00 / Count)</p><a href="https://www.amazon.com/dp/B0BY3NL6N3?tag=eloabder-20&linkCode=osi&th=1&psc=1">View Product</a></div><div class="product"><a href="https://www.amazon.com/dp/B0767X1YGZ?tag=eloabder-20&linkCode=osi&th=1&psc=1"><img src="https://m.media-amazon.com/images/I/41wLM+HSd7L._SL500_.jpg" alt="Product Image"></a><p>SKRATCH LABS Energy Bar | Cherry + Pistachio (12 pack) | Plant Based Healthy Snack | Low Sugar - 5g Protein | non-gmo, gluten free, soy free, vegan, kosher</p><p>$29.95 ($1.41 / Ounce)</p><a href="https://www.amazon.com/dp/B0767X1YGZ?tag=eloabder-20&linkCode=osi&th=1&psc=1">View Product</a></div>
<div class="product"><a href="https://www.amazon.com/dp/B00819SSGK?tag=eloabder-20&linkCode=osi&th=1&psc=1"><img src="https://m.media-amazon.com/images/I/51OoPlQlUFL._SL500_.jpg" alt="Product Image"></a><p>Orville Redenbacher's Original Gourmet Popping Corn Kernels, 8 lb.</p><p>$13.28 ($0.10 / Ounce)</p><a href="https://www.amazon.com/dp/B00819SSGK?tag=eloabder-20&linkCode=osi&th=1&psc=1">View Product</a></div><div class="product"><a href="https://www.amazon.com/dp/B0C8QMKF7K?tag=eloabder-20&linkCode=osi&th=1&psc=1"><img src="https://m.media-amazon.com/images/I/41Q1zRw163L._SL500_.jpg" alt="Product Image"></a><p>Extra Buttery Caramel Gourmet Popcorn | 6 Cups Total | Made From Scratch, Made in USA, & GMO-Free | Great as a Snack, Gift, Thank You, & Movie Night - (10.8oz Total)</p><p>$8.99 ($0.83 / Ounce)</p><a href="https://www.amazon.com/dp/B0C8QMKF7K?tag=eloabder-20&linkCode=osi&th=1&psc=1">View Product</a></div><div class="product"><a href="https://www.amazon.com/dp/B0CKLW62T5?tag=eloabder-20&linkCode=osi&th=1&psc=1"><img src="https://m.media-amazon.com/images/I/51UzqTDjfaL._SL500_.jpg" alt="Product Image"></a><p>Garrett Popcorn Garrett Mix, 6.0oz, 4 Bags, Cheese and Caramel Gourmet Popcorn, Gluten Free, Sweet and Salty Snack, Popped Popcorn Bags</p><p>$24.95 ($1.04 / Ounce)</p><a href="https://www.amazon.com/dp/B0CKLW62T5?tag=eloabder-20&linkCode=osi&th=1&psc=1">View Product</a></div><div class="product"><a href="https://www.amazon.com/dp/B07JN5467R?tag=eloabder-20&linkCode=osi&th=1&psc=1"><img src="https://m.media-amazon.com/images/I/51vsJLZ79WL._SL500_.jpg" alt="Product Image"></a><p>Urban Accents MOVIE NIGHT Popcorn Kernels and Popcorn Seasoning Variety Pack (set of 8) - 3 Non-GMO Popcorn Kernel Packs and 5 Gourmet Popcorn Snack Seasoning</p><p>$22.00 ($1.01 / Ounce)</p><a href="https://www.amazon.com/dp/B07JN5467R?tag=eloabder-20&linkCode=osi&th=1&psc=1">View Product</a></div><div class="product"><a href="https://www.amazon.com/dp/B0C9592XTW?tag=eloabder-20&linkCode=osi&th=1&psc=1"><img src="https://m.media-amazon.com/images/I/41DvOymNLML._SL500_.jpg" alt="Product Image"></a><p>Funky Chunky Gourmet Popcorn, Chocolatey Popcorn, Pretzel, and Nutty Mixes, Peanut Butter Cup Popcorn, 19-Ounce Large Bag (Pack of 1)</p><p>$15.00 ($0.79 / Ounce)</p><a href="https://www.amazon.com/dp/B0C9592XTW?tag=eloabder-20&linkCode=osi&th=1&psc=1">View Product</a></div><div class="product"><a href="https://www.amazon.com/dp/B0D3FH1GW4?tag=eloabder-20&linkCode=osi&th=1&psc=1"><img src="https://m.media-amazon.com/images/I/51hBtOn2I4L._SL500_.jpg" alt="Product Image"></a><p>Garrett Popcorn Garrett Mix, 1.9oz, 12 Bags, Cheese and Caramel Gourmet Popcorn, Gluten Free, Sweet and Salty Snack Bags, Popped Popcorn Bags, Multipack</p><p>$29.95 ($1.31 / Ounce)</p><a href="https://www.amazon.com/dp/B0D3FH1GW4?tag=eloabder-20&linkCode=osi&th=1&psc=1">View Product</a></div><div class="product"><a href="https://www.amazon.com/dp/B00Q0PWE7Q?tag=eloabder-20&linkCode=osi&th=1&psc=1"><img src="https://m.media-amazon.com/images/I/51jM1d0eF8L._SL500_.jpg" alt="Product Image"></a><p>Popcornopolis Gourmet Caramel Corn Popcorn, Popped Popcorn Snack Bags 9.5 Oz</p><p>$8.99 ($0.95 / Ounce)</p><a href="https://www.amazon.com/dp/B00Q0PWE7Q?tag=eloabder-20&linkCode=osi&th=1&psc=1">View Product</a></div><div class="product"><a href="https://www.amazon.com/dp/B00D2H6LOW?tag=eloabder-20&linkCode=osi&th=1&psc=1"><img src="https://m.media-amazon.com/images/I/41iePRgsY5L._SL500_.jpg" alt="Product Image"></a><p>Thatcher's Gourmet Specialties Fruit Medley, 8 Oz (Pack of 1)</p><p>$6.25 ($0.78 / Ounce)</p><a href="https://www.amazon.com/dp/B00D2H6LOW?tag=eloabder-20&linkCode=osi&th=1&psc=1">View Product</a></div>
<div class="product"><a href="https://www.amazon.com/dp/B07ZXN7LPC?tag=eloabder-20&linkCode=osi&th=1&psc=1"><img src="https://m.media-amazon.com/images/I/51YkD3V1JyL._SL500_.jpg" alt="Product Image"></a><p>Mantova Organic Italian Specialty Pasta, Caserecce (2 packs of 1 lb. each) - Artisan Pasta, Non-GMO, Vegan, Kosher Certified, and Imported From Italy, Premium Quality</p><p>$12.99 ($0.41 / Ounce)</p><a href="https://www.amazon.com/dp/B07ZXN7LPC?tag=eloabder-20&linkCode=osi&th=1&psc=1">View Product</a></div><div class="product"><a href="https://www.amazon.com/dp/B01F2Z8ZOU?tag=eloabder-20&linkCode=osi&th=1&psc=1"><img src="https://m.media-amazon.com/images/I/51MK8iWLCgL._SL500_.jpg" alt="Product Image"></a><p>Mantova Organic Italian Specialty Pasta, Lumaconi, 1 lb (Pack of 2)</p><p>$13.99 ($0.87 / Ounce)</p><a href="https://www.amazon.com/dp/B01F2Z8ZOU?tag=eloabder-20&linkCode=osi&th=1&psc=1">View Product</a></div><div class="product"><a href="https://www.amazon.com/dp/B004N5HA6A?tag=eloabder-20&linkCode=osi&th=1&psc=1"><img src="https://m.media-amazon.com/images/I/517oR0RhHgL._SL500_.jpg" alt="Product Image"></a><p>Morelli Gourmet Pasta Italian Gift Basket From Italy - Tricolor Pasta Linguine Set - Red Chili, Garlic & Basil, and Lemon Pasta - Tricolored Organic Pasta from Italy, Made in Italy (3x 8.8 Ounce)</p><p>$31.99 ($1.21 / Ounce)</p><a href="https://www.amazon.com/dp/B004N5HA6A?tag=eloabder-20&linkCode=osi&th=1&psc=1">View Product</a></div><div class="product"><a href="https://www.amazon.com/dp/B00I8R5HSW?tag=eloabder-20&linkCode=osi&th=1&psc=1"><img src="https://m.media-amazon.com/images/I/41miThBoNtL._SL500_.jpg" alt="Product Image"></a><p>Mafaldine Italian Pasta di Gragnano | I.G.P. Protected | USDA Certified Organic | 17.6 Ounce | 500 Gram</p><p>$12.95 ($0.73 / Ounce)</p><a href="https://www.amazon.com/dp/B00I8R5HSW?tag=eloabder-20&linkCode=osi&th=1&psc=1">View Product</a></div><div class="product"><a href="https://www.amazon.com/dp/B0B1469JM5?tag=eloabder-20&linkCode=osi&th=1&psc=1"><img src="https://m.media-amazon.com/images/I/51spzGwiJ9L._SL500_.jpg" alt="Product Image"></a><p>Morelli Busiate, Pici, and Bucatini Organic Pasta Variety Pack - Imported Italian Pasta Sampler - Specialty Assortment Includes Three-17.6 oz Packages of Gourmet Pasta from Italy</p><p>$39.99 ($0.76 / Ounce)</p><a href="https://www.amazon.com/dp/B0B1469JM5?tag=eloabder-20&linkCode=osi&th=1&psc=1">View Product</a></div><div class="product"><a href="https://www.amazon.com/dp/B083X2P94L?tag=eloabder-20&linkCode=osi&th=1&psc=1"><img src="https://m.media-amazon.com/images/I/51APpkv+ImL._SL500_.jpg" alt="Product Image"></a><p>Pasta Deliziosa! Handcrafted Pasta Variety Pack, All Flavors, 12 Ounce (Pack of 6)</p><p>$38.99 ($3.25 / Ounce)</p><a href="https://www.amazon.com/dp/B083X2P94L?tag=eloabder-20&linkCode=osi&th=1&psc=1">View Product</a></div><div class="product"><a href="https://www.amazon.com/dp/B0793LPXRN?tag=eloabder-20&linkCode=osi&th=1&psc=1"><img src="https://m.media-amazon.com/images/I/41zIY0jxDdL._SL500_.jpg" alt="Product Image"></a><p>La Molisana Pasta Anellini Siciliani, 16 oz</p><p>$6.95 ($0.43 / Ounce)</p><a href="https://www.amazon.com/dp/B0793LPXRN?tag=eloabder-20&linkCode=osi&th=1&psc=1">View Product</a></div><div class="product"><a href="https://www.amazon.com/dp/B006ODJEBS?tag=eloabder-20&linkCode=osi&th=1&psc=1"><img src="https://m.media-amazon.com/images/I/51x4T3SOw1L._SL500_.jpg" alt="Product Image"></a><p>La Molisana Pasta Fusilli Bucati Cort, 1 Pound (Pack of 1)</p><p>$7.99 ($0.05 / Ounce)</p><a href="https://www.amazon.com/dp/B006ODJEBS?tag=eloabder-20&linkCode=osi&th=1&psc=1">View Product</a></div><div class="product"><a href="https://www.amazon.com/dp/B0095F92HS?tag=eloabder-20&linkCode=osi&th=1&psc=1"><img src="https://m.media-amazon.com/images/I/51IXE-gW1gL._SL500_.jpg" alt="Product Image"></a><p>De Cecco Pasta, Egg Pappardelle, 8.8 Ounce</p><p>$2.50 ($0.28 / Ounce)</p><a href="https://www.amazon.com/dp/B0095F92HS?tag=eloabder-20&linkCode=osi&th=1&psc=1">View Product</a></div><div class="product"><a href="https://www.amazon.com/dp/B000LRH8AM?tag=eloabder-20&linkCode=osi&th=1&psc=1"><img src="https://m.media-amazon.com/images/I/517Gsx3xbQL._SL500_.jpg" alt="Product Image"></a><p>RiceSelect Tri-Color Orzo Rice-Shaped Pasta, Premium Spinach- and Tomato-Flavored Non-GMO Orzo Pasta, 32-Ounce Jar</p><p>$7.29 ($0.28 / Ounce)</p><a href="https://www.amazon.com/dp/B000LRH8AM?tag=eloabder-20&linkCode=osi&th=1&psc=1">View Product</a></div>
<div class="product"><a href="https://www.amazon.com/dp/B00LUK2TGC?tag=eloabder-20&linkCode=osi&th=1&psc=1"><img src="https://m.media-amazon.com/images/I/51-6ifc3VmL._SL500_.jpg" alt="Product Image"></a><p>The Gourmet Choice Gift Basket by Wine Country Gift Baskets</p><p>$83.35</p><a href="https://www.amazon.com/dp/B00LUK2TGC?tag=eloabder-20&linkCode=osi&th=1&psc=1">View Product</a></div><div class="product"><a href="https://www.amazon.com/dp/B009LHPJ1S?tag=eloabder-20&linkCode=osi&th=1&psc=1"><img src="https://m.media-amazon.com/images/I/51cf0AEkjgL._SL500_.jpg" alt="Product Image"></a><p>Wine Country Gift Baskets Gourmet Feast Perfect For Family, Friends, Co-Workers, Loved Ones and Clients</p><p>$59.95</p><a href="https://www.amazon.com/dp/B009LHPJ1S?tag=eloabder-20&linkCode=osi&th=1&psc=1">View Product</a></div><div class="product"><a href="https://www.amazon.com/dp/B004D9XYWU?tag=eloabder-20&linkCode=osi&th=1&psc=1"><img src="https://m.media-amazon.com/images/I/515H6eRSagL._SL500_.jpg" alt="Product Image"></a><p>A Gift Inside Chocolate, Caramel and Crunch Grand Gift Basket</p><p>$42.95</p><a href="https://www.amazon.com/dp/B004D9XYWU?tag=eloabder-20&linkCode=osi&th=1&psc=1">View Product</a></div><div class="product"><a href="https://www.amazon.com/dp/B00BY78O7Y?tag=eloabder-20&linkCode=osi&th=1&psc=1"><img src="https://m.media-amazon.com/images/I/51sFeewMqVL._SL500_.jpg" alt="Product Image"></a><p>The Bon Appetit Gourmet Gift Basket by Wine Country Gift Baskets Gift for Families College Students Appreciation Thank You Congratulations Get Well Soon Care Package</p><p>$49.95</p><a href="https://www.amazon.com/dp/B00BY78O7Y?tag=eloabder-20&linkCode=osi&th=1&psc=1">View Product</a></div><div class="product"><a href="https://www.amazon.com/dp/B07CHSN691?tag=eloabder-20&linkCode=osi&th=1&psc=1"><img src="https://m.media-amazon.com/images/I/51-Qvkf4yFL._SL500_.jpg" alt="Product Image"></a><p>Dried Fruit Gift Basket– Healthy Gourmet Snack Box - Holiday Food Tray - Variety Snacks - Birthday, Sympathy, Mom, Dad, Corporate Tray - Bonnie & Pop</p><p>$37.99</p><a href="https://www.amazon.com/dp/B07CHSN691?tag=eloabder-20&linkCode=osi&th=1&psc=1">View Product</a></div><div class="product"><a href="https://www.amazon.com/dp/B00FBGKCHE?tag=eloabder-20&linkCode=osi&th=1&psc=1"><img src="https://m.media-amazon.com/images/I/51anmoX7EkL._SL500_.jpg" alt="Product Image"></a><p>Broadway Basketeers Chocolate Gift Basket Snack Gifts for Women, Men, Families, College, Appreciation, Thank You, Birthday, Corporate, Get Well Soon, Sympathy Care Package</p><p>$48.70 ($48.70 / Count)</p><a href="https://www.amazon.com/dp/B00FBGKCHE?tag=eloabder-20&linkCode=osi&th=1&psc=1">View Product</a></div><div class="product"><a href="https://www.amazon.com/dp/B00BY78O60?tag=eloabder-20&linkCode=osi&th=1&psc=1"><img src="https://m.media-amazon.com/images/I/51vKfvc7JTL._SL500_.jpg" alt="Product Image"></a><p>Wine Country Gift Baskets The Connoisseur Gourmet Gift Basket Food Gift Basket for Families College Students Appreciation Thank You Congratulations Get Well Soon Care Package</p><p>$56.36</p><a href="https://www.amazon.com/dp/B00BY78O60?tag=eloabder-20&linkCode=osi&th=1&psc=1">View Product</a></div><div class="product"><a href="https://www.amazon.com/dp/B07FT598PM?tag=eloabder-20&linkCode=osi&th=1&psc=1"><img src="https://m.media-amazon.com/images/I/51OJVHYoRsL._SL500_.jpg" alt="Product Image"></a><p>Wine Country Gift Baskets Gourmet Deluxe Gift Basket</p><p>$99.95</p><a href="https://www.amazon.com/dp/B07FT598PM?tag=eloabder-20&linkCode=osi&th=1&psc=1">View Product</a></div>
<div class="product"><a href="https://www.amazon.com/dp/B0B5ZTZL6G?tag=eloabder-20&linkCode=osi&th=1&psc=1"><img src="https://m.media-amazon.com/images/I/51rZYLnRlVL._SL500_.jpg" alt="Product Image"></a><p>Reinmoson Tea Strainers for Loose Tea, Extra Fine Mesh Tea Infuser, 304 Stainless Steel & Updated Slim Threaded Lid, Loose Leaf Tea Steeper for Black Tea, Rooibos, etc</p><p>$9.99</p><a href="https://www.amazon.com/dp/B0B5ZTZL6G?tag=eloabder-20&linkCode=osi&th=1&psc=1">View Product</a></div><div class="product"><a href="https://www.amazon.com/dp/B00SBTK5KW?tag=eloabder-20&linkCode=osi&th=1&psc=1"><img src="https://m.media-amazon.com/images/I/414cqIbd9eL._SL500_.jpg" alt="Product Image"></a><p>Tea Forte Single Steeps Loose Leaf Lotus Tea Sampler, Assorted Variety Tea Box, Serve Pouches,15 Count (Pack of 1)</p><p>$18.00 ($9.33 / Ounce)</p><a href="https://www.amazon.com/dp/B00SBTK5KW?tag=eloabder-20&linkCode=osi&th=1&psc=1">View Product</a></div><div class="product"><a href="https://www.amazon.com/dp/B08VMR4MXN?tag=eloabder-20&linkCode=osi&th=1&psc=1"><img src="https://m.media-amazon.com/images/I/51qQv4-VV3L._SL500_.jpg" alt="Product Image"></a><p>Twinings Tea Sampler Set 12 Flavors Assortment 48 Assorted Tea Bags with 20 Honey Sticks for Tea, Straws and Naturally Caffeine Free Herbal Tea Set…</p><p>$22.96 ($22.96 / Count)</p><a href="https://www.amazon.com/dp/B08VMR4MXN?tag=eloabder-20&linkCode=osi&th=1&psc=1">View Product</a></div><div class="product"><a href="https://www.amazon.com/dp/B074T2FWJY?tag=eloabder-20&linkCode=osi&th=1&psc=1"><img src="https://m.media-amazon.com/images/I/41n1uoomGAL._SL500_.jpg" alt="Product Image"></a><p>10Pcs Heart Tea Infuser for Loose Leaf Tea Steeper - Tea Diffusers for Loose Tea Leaf Steeper Tea Strainers for Loose Tea Infuser Spoon - Tea Steeper for Loose Tea Strainer Heart Shaped Tea Infuser</p><p>$9.98 ($1.00 / Count)</p><a href="https://www.amazon.com/dp/B074T2FWJY?tag=eloabder-20&linkCode=osi&th=1&psc=1">View Product</a></div><div class="product"><a href="https://www.amazon.com/dp/B074L4MZRY?tag=eloabder-20&linkCode=osi&th=1&psc=1"><img src="https://m.media-amazon.com/images/I/418v4F8ZhkL._SL500_.jpg" alt="Product Image"></a><p>VAHDAM Perfect Measure Loose Leaf Tea Spoon | Premium Quality Stainless Steel Tea Scoop | Perfect Measuring Teaspoons To Brew 1 Cup Of Loose Leaf Tea & Matcha</p><p>$7.99</p><a href="https://www.amazon.com/dp/B074L4MZRY?tag=eloabder-20&linkCode=osi&th=1&psc=1">View Product</a></div><div class="product"><a href="https://www.amazon.com/dp/B09FF6P7BL?tag=eloabder-20&linkCode=osi&th=1&psc=1"><img src="https://m.media-amazon.com/images/I/41oGPC0w7ML._SL500_.jpg" alt="Product Image"></a><p>Cute Tea Infuser by OTOTO - Loose Leaf Tea Steeper, Tea Accessories, Tea Diffusers, Tea Infuser for Loose Leaf Tea, Tea Strainers, Cute Gifts, Tea Gift Set, Kitchen Gifts, Cooking Gadgets</p><p>$14.95</p><a href="https://www.amazon.com/dp/B09FF6P7BL?tag=eloabder-20&linkCode=osi&th=1&psc=1">View Product</a></div><div class="product"><a href="https://www.amazon.com/dp/B072XP4FQK?tag=eloabder-20&linkCode=osi&th=1&psc=1"><img src="https://m.media-amazon.com/images/I/31Lfv+7oU6L._SL500_.jpg" alt="Product Image"></a><p>Tea Infuser (Set of 2 Pyramid & Square) with Tea Scoop | Ultra Fine Tea Strainer for Loose Leaf Tea | Stainless Steel Tea Steeper for a Superior Brewing Experience</p><p>$9.99</p><a href="https://www.amazon.com/dp/B072XP4FQK?tag=eloabder-20&linkCode=osi&th=1&psc=1">View Product</a></div><div class="product"><a href="https://www.amazon.com/dp/B0D2SCT4C4?tag=eloabder-20&linkCode=osi&th=1&psc=1"><img src="https://m.media-amazon.com/images/I/51vJnfc4-JL._SL500_.jpg" alt="Product Image"></a><p>Organic Tea Gift Set with Portable Kettle - 36 Piece Tea Gifts for Tea Lovers - Includes Insulated Mug, Assorted Organic Teas, Honey Sticks & Tea Accessories - Ultimate Brewing Experience</p><p>$56.90</p><a href="https://www.amazon.com/dp/B0D2SCT4C4?tag=eloabder-20&linkCode=osi&th=1&psc=1">View Product</a></div>
<div class="product"><a href="https://www.amazon.com/dp/B01NAV05XS?tag=eloabder-20&linkCode=osi&th=1&psc=1"><img src="https://m.media-amazon.com/images/I/51xpd-egLaL._SL500_.jpg" alt="Product Image"></a><p>Torani Variety Pack Caramel, French Vanilla, Vanilla & Hazelnut, 25.4 Ounces (Pack of 4)</p><p>$35.99 ($0.35 / Fl Oz)</p><a href="https://www.amazon.com/dp/B01NAV05XS?tag=eloabder-20&linkCode=osi&th=1&psc=1">View Product</a></div><div class="product"><a href="https://www.amazon.com/dp/B084NVN1J6?tag=eloabder-20&linkCode=osi&th=1&psc=1"><img src="https://m.media-amazon.com/images/I/51Vz7p8hhyL._SL500_.jpg" alt="Product Image"></a><p>Bones Coffee Company Cookies 'N Dreams Coffee Beans, Cookies & Cream Flavor, Low Acid Flavored Coffee, Made with Arabica Coffee Beans, Medium Roast Gourmet Coffee (12 oz)</p><p>$17.99 ($1.50 / Ounce)</p><a href="https://www.amazon.com/dp/B084NVN1J6?tag=eloabder-20&linkCode=osi&th=1&psc=1">View Product</a></div><div class="product"><a href="https://www.amazon.com/dp/B0C2DHCBD6?tag=eloabder-20&linkCode=osi&th=1&psc=1"><img src="https://m.media-amazon.com/images/I/51wa33jmF7L._SL500_.jpg" alt="Product Image"></a><p>Torani Puremade Sauce Variety Pack, 4 Flavors, 16.5 Ounces Bottle (Set of 4)</p><p>$25.99 ($0.39 / Ounce)</p><a href="https://www.amazon.com/dp/B0C2DHCBD6?tag=eloabder-20&linkCode=osi&th=1&psc=1">View Product</a></div><div class="product"><a href="https://www.amazon.com/dp/B000S75D66?tag=eloabder-20&linkCode=osi&th=1&psc=1"><img src="https://m.media-amazon.com/images/I/41AZMaoxbWL._SL500_.jpg" alt="Product Image"></a><p>illy Ground Coffee Moka - 100% Arabica Flavored Coffee Ground - Rich Aromatic Coffee Grounds Profile – Classico Medium Roast - Notes of Caramel, Orange Blossom & Jasmine - No Preservatives – 8.8 Ounce</p><p>$13.85 ($1.57 / Ounce)</p><a href="https://www.amazon.com/dp/B000S75D66?tag=eloabder-20&linkCode=osi&th=1&psc=1">View Product</a></div><div class="product"><a href="https://www.amazon.com/dp/B0BBY6V5T3?tag=eloabder-20&linkCode=osi&th=1&psc=1"><img src="https://m.media-amazon.com/images/I/515wvEFTD7L._SL500_.jpg" alt="Product Image"></a><p>Bones Coffee Company NEW World Tour Sample Pack | Ground Coffee Beans Sampler Gift Box Set | 4 oz Pack of 5 Assorted Single-Origin Gourmet Coffee Gifts | Medium Roast Coffee Beverages (Ground)</p><p>$34.99 ($1.75 / Ounce)</p><a href="https://www.amazon.com/dp/B0BBY6V5T3?tag=eloabder-20&linkCode=osi&th=1&psc=1">View Product</a></div>

<div class="product"><a href="https://www.amazon.com/dp/B01E4C982U?tag=eloabder-20&linkCode=osi&th=1&psc=1"><img src="https://m.media-amazon.com/images/I/51nAunBrSiL._SL500_.jpg" alt="Product Image"></a><p>Green Tea leaves Sencha, JAS Certified Organic, Japanese Tea, Uji-Kyoto, 80g Bag 【YAMASAN】</p><p>$14.70 ($5.25 / Ounce)</p><a href="https://www.amazon.com/dp/B01E4C982U?tag=eloabder-20&linkCode=osi&th=1&psc=1">View Product</a></div><div class="product"><a href="https://www.amazon.com/dp/B000SARJF6?tag=eloabder-20&linkCode=osi&th=1&psc=1"><img src="https://m.media-amazon.com/images/I/51hE2hmSzuL._SL500_.jpg" alt="Product Image"></a><p>Davidson's Tea Bulk, English Breakfast, 16 Ounce</p><p>$15.99 ($1.00 / Ounce)</p><a href="https://www.amazon.com/dp/B000SARJF6?tag=eloabder-20&linkCode=osi&th=1&psc=1">View Product</a></div><div class="product"><a href="https://www.amazon.com/dp/B008FOLQRE?tag=eloabder-20&linkCode=osi&th=1&psc=1"><img src="https://m.media-amazon.com/images/I/51F0rcvhhvL._SL500_.jpg" alt="Product Image"></a><p>Traditional Medicinals Organic Raspberry Leaf Herbal Tea, Eases Menstrual Cramps & Supports Healthy Pregnancy, (Pack of 1) - 16 Tea Bags</p><p>$4.92 ($5.79 / Ounce)</p><a href="https://www.amazon.com/dp/B008FOLQRE?tag=eloabder-20&linkCode=osi&th=1&psc=1">View Product</a></div><div class="product"><a href="https://www.amazon.com/dp/B00136MKEO?tag=eloabder-20&linkCode=osi&th=1&psc=1"><img src="https://m.media-amazon.com/images/I/41Ll68Q3iLL._SL500_.jpg" alt="Product Image"></a><p>Ahmad Tea Earl Grey Aromatic Loose Tea, Ceylon Caddy, 17.6 Oz</p><p>$14.87 ($0.84 / Ounce)</p><a href="https://www.amazon.com/dp/B00136MKEO?tag=eloabder-20&linkCode=osi&th=1&psc=1">View Product</a></div><div class="product"><a href="https://www.amazon.com/dp/B087G3NQGN?tag=eloabder-20&linkCode=osi&th=1&psc=1"><img src="https://m.media-amazon.com/images/I/51wev+SayvL._SL500_.jpg" alt="Product Image"></a><p>TIAN HU SHAN Premium Green Tea Loose Leaf 16 Ounce (454g)</p><p>$14.98 ($0.94 / Ounce)</p><a href="https://www.amazon.com/dp/B087G3NQGN?tag=eloabder-20&linkCode=osi&th=1&psc=1">View Product</a></div><div class="product"><a href="https://www.amazon.com/dp/B007Y94GN2?tag=eloabder-20&linkCode=osi&th=1&psc=1"><img src="https://m.media-amazon.com/images/I/51hqdPaNJYL._SL500_.jpg" alt="Product Image"></a><p>The Tao of Tea, Hibiscus Ginger Tea, Loose Leaf, 3.0 Ounce Tin to make 50 cups</p><p>$10.90 ($3.63 / Ounce)</p><a href="https://www.amazon.com/dp/B007Y94GN2?tag=eloabder-20&linkCode=osi&th=1&psc=1">View Product</a></div><div class="product"><a href="https://www.amazon.com/dp/B0D3WN5RG3?tag=eloabder-20&linkCode=osi&th=1&psc=1"><img src="https://m.media-amazon.com/images/I/5109jIe8NoL._SL500_.jpg" alt="Product Image"></a><p>Mevlana Ceylon Tea, Loose Leaf, 1 Lbs - Best Ceylon Black Tea Leaves from Sri Lanka - Loose Leaf Black Tea</p><p>$14.99 ($0.94 / Ounce)</p><a href="https://www.amazon.com/dp/B0D3WN5RG3?tag=eloabder-20&linkCode=osi&th=1&psc=1">View Product</a></div><div class="product"><a href="https://www.amazon.com/dp/B087G345SM?tag=eloabder-20&linkCode=osi&th=1&psc=1"><img src="https://m.media-amazon.com/images/I/51gQfgKqklL._SL500_.jpg" alt="Product Image"></a><p>TIAN HU SHAN Premium Oolong Tea Loose Leaf 14 Ounce (400g)</p><p>$14.99 ($1.07 / Ounce)</p><a href="https://www.amazon.com/dp/B087G345SM?tag=eloabder-20&linkCode=osi&th=1&psc=1">View Product</a></div>
<div class="product"><a href="https://www.amazon.com/dp/B08XWVFTKS?tag=eloabder-20&linkCode=osi&th=1&psc=1"><img src="https://m.media-amazon.com/images/I/41hJk3cTdnL._SL500_.jpg" alt="Product Image"></a><p>Lindt Gourmet Chocolate Truffles Gift Box, Assorted Chocolate Truffles, Great for gift giving, 14.7 Ounces</p><p>$24.99 ($1.70 / Ounce)</p><a href="https://www.amazon.com/dp/B08XWVFTKS?tag=eloabder-20&linkCode=osi&th=1&psc=1">View Product</a></div>
<div class="product"><a href="https://www.amazon.com/dp/B0CJ3XYPV3?tag=eloabder-20&linkCode=osi&th=1&psc=1"><img src="https://m.media-amazon.com/images/I/519ufxoFyDL._SL500_.jpg" alt="Product Image"></a><p>Blue House VARIETY Handcrafted Gourmet Caramel Candies Gift Box, Maple, Raspberry, Coffee, and Sea Salt</p><p>$26.98 ($1.35 / Count)</p><a href="https://www.amazon.com/dp/B0CJ3XYPV3?tag=eloabder-20&linkCode=osi&th=1&psc=1">View Product</a></div><div class="product"><a href="https://www.amazon.com/dp/B06VW4Z7B1?tag=eloabder-20&linkCode=osi&th=1&psc=1"><img src="https://m.media-amazon.com/images/I/516NdD4b5nL._SL500_.jpg" alt="Product Image"></a><p>BALI'S BEST Coffee Candy - Original Flavor | 1lb Jar | Rich, Smooth Taste | Indulge in Gourmet Coffee Delight - For Coffee Lovers, Delicious Treat for Any Occasion</p><p>$9.87 ($0.62 / Ounce)</p><a href="https://www.amazon.com/dp/B06VW4Z7B1?tag=eloabder-20&linkCode=osi&th=1&psc=1">View Product</a></div><div class="product"><a href="https://www.amazon.com/dp/B086N119VC?tag=eloabder-20&linkCode=osi&th=1&psc=1"><img src="https://m.media-amazon.com/images/I/41xKAcovvCS._SL500_.jpg" alt="Product Image"></a><p>Cerez Pazari Turkish Delight Candy with Assorted Mix Flavours 16 oz Gourmet Medium Size Snacks Gift Box | No Nuts Sweet Luxury Traditional Confectionery Vegan Lokum Loukoumi Approx.42 Pcs</p><p>$13.49 ($0.96 / Ounce)</p><a href="https://www.amazon.com/dp/B086N119VC?tag=eloabder-20&linkCode=osi&th=1&psc=1">View Product</a></div>
<div class="product"><a href="https://www.amazon.com/dp/B07CJLPR4P?tag=eloabder-20&linkCode=osi&th=1&psc=1"><img src="https://m.media-amazon.com/images/I/41vviwnqT4L._SL500_.jpg" alt="Product Image"></a><p>Funky Chunky Gourmet Popcorn Sampler Variety Pack with all 5 flavors: Sea Salt Caramel, Nutty Choco Pop, Peanut Butter Cup, Chip Zel Pop, and Chocolate Pretzel, 2 oz (5 Bags)</p><p>$20.00 ($2.00 / Ounce)</p><a href="https://www.amazon.com/dp/B07CJLPR4P?tag=eloabder-20&linkCode=osi&th=1&psc=1">View Product</a></div><div class="product"><a href="https://www.amazon.com/dp/B0CB1Q5YQ1?tag=eloabder-20&linkCode=osi&th=1&psc=1"><img src="https://m.media-amazon.com/images/I/61Xzv3ZgRIL._SL500_.jpg" alt="Product Image"></a><p>Italian Cracker Assortment - Pack of 30 - Snack Size Cracker Packs - Great Mother's Day Gift - Gourmet Artisan Cracker Variety Pack - Rosemary, Olive, Sesame, Poppy & Sesame, Pizza Flavors - Gourmet Crackers for Charcuterie Party - Cracker Gift Box - Kosher, Preservative Free</p><p>$29.99 ($34.01 / Ounce)</p><a href="https://www.amazon.com/dp/B0CB1Q5YQ1?tag=eloabder-20&linkCode=osi&th=1&psc=1">View Product</a></div><div class="product"><a href="https://www.amazon.com/dp/B0BLMMSPLW?tag=eloabder-20&linkCode=osi&th=1&psc=1"><img src="https://m.media-amazon.com/images/I/61jdT7ZVojL._SL500_.jpg" alt="Product Image"></a><p>International Snack Box, 30 Pcs Premium Foreign Rare Snack Food Gifts with Suprise Item,European Snacks for Adults and Kids for Easter Day</p><p>$39.95 ($0.62 / Ounce)</p><a href="https://www.amazon.com/dp/B0BLMMSPLW?tag=eloabder-20&linkCode=osi&th=1&psc=1">View Product</a></div><div class="product"><a href="https://www.amazon.com/dp/B07Z9SBTTC?tag=eloabder-20&linkCode=osi&th=1&psc=1"><img src="https://m.media-amazon.com/images/I/51P13LVLpjL._SL500_.jpg" alt="Product Image"></a><p>Sahale Snacks Glazed Mix Nut Blend Variety Pack, 1.5 Oz Grab & Go Bags (12 Total Packs) - Four Different Dry-Roasted Deluxe Mixed Nuts Blends Included - Non-GMO Kosher & Certified Gluten-Free Snacks</p><p>$42.20 ($2.34 / Ounce)</p><a href="https://www.amazon.com/dp/B07Z9SBTTC?tag=eloabder-20&linkCode=osi&th=1&psc=1">View Product</a></div><div class="product"><a href="https://www.amazon.com/dp/B00LAQ4Z1I?tag=eloabder-20&linkCode=osi&th=1&psc=1"><img src="https://m.media-amazon.com/images/I/41PkJ7khWFL._SL500_.jpg" alt="Product Image"></a><p>Sheila G's Brownie Brittle – Chocolate Chip & Salted Caramel Thin and Crispy Sweet Snacks (Pack of 20, 1 oz), Rich Gourmet Brownie Bites Dessert</p><p>$29.70 ($1.48 / Ounce)</p><a href="https://www.amazon.com/dp/B00LAQ4Z1I?tag=eloabder-20&linkCode=osi&th=1&psc=1">View Product</a></div><div class="product"><a href="https://www.amazon.com/dp/B09GW1NT5C?tag=eloabder-20&linkCode=osi&th=1&psc=1"><img src="https://m.media-amazon.com/images/I/613yB5WvmhL._SL500_.jpg" alt="Product Image"></a><p>CRAVEBOX Gourmet Specialty Snacks Box Care Package Boxes for College Students Adults Healthy Cookies Bar Organic Variety Gift Pack Assortment Basket Mix Sampler Treat Final Exam Office Men Women Halloween Back to School</p><p>$36.95 ($36.95 / Count)</p><a href="https://www.amazon.com/dp/B09GW1NT5C?tag=eloabder-20&linkCode=osi&th=1&psc=1">View Product</a></div>
<div class="product"><a href="https://www.amazon.com/dp/B00MPQ5ZOS?tag=eloabder-20&linkCode=osi&th=1&psc=1"><img src="https://m.media-amazon.com/images/I/51rC2bMIM5L._SL500_.jpg" alt="Product Image"></a><p>BetterBody Foods Organic Chia Seeds 2 lbs, 32 Oz, with Omega-3, Non-GMO, Gluten Free, Keto Diet Friendly, Vegan, Good Source of Fiber</p><p>$14.26 ($0.45 / Ounce)</p><a href="https://www.amazon.com/dp/B00MPQ5ZOS?tag=eloabder-20&linkCode=osi&th=1&psc=1">View Product</a></div><div class="product"><a href="https://www.amazon.com/dp/B000R7V3DE?tag=eloabder-20&linkCode=osi&th=1&psc=1"><img src="https://m.media-amazon.com/images/I/51YhGUGB+2L._SL500_.jpg" alt="Product Image"></a><p>Pacific Foods Organic Free Range Chicken Broth, 8 oz Carton (Pack of 4)</p><p>$3.39 ($0.11 / Fl Oz)</p><a href="https://www.amazon.com/dp/B000R7V3DE?tag=eloabder-20&linkCode=osi&th=1&psc=1">View Product</a></div><div class="product"><a href="https://www.amazon.com/dp/B073ZNGZ7F?tag=eloabder-20&linkCode=osi&th=1&psc=1"><img src="https://m.media-amazon.com/images/I/51PZf9bpVIL._SL500_.jpg" alt="Product Image"></a><p>BetterBody Foods Organic Quinoa, Vegan, Complete Plant Protein, Gluten Free, Low Glycemic Rice Replacement, 24 ounce</p><p>$15.63 ($0.65 / Fl Oz)</p><a href="https://www.amazon.com/dp/B073ZNGZ7F?tag=eloabder-20&linkCode=osi&th=1&psc=1">View Product</a></div><div class="product"><a href="https://www.amazon.com/dp/B01N3365YI?tag=eloabder-20&linkCode=osi&th=1&psc=1"><img src="https://m.media-amazon.com/images/I/41N0Mk2m0pL._SL500_.jpg" alt="Product Image"></a><p>NOW Foods, Organic Pumpkin Seeds, Raw and Unsalted, Excellent Source of Protein and Iron, Certified Non-GMO, Keto-Friendly Snack, 12-Ounce (Packaging May Vary)</p><p>$6.99 ($0.58 / Ounce)</p><a href="https://www.amazon.com/dp/B01N3365YI?tag=eloabder-20&linkCode=osi&th=1&psc=1">View Product</a></div><div class="product"><a href="https://www.amazon.com/dp/B0CMW5KTLL?tag=eloabder-20&linkCode=osi&th=1&psc=1"><img src="https://m.media-amazon.com/images/I/51skmBt-7dL._SL500_.jpg" alt="Product Image"></a><p>Kate’s Real Food Organic Granola Bars - Snack & Share Variety Pack (2.2 oz, Pack of 12) - Organic Energy Bars Made with Gluten Free Oats - Non GMO, Soy Free, Whole Grains, and All Natural</p><p>$33.88 ($1.28 / Ounce)</p><a href="https://www.amazon.com/dp/B0CMW5KTLL?tag=eloabder-20&linkCode=osi&th=1&psc=1">View Product</a></div><div class="product"><a href="https://www.amazon.com/dp/B008RLUXI8?tag=eloabder-20&linkCode=osi&th=1&psc=1"><img src="https://m.media-amazon.com/images/I/51cnqntGe8L._SL500_.jpg" alt="Product Image"></a><p>Annie's Organic Variety Pack, Cheddar Bunnies, Bunny Grahams and Cheddar Squares, 12 Pouches, 11 oz</p><p>$8.49 ($0.77 / Ounce)</p><a href="https://www.amazon.com/dp/B008RLUXI8?tag=eloabder-20&linkCode=osi&th=1&psc=1">View Product</a></div><div class="product"><a href="https://www.amazon.com/dp/B01IPZUZW4?tag=eloabder-20&linkCode=osi&th=1&psc=1"><img src="https://m.media-amazon.com/images/I/51F2XkB6b5L._SL500_.jpg" alt="Product Image"></a><p>BetterBody Foods Organic Cacao Powder, Rich Chocolate Flavor, Non-GMO, Gluten-Free, Cocoa, 16 ounce, 1 lb bag</p><p>$12.27 ($0.77 / Ounce)</p><a href="https://www.amazon.com/dp/B01IPZUZW4?tag=eloabder-20&linkCode=osi&th=1&psc=1">View Product</a></div><div class="product"><a href="https://www.amazon.com/dp/B016BC50VY?tag=eloabder-20&linkCode=osi&th=1&psc=1"><img src="https://m.media-amazon.com/images/I/51yOgUaWJ1L._SL500_.jpg" alt="Product Image"></a><p>Good Sense Roasted & Salted Organic Pumpkin Seeds (Pepitas), Non-GMO & All Natural, 6 Ounce Resealable Bag</p><p>$3.99 ($0.66 / Ounce)</p><a href="https://www.amazon.com/dp/B016BC50VY?tag=eloabder-20&linkCode=osi&th=1&psc=1">View Product</a></div><div class="product"><a href="https://www.amazon.com/dp/B0B5V77FSZ?tag=eloabder-20&linkCode=osi&th=1&psc=1"><img src="https://m.media-amazon.com/images/I/41qVxhNyX6L._SL500_.jpg" alt="Product Image"></a><p>Pacific Foods Organic Chicken and Wild Rice Soup, 16.3 oz Can</p><p>$2.87 ($0.18 / Ounce)</p><a href="https://www.amazon.com/dp/B0B5V77FSZ?tag=eloabder-20&linkCode=osi&th=1&psc=1">View Product</a></div>
<div class="product"><a href="https://www.amazon.com/dp/B00CBX8F3I?tag=eloabder-20&linkCode=osi&th=1&psc=1"><img src="https://m.media-amazon.com/images/I/51YgGi3uXNL._SL500_.jpg" alt="Product Image"></a><p>Glutino Gluten Free Table Crackers, Premium Squares, Original, 7 oz</p><p>$3.13 ($0.45 / Ounce)</p><a href="https://www.amazon.com/dp/B00CBX8F3I?tag=eloabder-20&linkCode=osi&th=1&psc=1">View Product</a></div><div class="product"><a href="https://www.amazon.com/dp/B0C64N6ZTC?tag=eloabder-20&linkCode=osi&th=1&psc=1"><img src="https://m.media-amazon.com/images/I/41jSEFaAtWL._SL500_.jpg" alt="Product Image"></a><p>Katz Gluten Free Toaster Pastries. Strawberry. Easy Breakfast Food Or Anytime Healthy Snacks For Adults & Kids. Gluten Free Snacks. Dairy Free, Nut Free, Peanut Free, Soy Free. Snacks For Adults Kosher Snacks. 8 OZ (Pack Of 2</p><p>$12.97 ($0.81 / Ounce)</p><a href="https://www.amazon.com/dp/B0C64N6ZTC?tag=eloabder-20&linkCode=osi&th=1&psc=1">View Product</a></div><div class="product"><a href="https://www.amazon.com/dp/B006OIWD7U?tag=eloabder-20&linkCode=osi&th=1&psc=1"><img src="https://m.media-amazon.com/images/I/51fcMhMMuFL._SL500_.jpg" alt="Product Image"></a><p>Kinnikinnick Gluten Free Angel Food Cake Mix, 16 Ounce</p><p>$9.00 ($0.56 / Ounce)</p><a href="https://www.amazon.com/dp/B006OIWD7U?tag=eloabder-20&linkCode=osi&th=1&psc=1">View Product</a></div><div class="product"><a href="https://www.amazon.com/dp/B00HKIBKQS?tag=eloabder-20&linkCode=osi&th=1&psc=1"><img src="https://m.media-amazon.com/images/I/41vcEf0YqVL._SL500_.jpg" alt="Product Image"></a><p>Lotus Foods Bulk Food Organic Millet & Brown Rice Ramen Noodles with Red Miso Soup, Gluten-Free Easy to Cook & Healthy Japanese Noodles with Instant Gourmet Broth, 2.8 Oz (Pack of 10)</p><p>$23.90 ($0.85 / Ounce)</p><a href="https://www.amazon.com/dp/B00HKIBKQS?tag=eloabder-20&linkCode=osi&th=1&psc=1">View Product</a></div><div class="product"><a href="https://www.amazon.com/dp/B09P8VQ62R?tag=eloabder-20&linkCode=osi&th=1&psc=1"><img src="https://m.media-amazon.com/images/I/517vF20bKYL._SL500_.jpg" alt="Product Image"></a><p>Gluten Free Sugar Free Butter Cookies 36 Count Traditional Danish Cookies, Premium Assorted Shortbread cookies for Diabetics (1 Pk, 11 Ounce)</p><p>$13.99 ($1.27 / Ounce)</p><a href="https://www.amazon.com/dp/B09P8VQ62R?tag=eloabder-20&linkCode=osi&th=1&psc=1">View Product</a></div><div class="product"><a href="https://www.amazon.com/dp/B07QFY8KVJ?tag=eloabder-20&linkCode=osi&th=1&psc=1"><img src="https://m.media-amazon.com/images/I/41A8K3x-WKL._SL500_.jpg" alt="Product Image"></a><p>Double Yolk Gluten Free Medium Egg Noodles,10 Ounce Bag (Pack of 2)</p><p>$20.00 ($1.00 / Ounce)</p><a href="https://www.amazon.com/dp/B07QFY8KVJ?tag=eloabder-20&linkCode=osi&th=1&psc=1">View Product</a></div><div class="product"><a href="https://www.amazon.com/dp/B017QPT0P2?tag=eloabder-20&linkCode=osi&th=1&psc=1"><img src="https://m.media-amazon.com/images/I/41bJSGh8ocS._SL500_.jpg" alt="Product Image"></a><p>Mom's Gluten Free Angel Food Cake Mix,1-Pack, Easy to Make, 12 Servings, Non GMO Delicious and Healthy Gluten Free Desserts</p><p>$9.99 ($0.55 / Ounce)</p><a href="https://www.amazon.com/dp/B017QPT0P2?tag=eloabder-20&linkCode=osi&th=1&psc=1">View Product</a></div>
<div class="product"><a href="https://www.amazon.com/dp/B08QG24L5V?tag=eloabder-20&linkCode=osi&th=1&psc=1"><img src="https://m.media-amazon.com/images/I/61+-HZ1es-L._SL500_.jpg" alt="Product Image"></a><p>Hellmann's Vegan Dressing and Spread Vegan 3 Ct for a Rich, Creamy Plant-Based Alternative to Mayo Same Great Taste, Plant Based, Free From Eggs 11.5 oz</p><p>$13.47 ($0.39 / Fl Oz)</p><a href="https://www.amazon.com/dp/B08QG24L5V?tag=eloabder-20&linkCode=osi&th=1&psc=1">View Product</a></div><div class="product"><a href="https://www.amazon.com/dp/B07PQ9D3WP?tag=eloabder-20&linkCode=osi&th=1&psc=1"><img src="https://m.media-amazon.com/images/I/519WO4YN0lL._SL500_.jpg" alt="Product Image"></a><p>Kapka Assorted Variety Indian Meals - 5 Pack - Ready to Eat Authentic Vegan Prepared Food - Just Add Water - Microwaveable Plant-Based Snacks for Breakfast, Lunch, Non-GMO, No Additives - 3.5oz Each</p><p>$22.99 ($1.31 / Ounce)</p><a href="https://www.amazon.com/dp/B07PQ9D3WP?tag=eloabder-20&linkCode=osi&th=1&psc=1">View Product</a></div><div class="product"><a href="https://www.amazon.com/dp/B093TNJY8D?tag=eloabder-20&linkCode=osi&th=1&psc=1"><img src="https://m.media-amazon.com/images/I/51imOXudzIL._SL500_.jpg" alt="Product Image"></a><p>TASTY BITE Mexican Protein Bowl, 8.8 Ounce, Pack of 6, Ready to Eat, Microwaveable, Vegan, 12g Plant Protein, Tangy Citrus</p><p>$21.96 ($0.42 / Ounce)</p><a href="https://www.amazon.com/dp/B093TNJY8D?tag=eloabder-20&linkCode=osi&th=1&psc=1">View Product</a></div><div class="product"><a href="https://www.amazon.com/dp/B0B23VJWWN?tag=eloabder-20&linkCode=osi&th=1&psc=1"><img src="https://m.media-amazon.com/images/I/519YN5vy+eL._SL500_.jpg" alt="Product Image"></a><p>Casa Verde | Variety flavours, 100% Natural food, Pack of 4, Real taste | 100% vegan & Non-GMO, Plant based, No preservatives</p><p>$26.99 ($0.77 / Ounce)</p><a href="https://www.amazon.com/dp/B0B23VJWWN?tag=eloabder-20&linkCode=osi&th=1&psc=1">View Product</a></div><div class="product"><a href="https://www.amazon.com/dp/B071JLJ9Q8?tag=eloabder-20&linkCode=osi&th=1&psc=1"><img src="https://m.media-amazon.com/images/I/51iqkJ5JbAL._SL500_.jpg" alt="Product Image"></a><p>Vegan Snacks Gift Basket for Adults Healthy Food Treats Variety Pack with Cookies, Protein Bars, Candy, Crispy Chips, Vegan Jerky, Fruit and Nut Blends - Ideal Vegan Snack Box Gift for Women & Men</p><p>$42.99 ($2.15 / Count)</p><a href="https://www.amazon.com/dp/B071JLJ9Q8?tag=eloabder-20&linkCode=osi&th=1&psc=1">View Product</a></div><div class="product"><a href="https://www.amazon.com/dp/B086PDWSNC?tag=eloabder-20&linkCode=osi&th=1&psc=1"><img src="https://m.media-amazon.com/images/I/51WO5dIKDjL._SL500_.jpg" alt="Product Image"></a><p>Kitchen & Love Best Sellers Variety Box 6-Pack | Vegan, Ready-to-Eat, No Refrigeration Required | Plant-Based, Gourmet Flavors</p><p>$27.99 ($0.59 / Ounce)</p><a href="https://www.amazon.com/dp/B086PDWSNC?tag=eloabder-20&linkCode=osi&th=1&psc=1">View Product</a></div><div class="product"><a href="https://www.amazon.com/dp/B08QG3CRNP?tag=eloabder-20&linkCode=osi&th=1&psc=1"><img src="https://m.media-amazon.com/images/I/617B3UIbxHL._SL500_.jpg" alt="Product Image"></a><p>Best Foods Vegan Dressing and Spread Vegan 1 ct for a Rich, Creamy Plant-Based Alternative to Mayo Same Great Taste, Plant Based, Free From Eggs 11.5 oz</p><p>$5.59 ($0.49 / Fl Oz)</p><a href="https://www.amazon.com/dp/B08QG3CRNP?tag=eloabder-20&linkCode=osi&th=1&psc=1">View Product</a></div><div class="product"><a href="https://www.amazon.com/dp/B09874VXSX?tag=eloabder-20&linkCode=osi&th=1&psc=1"><img src="https://m.media-amazon.com/images/I/51dRBp+9AzS._SL500_.jpg" alt="Product Image"></a><p>VEGAN VALLEY Cashew Nacho Cheeze Sauce, 14.5 oz - Shelf Stable, Tangy Vegan Nacho Cheeze -Certified Gluten-Free, Kosher, Dairy Free Cheeze -Non-GMO Plant-Based Cheeze Great As Vegan Pasta Sauce, Dip</p><p>$12.97 ($0.89 / Ounce)</p><a href="https://www.amazon.com/dp/B09874VXSX?tag=eloabder-20&linkCode=osi&th=1&psc=1">View Product</a></div><div class="product"><a href="https://www.amazon.com/dp/B076XR11WH?tag=eloabder-20&linkCode=osi&th=1&psc=1"><img src="https://m.media-amazon.com/images/I/41cpFCG2iiL._SL500_.jpg" alt="Product Image"></a><p>NOOCH IT! Fair Trade Dairy-Free Cashew Grated Cheeze | Vegan Parmesan ● Tasty Cheese Alternative | 4oz (Vegan "Parm", Gluten-Free)</p><p>$10.99 ($2.75 / Ounce)</p><a href="https://www.amazon.com/dp/B076XR11WH?tag=eloabder-20&linkCode=osi&th=1&psc=1">View Product</a></div>
<div class="product"><a href="https://www.amazon.com/dp/B09GFBR6MW?tag=eloabder-20&linkCode=osi&th=1&psc=1"><img src="https://m.media-amazon.com/images/I/51Jn8cqk0AL._SL500_.jpg" alt="Product Image"></a><p>Keto Almond Flour Crackers Variety Pack - Gluten Free, Low Carb, No Sugar</p><p>$14.99 ($2.22 / Ounce)</p><a href="https://www.amazon.com/dp/B09GFBR6MW?tag=eloabder-20&linkCode=osi&th=1&psc=1">View Product</a></div><div class="product"><a href="https://www.amazon.com/dp/B07TYW7CQ8?tag=eloabder-20&linkCode=osi&th=1&psc=1"><img src="https://m.media-amazon.com/images/I/51HQ0o0qxrL._SL500_.jpg" alt="Product Image"></a><p>Tillamook Country Smoker Keto Friendly Zero Sugar Smoked Sausages, Original, 10 Ounce</p><p>$11.49 ($1.15 / Ounce)</p><a href="https://www.amazon.com/dp/B07TYW7CQ8?tag=eloabder-20&linkCode=osi&th=1&psc=1">View Product</a></div><div class="product"><a href="https://www.amazon.com/dp/B09VXNV7ZZ?tag=eloabder-20&linkCode=osi&th=1&psc=1"><img src="https://m.media-amazon.com/images/I/51GQQjKLByL._SL500_.jpg" alt="Product Image"></a><p>Keto Strawberry Jam, No Sugar Added - Monk Fruit Sweetened, Gluten Free Spread from ChocZero, 12 oz</p><p>$9.99 ($0.83 / Ounce)</p><a href="https://www.amazon.com/dp/B09VXNV7ZZ?tag=eloabder-20&linkCode=osi&th=1&psc=1">View Product</a></div><div class="product"><a href="https://www.amazon.com/dp/B09GJ1RDS8?tag=eloabder-20&linkCode=osi&th=1&psc=1"><img src="https://m.media-amazon.com/images/I/61fQrPm63ML._SL500_.jpg" alt="Product Image"></a><p>Ratio Soft Baked Bars, Chocolate Brownie, 1g Sugar, Keto Friendly, 5.34 OZ (6 Bars)</p><p>$7.43 ($1.39 / Ounce)</p><a href="https://www.amazon.com/dp/B09GJ1RDS8?tag=eloabder-20&linkCode=osi&th=1&psc=1">View Product</a></div><div class="product"><a href="https://www.amazon.com/dp/B08ZS5VQ4P?tag=eloabder-20&linkCode=osi&th=1&psc=1"><img src="https://m.media-amazon.com/images/I/41bWBXP6BWL._SL500_.jpg" alt="Product Image"></a><p>Legendary Foods 20 gr Protein Pastry - Low Carb Tasty Protein Bar Alternative, Keto Friendly, No Sugar Added High Protein Breakfast Snacks, Gluten Free Keto Food - Brown Sugar Cinnamon (8-Pack)</p><p>$24.95 ($1.42 / Ounce)</p><a href="https://www.amazon.com/dp/B08ZS5VQ4P?tag=eloabder-20&linkCode=osi&th=1&psc=1">View Product</a></div><div class="product"><a href="https://www.amazon.com/dp/B08SHZGKD9?tag=eloabder-20&linkCode=osi&th=1&psc=1"><img src="https://m.media-amazon.com/images/I/51z4hGA4oGL._SL500_.jpg" alt="Product Image"></a><p>ChocZero Milk Chocolate Hazelnut Spread - Keto Friendly, No Sugar Added, Best Low Carb Dessert, Perfect Topping for Almond Flour Pancakes, Naturally Sweetened with Monk Fruit (1 jar, 12 oz)</p><p>$9.59 ($0.80 / Ounce)</p><a href="https://www.amazon.com/dp/B08SHZGKD9?tag=eloabder-20&linkCode=osi&th=1&psc=1">View Product</a></div><div class="product"><a href="https://www.amazon.com/dp/B078YD277Z?tag=eloabder-20&linkCode=osi&th=1&psc=1"><img src="https://m.media-amazon.com/images/I/413KVQlVNYL._SL500_.jpg" alt="Product Image"></a><p>Twin Peaks Low Carb, Keto Friendly Protein Puffs, Nacho Cheese (300g, 21g Protein, 2g Carbs)</p><p>$26.98 ($2.55 / Ounce)</p><a href="https://www.amazon.com/dp/B078YD277Z?tag=eloabder-20&linkCode=osi&th=1&psc=1">View Product</a></div><div class="product"><a href="https://www.amazon.com/dp/B09HYCR8H8?tag=eloabder-20&linkCode=osi&th=1&psc=1"><img src="https://m.media-amazon.com/images/I/51-9H1RUjjL._SL500_.jpg" alt="Product Image"></a><p>Ratio Coconut Almond Granola Cereal, 1g Sugar, Keto Friendly, 8 OZ Resealable Cereal Bag</p><p>$6.98 ($0.87 / Ounce)</p><a href="https://www.amazon.com/dp/B09HYCR8H8?tag=eloabder-20&linkCode=osi&th=1&psc=1">View Product</a></div><div class="product"><a href="https://www.amazon.com/dp/B09L78DG1T?tag=eloabder-20&linkCode=osi&th=1&psc=1"><img src="https://m.media-amazon.com/images/I/41zLTQtCMFL._SL500_.jpg" alt="Product Image"></a><p>Keto Biscuit Zero Carb Mix - Keto and Gluten Free Biscuit Baking Mix - 0g Net Carbs Per Biscuit - Sweetened with Allulose - No Erythritol, Easy to Bake - No Sugar Alcohols - No Nut Flours - Makes 12 Biscuits (23g Mix)</p><p>$12.99 ($1.33 / Ounce)</p><a href="https://www.amazon.com/dp/B09L78DG1T?tag=eloabder-20&linkCode=osi&th=1&psc=1">View Product</a></div>
<div class="product"><a href="https://www.amazon.com/dp/B07D3NS8NW?tag=eloabder-20&linkCode=osi&th=1&psc=1"><img src="https://m.media-amazon.com/images/I/5119qXbMHbL._SL500_.jpg" alt="Product Image"></a><p>Chomps Grass-Fed and Finished Original Beef Jerky Snack Sticks 10-Pack - Keto, Paleo, Whole30, 10g Lean Meat Protein, Gluten-Free, Zero Sugar Food, Non-GMO</p><p>$23.99 ($2.09 / Ounce)</p><a href="https://www.amazon.com/dp/B07D3NS8NW?tag=eloabder-20&linkCode=osi&th=1&psc=1">View Product</a></div><div class="product"><a href="https://www.amazon.com/dp/B01MD0T6G0?tag=eloabder-20&linkCode=osi&th=1&psc=1"><img src="https://m.media-amazon.com/images/I/410g9hhT61L._SL500_.jpg" alt="Product Image"></a><p>Paleo Powder Autoimmune Protocol All Purpose Seasoning | The Original Paleo Aip Seasoning Great for All Paleo Diets | Certified Keto Food, Paleo Whole 30, Aip Food, Gluten Free Seasoning</p><p>$10.99 ($2.75 / Ounce)</p><a href="https://www.amazon.com/dp/B01MD0T6G0?tag=eloabder-20&linkCode=osi&th=1&psc=1">View Product</a></div><div class="product"><a href="https://www.amazon.com/dp/B0844YJVX3?tag=eloabder-20&linkCode=osi&th=1&psc=1"><img src="https://m.media-amazon.com/images/I/51ejTPkppoL._SL500_.jpg" alt="Product Image"></a><p>Kevin's Natural Foods Paleo Simmer Sauce Variety Pack - Stir-Fry Sauce, Gluten Free, No Preservatives, Non-GMO - 3 Pack (Teriyaki/Thai Coconut/Korean BBQ)</p><p>$15.00 ($0.71 / Ounce)</p><a href="https://www.amazon.com/dp/B0844YJVX3?tag=eloabder-20&linkCode=osi&th=1&psc=1">View Product</a></div><div class="product"><a href="https://www.amazon.com/dp/B097CGVXGZ?tag=eloabder-20&linkCode=osi&th=1&psc=1"><img src="https://m.media-amazon.com/images/I/51q6lfDMpKL._SL500_.jpg" alt="Product Image"></a><p>Thunderbird Real Food Bars - Gluten Free, Paleo, Vegan Snack Food Bar Variety Pack - 102 Ounce</p><p>$18.99 ($1.86 / Ounce)</p><a href="https://www.amazon.com/dp/B097CGVXGZ?tag=eloabder-20&linkCode=osi&th=1&psc=1">View Product</a></div><div class="product"><a href="https://www.amazon.com/dp/B07B6N46RZ?tag=eloabder-20&linkCode=osi&th=1&psc=1"><img src="https://m.media-amazon.com/images/I/51VZNI8wYuL._SL500_.jpg" alt="Product Image"></a><p>Caveman Foods Dark Chocolate Almond Coconut (12 Count Box) 1.4 Ounce, Nutrition Bar , NON GMO, GULTEN Free, Paleo Friendly Dark Coconut Dark Chocolate Coconut bars</p><p>$18.55 ($1.10 / Ounce)</p><a href="https://www.amazon.com/dp/B07B6N46RZ?tag=eloabder-20&linkCode=osi&th=1&psc=1">View Product</a></div><div class="product"><a href="https://www.amazon.com/dp/B07TBB5XBT?tag=eloabder-20&linkCode=osi&th=1&psc=1"><img src="https://m.media-amazon.com/images/I/41C-Kn4zXqL._SL500_.jpg" alt="Product Image"></a><p>Paleo AIP Seasoned Breading Mix | Cassava Root with AIP Seasoning Paleo Mix for all Paleo Diets | Certified Keto Food, Gluten Free, No MSG, No Additives, No Anti-Caking Agents, No Added Sugar.</p><p>$11.99 ($1.50 / Ounce)</p><a href="https://www.amazon.com/dp/B07TBB5XBT?tag=eloabder-20&linkCode=osi&th=1&psc=1">View Product</a></div><div class="product"><a href="https://www.amazon.com/dp/B01II47Y94?tag=eloabder-20&linkCode=osi&th=1&psc=1"><img src="https://m.media-amazon.com/images/I/51qQs0vK2+L._SL500_.jpg" alt="Product Image"></a><p>Bearded Brothers Organic Vegan Protein Energy Bars - Gluten & Soy Free Paleo | Non GMO, Low Glycemic, Plant Based Protein, High Fiber | 12pk Six Flavor Variety</p><p>$30.99 ($1.70 / Ounce)</p><a href="https://www.amazon.com/dp/B01II47Y94?tag=eloabder-20&linkCode=osi&th=1&psc=1">View Product</a></div><div class="product"><a href="https://www.amazon.com/dp/B081XYV62N?tag=eloabder-20&linkCode=osi&th=1&psc=1"><img src="https://m.media-amazon.com/images/I/61EH9U076rL._SL500_.jpg" alt="Product Image"></a><p>Paleo Snacks Variety Pack for Adult | Healthy Snack Box [25 Count] Holiday Gift Basket Gluten Free | Mix of Whole Foods, Protein Bars, Crackers, Chips, Puffs, Fruit & Nuts by Snack Attack</p><p>$51.99</p><a href="https://www.amazon.com/dp/B081XYV62N?tag=eloabder-20&linkCode=osi&th=1&psc=1">View Product</a></div><div class="product"><a href="https://www.amazon.com/dp/B07NXF79QB?tag=eloabder-20&linkCode=osi&th=1&psc=1"><img src="https://m.media-amazon.com/images/I/41+l-WTpxlL._SL500_.jpg" alt="Product Image"></a><p>BetterBody Foods Avocado Oil Mayonnaise, Non-GMO Mayo Spread Made with Cage-Free Eggs, Paleo (15 Ounces)</p><p>$7.98 ($0.53 / Fl Oz)</p><a href="https://www.amazon.com/dp/B07NXF79QB?tag=eloabder-20&linkCode=osi&th=1&psc=1">View Product</a></div>
<div class="product"><a href="https://www.amazon.com/dp/B08R6DZXYV?tag=eloabder-20&linkCode=osi&th=1&psc=1"><img src="https://m.media-amazon.com/images/I/514+AzE-ZdL._SL500_.jpg" alt="Product Image"></a><p>The Only Bean - Crunchy Roasted Edamame Beans (Sea Salt) - Keto Snacks (2g Net) - High Protein Healthy Snacks (14g Protein) - Low Carb & Calorie, Gluten-Free Snack, Vegan Food - 4 oz (3 Pack)</p><p>$13.97 ($1.16 / Ounce)</p><a href="https://www.amazon.com/dp/B08R6DZXYV?tag=eloabder-20&linkCode=osi&th=1&psc=1">View Product</a></div><div class="product"><a href="https://www.amazon.com/dp/B081K2H9MT?tag=eloabder-20&linkCode=osi&th=1&psc=1"><img src="https://m.media-amazon.com/images/I/51AY70sTn+L._SL500_.jpg" alt="Product Image"></a><p>Natural Heaven Hearts of Palm Pasta, Angel Hair Noodles - Low Carb Pasta, Gluten-Free, Paleo, Keto Pasta Noodles, Plant-Based Healthy Food, 9 Oz</p><p>$7.98 ($0.89 / Ounce)</p><a href="https://www.amazon.com/dp/B081K2H9MT?tag=eloabder-20&linkCode=osi&th=1&psc=1">View Product</a></div><div class="product"><a href="https://www.amazon.com/dp/B010LWGDMA?tag=eloabder-20&linkCode=osi&th=1&psc=1"><img src="https://m.media-amazon.com/images/I/51a0+d-4GQL._SL500_.jpg" alt="Product Image"></a><p>Atkins Endulge Caramel Nut Chew Bar, Dessert Favorite, 1g Sugar, Good Source of Fiber, Low Sugar, 10 Count</p><p>$12.49 ($1.04 / Ounce)</p><a href="https://www.amazon.com/dp/B010LWGDMA?tag=eloabder-20&linkCode=osi&th=1&psc=1">View Product</a></div><div class="product"><a href="https://www.amazon.com/dp/B092L4RYLD?tag=eloabder-20&linkCode=osi&th=1&psc=1"><img src="https://m.media-amazon.com/images/I/51OTsRP+TZL._SL500_.jpg" alt="Product Image"></a><p>Legendary Foods 20 gr Protein Pastry, Low Carb, Tasty Protein Bar Alternative, Keto Friendly, No Sugar Added, High Protein Breakfast Snacks, Gluten Free Keto Food - Hot Fudge (8-Pack)</p><p>$26.99 ($1.53 / Ounce)</p><a href="https://www.amazon.com/dp/B092L4RYLD?tag=eloabder-20&linkCode=osi&th=1&psc=1">View Product</a></div><div class="product"><a href="https://www.amazon.com/dp/B0B3YG1RSV?tag=eloabder-20&linkCode=osi&th=1&psc=1"><img src="https://m.media-amazon.com/images/I/419gDC2KO3L._SL500_.jpg" alt="Product Image"></a><p>King Arthur Baking Keto Pizza Crust Mix, 1g Net Carbs Per Serving, Low Carb & Keto Friendly, 10.25 oz</p><p>$5.49 ($0.54 / Ounce)</p><a href="https://www.amazon.com/dp/B0B3YG1RSV?tag=eloabder-20&linkCode=osi&th=1&psc=1">View Product</a></div><div class="product"><a href="https://www.amazon.com/dp/B0CJ5MXM5F?tag=eloabder-20&linkCode=osi&th=1&psc=1"><img src="https://m.media-amazon.com/images/I/51sa1DKliOL._SL500_.jpg" alt="Product Image"></a><p>BeyondTwistz Low Carb Pretzels, Garlic Butter, Keto Friendly, 2g Net Carbs, 18g Protein, Powered By HealthSense® High Fiber Wheat Flour, Family Size 8oz Bag, Pack of 1</p><p>$12.99 ($1.62 / Ounce)</p><a href="https://www.amazon.com/dp/B0CJ5MXM5F?tag=eloabder-20&linkCode=osi&th=1&psc=1">View Product</a></div><div class="product"><a href="https://www.amazon.com/dp/B0C95KJ8K6?tag=eloabder-20&linkCode=osi&th=1&psc=1"><img src="https://m.media-amazon.com/images/I/51mYAdV0dDL._SL500_.jpg" alt="Product Image"></a><p>Mr. Tortilla Low Carb Keto Soft Taco Shells, Vegan Healthy Snacks & Bread Alternative, 1 Net Carb 15 Calories Delicious Small Batch Kosher Wraps -(Multigrain, 12 Count)</p><p>$5.99 ($0.50 / Count)</p><a href="https://www.amazon.com/dp/B0C95KJ8K6?tag=eloabder-20&linkCode=osi&th=1&psc=1">View Product</a></div>
<div class="product"><a href="https://www.amazon.com/dp/B0B7S2CQ8L?tag=eloabder-20&linkCode=osi&th=1&psc=1"><img src="https://m.media-amazon.com/images/I/41MUr4yS1EL._SL500_.jpg" alt="Product Image"></a><p>Legendary Foods High Protein Snack - Chocolate Sweet Roll, 20 Gr Protein Bar Alternative, Low Carb Food, Low Sugar - Gluten Free Keto Breakfast Snacks, Healthy Chocolate Flavored Rolls (10-pack)</p><p>$33.99 ($1.44 / Ounce)</p><a href="https://www.amazon.com/dp/B0B7S2CQ8L?tag=eloabder-20&linkCode=osi&th=1&psc=1">View Product</a></div><div class="product"><a href="https://www.amazon.com/dp/B0B2N5GHMG?tag=eloabder-20&linkCode=osi&th=1&psc=1"><img src="https://m.media-amazon.com/images/I/61SWf5ZeiCL._SL500_.jpg" alt="Product Image"></a><p>The Only Bean Crunchy Roasted Edamame - Healthy Snacks for Adults and Kids (Variety Pack), Low Calorie & Carb Keto Snack Food, Vegan Gluten Free High Protein Snacks (11g), Office Snack, 0.9oz 24 pack</p><p>$28.97 ($1.34 / Ounce)</p><a href="https://www.amazon.com/dp/B0B2N5GHMG?tag=eloabder-20&linkCode=osi&th=1&psc=1">View Product</a></div><div class="product"><a href="https://www.amazon.com/dp/B0CZT2LPZJ?tag=eloabder-20&linkCode=osi&th=1&psc=1"><img src="https://m.media-amazon.com/images/I/41XWEdSgdDL._SL500_.jpg" alt="Product Image"></a><p>Crisp Power High Protein Pretzel Crisps - 6 Pack x 1.75 oz Crunchy & Flavorful Plant-Based Snack. No Sugar, 28g Protein Per Pack in 3 Savory Flavors, Vegan, Keto Friendly, Non-GMO, Kosher Non-Dairy (1.75 Ounce (Pack of 6), Everything)</p><p>$19.90 ($1.88 / Ounce)</p><a href="https://www.amazon.com/dp/B0CZT2LPZJ?tag=eloabder-20&linkCode=osi&th=1&psc=1">View Product</a></div><div class="product"><a href="https://www.amazon.com/dp/B09GLBLPYG?tag=eloabder-20&linkCode=osi&th=1&psc=1"><img src="https://m.media-amazon.com/images/I/51i+PQS9qVL._SL500_.jpg" alt="Product Image"></a><p>Quest Nutrition Tortilla Style Protein Chips Variety Pack, Chili Lime, Nacho Cheese, Loaded Taco, Low Carb, High Protein, Gluten Free, 1.1 oz (Pack of 12)</p><p>$29.99 ($2.27 / Ounce)</p><a href="https://www.amazon.com/dp/B09GLBLPYG?tag=eloabder-20&linkCode=osi&th=1&psc=1">View Product</a></div><div class="product"><a href="https://www.amazon.com/dp/B086CHT1TM?tag=eloabder-20&linkCode=osi&th=1&psc=1"><img src="https://m.media-amazon.com/images/I/519WyQYsN0L._SL500_.jpg" alt="Product Image"></a><p>Quest Nutrition Lemon Cake Protein Bars, High Protein, Low Carb, Gluten Free, Keto Friendly, 12 Count (Pack of 1)</p><p>$22.99 ($0.90 / Ounce)</p><a href="https://www.amazon.com/dp/B086CHT1TM?tag=eloabder-20&linkCode=osi&th=1&psc=1">View Product</a></div>
<div class="product"><a href="https://www.amazon.com/dp/B093CGRM2T?tag=eloabder-20&linkCode=osi&th=1&psc=1"><img src="https://m.media-amazon.com/images/I/41HZ8Kc174L._SL500_.jpg" alt="Product Image"></a><p>Farmers' Market Charcuterie Gift for Summer, Wisconsin Cheese, Hickory Smoked Meat, Shelf Stable, Gourmet Meat and Cheese Platter, Small Spicy</p><p>$29.99</p><a href="https://www.amazon.com/dp/B093CGRM2T?tag=eloabder-20&linkCode=osi&th=1&psc=1">View Product</a></div>



Aucun résultat trouvé.
<div class="product"><a href="https://www.amazon.com/dp/B07BQXJ123?tag=eloabder-20&linkCode=osi&th=1&psc=1"><img src="https://m.media-amazon.com/images/I/41h4IsgjbZL._SL500_.jpg" alt="Product Image"></a><p>Squirrel Brand Sweet Brown Butter Cashews, 3.5 Ounces Resealable Bag, Gluten Free, Vegetarian</p><p>$2.74 ($0.78 / Fl Oz)</p><a href="https://www.amazon.com/dp/B07BQXJ123?tag=eloabder-20&linkCode=osi&th=1&psc=1">View Product</a></div><div class="product"><a href="https://www.amazon.com/dp/B003P02EGU?tag=eloabder-20&linkCode=osi&th=1&psc=1"><img src="https://m.media-amazon.com/images/I/51aUMBXF71L._SL500_.jpg" alt="Product Image"></a><p>Sparkling Ice, Black Raspberry Sparkling Water, Zero Sugar Flavored Water, with Vitamins and Antioxidants, Low Calorie Beverage, 17 fl oz Bottles (Pack of 12)</p><p>$9.98 ($0.05 / Fl Oz)</p><a href="https://www.amazon.com/dp/B003P02EGU?tag=eloabder-20&linkCode=osi&th=1&psc=1">View Product</a></div><div class="product"><a href="https://www.amazon.com/dp/B0C6RG22VN?tag=eloabder-20&linkCode=osi&th=1&psc=1"><img src="https://m.media-amazon.com/images/I/31fjAuuWWNL._SL500_.jpg" alt="Product Image"></a><p>Bauducco Vanilla Wafers - Crispy Wafer Cookies With 3 Delicious, Indulgent, Decadent Layers of Vanilla Flavored Cream - Delicious Sweet Snack or Desert - 5.0 oz (Pack of 1)</p><p>$1.59 ($0.32 / Ounce)</p><a href="https://www.amazon.com/dp/B0C6RG22VN?tag=eloabder-20&linkCode=osi&th=1&psc=1">View Product</a></div><div class="product"><a href="https://www.amazon.com/dp/B09W5ZVDD2?tag=eloabder-20&linkCode=osi&th=1&psc=1"><img src="https://m.media-amazon.com/images/I/41SSfHVmdrL._SL500_.jpg" alt="Product Image"></a><p>Cinnamon Toast Crunch Creamy Cinnamon Spread, 10 Ounce</p><p>$2.48 ($0.25 / Ounce)</p><a href="https://www.amazon.com/dp/B09W5ZVDD2?tag=eloabder-20&linkCode=osi&th=1&psc=1">View Product</a></div><div class="product"><a href="https://www.amazon.com/dp/B00L2MWLMK?tag=eloabder-20&linkCode=osi&th=1&psc=1"><img src="https://m.media-amazon.com/images/I/51dBawJ2u9L._SL500_.jpg" alt="Product Image"></a><p>Duncan Hines Dark Chocolate Fudge Brownie Mix, 18.2 OZ</p><p>$1.54 ($0.08 / Ounce)</p><a href="https://www.amazon.com/dp/B00L2MWLMK?tag=eloabder-20&linkCode=osi&th=1&psc=1">View Product</a></div><div class="product"><a href="https://www.amazon.com/dp/B004M15U12?tag=eloabder-20&linkCode=osi&th=1&psc=1"><img src="https://m.media-amazon.com/images/I/51WF3t7pADL._SL500_.jpg" alt="Product Image"></a><p>PLANTERS Deluxe Salted Whole Cashews, Party Snacks, Plant-Based Protein, Quick Snack for Adults, After School Snack, Roasted Cashew Flavored with Sea Salt, Bulk Nuts, Kosher, 1 lb 2.25oz Canister</p><p>$9.98 ($0.55 / Ounce)</p><a href="https://www.amazon.com/dp/B004M15U12?tag=eloabder-20&linkCode=osi&th=1&psc=1">View Product</a></div><div class="product"><a href="https://www.amazon.com/dp/B078J62RYJ?tag=eloabder-20&linkCode=osi&th=1&psc=1"><img src="https://m.media-amazon.com/images/I/51AXLNUF66L._SL500_.jpg" alt="Product Image"></a><p>PLANTERS Deluxe Mixed Nuts, Cashews, Almonds, Pecans, Pistachios, Hazelnuts, Roasted with Sea Salt, Party Snacks, Plant-Based Protein, Quick Snack for Adults, After School Snack, 27oz Container</p><p>$17.51 ($0.65 / Ounce)</p><a href="https://www.amazon.com/dp/B078J62RYJ?tag=eloabder-20&linkCode=osi&th=1&psc=1">View Product</a></div><div class="product"><a href="https://www.amazon.com/dp/B0BSB1D65T?tag=eloabder-20&linkCode=osi&th=1&psc=1"><img src="https://m.media-amazon.com/images/I/51u9sSRdlIL._SL500_.jpg" alt="Product Image"></a><p>PLANTERS Cashews Cinnamon & Brown Sugar, Party Snacks, 5 Oz Bag</p><p>$3.50 ($0.70 / Ounce)</p><a href="https://www.amazon.com/dp/B0BSB1D65T?tag=eloabder-20&linkCode=osi&th=1&psc=1">View Product</a></div><div class="product"><a href="https://www.amazon.com/dp/B0BN4LZ5P3?tag=eloabder-20&linkCode=osi&th=1&psc=1"><img src="https://m.media-amazon.com/images/I/51OLBHQEeSL._SL500_.jpg" alt="Product Image"></a><p>Planters Dry Roasted Bold & Savory Peanuts, Party Snacks, Plant-Based Protein, 16 Oz Jar</p><p>$2.98 ($0.19 / Ounce)</p><a href="https://www.amazon.com/dp/B0BN4LZ5P3?tag=eloabder-20&linkCode=osi&th=1&psc=1">View Product</a></div>

<div class="product"><a href="https://www.amazon.com/dp/B0CJQJYYVQ?tag=eloabder-20&linkCode=osi&th=1&psc=1"><img src="https://m.media-amazon.com/images/I/51mbf3FOrUL._SL500_.jpg" alt="Product Image"></a><p>Dried Fruit and Nuts Gift Baskets, 9 Healthy Varieties of Nuts & Dried Fruit Gifts, Gourmet Prime Candy Basket Delivery, Family Edible Food Ideas for All, Anniversary, Birthday, Care Package, Corporate Gifts</p><p>$24.99 ($24.99 / Count)</p><a href="https://www.amazon.com/dp/B0CJQJYYVQ?tag=eloabder-20&linkCode=osi&th=1&psc=1">View Product</a></div><div class="product"><a href="https://www.amazon.com/dp/B0BRYN42RF?tag=eloabder-20&linkCode=osi&th=1&psc=1"><img src="https://m.media-amazon.com/images/I/61sztsxabsL._SL500_.jpg" alt="Product Image"></a><p>Dried Fruit & Nuts Gift Basket Arrangement Platter, Gourmet Food Snack Box, For Fathers Day, Birthday Care Package, Healthy Kosher - Her Him - 12 Snackberry Assortment (Single)</p><p>$24.99 ($1.03 / Ounce)</p><a href="https://www.amazon.com/dp/B0BRYN42RF?tag=eloabder-20&linkCode=osi&th=1&psc=1">View Product</a></div><div class="product"><a href="https://www.amazon.com/dp/B0CZ4H5N2S?tag=eloabder-20&linkCode=osi&th=1&psc=1"><img src="https://m.media-amazon.com/images/I/51NLO50v2cL._SL500_.jpg" alt="Product Image"></a><p>Variety Dried Fuit Gift Basket, Fathers Day Gift Basket, Gift Box for Birthday. Anniversary, Get Well Gift, Gift for Him, Her and Family, Snackberry (1 Pack)</p><p>$9.99 ($0.62 / Ounce)</p><a href="https://www.amazon.com/dp/B0CZ4H5N2S?tag=eloabder-20&linkCode=osi&th=1&psc=1">View Product</a></div><div class="product"><a href="https://www.amazon.com/dp/B09HW1C373?tag=eloabder-20&linkCode=osi&th=1&psc=1"><img src="https://m.media-amazon.com/images/I/418cDyDC0eL._SL500_.jpg" alt="Product Image"></a><p>Farm Fresh Assorted Nuts Gift Basket - Artfully Arranged Gourmet Nuts and Dried Fruit Collection - Prime Arrangement Platter - Makes a Delicious, Healthy Gift Basket For Holidays, Parties, Corporate Gifts, and More</p><p>$12.99 ($12.99 / Count)</p><a href="https://www.amazon.com/dp/B09HW1C373?tag=eloabder-20&linkCode=osi&th=1&psc=1">View Product</a></div><div class="product"><a href="https://www.amazon.com/dp/B0CRD2MWB9?tag=eloabder-20&linkCode=osi&th=1&psc=1"><img src="https://m.media-amazon.com/images/I/51tT9Jj4hKL._SL500_.jpg" alt="Product Image"></a><p>Happy Birthday Dried Fruit & Nuts Gift Basket Arrangement Platter, Gourmet Food Snack Box, Birthday Care Package, Healthy Kosher, Her Him (9 Assortments)</p><p>$19.99 ($19.99 / Count)</p><a href="https://www.amazon.com/dp/B0CRD2MWB9?tag=eloabder-20&linkCode=osi&th=1&psc=1">View Product</a></div><div class="product"><a href="https://www.amazon.com/dp/B0CHCJK5GN?tag=eloabder-20&linkCode=osi&th=1&psc=1"><img src="https://m.media-amazon.com/images/I/61dpK7BoYbL._SL500_.jpg" alt="Product Image"></a><p>Broadway Basketeers Deluxe Thank You Dried Fruit And Nuts Gift Basket - A Premium Healthy Appreciation Gift - Corporate, Family & Friends</p><p>$32.06</p><a href="https://www.amazon.com/dp/B0CHCJK5GN?tag=eloabder-20&linkCode=osi&th=1&psc=1">View Product</a></div>
<div class="product"><a href="https://www.amazon.com/dp/B078SZHZ82?tag=eloabder-20&linkCode=osi&th=1&psc=1"><img src="https://m.media-amazon.com/images/I/51S82IO04jL._SL500_.jpg" alt="Product Image"></a><p>DEL MONTE FRESH CUT BLUE LAKE Cut Green Beans Canned Vegetables,14.5 Ounce (Pack of 12)</p><p>$12.99 ($0.07 / Ounce)</p><a href="https://www.amazon.com/dp/B078SZHZ82?tag=eloabder-20&linkCode=osi&th=1&psc=1">View Product</a></div>
<div class="product"><a href="https://www.amazon.com/dp/B0C94YG17L?tag=eloabder-20&linkCode=osi&th=1&psc=1"><img src="https://m.media-amazon.com/images/I/51VfC5jp4OL._SL500_.jpg" alt="Product Image"></a><p>Hickory Farms Farmhouse Sausage & Cheese Medium Gift Box | Gourmet Food Basket | Charcuterie | Father's Day Gift | Perfect For Family, Birthday, Sympathy, Congratulations, Retirement, Thinking of You, Father's Day Gift</p><p>$34.99 ($34.99 / Count)</p><a href="https://www.amazon.com/dp/B0C94YG17L?tag=eloabder-20&linkCode=osi&th=1&psc=1">View Product</a></div><div class="product"><a href="https://www.amazon.com/dp/B00K35V3F8?tag=eloabder-20&linkCode=osi&th=1&psc=1"><img src="https://m.media-amazon.com/images/I/41bd0TKnKfL._SL500_.jpg" alt="Product Image"></a><p>Farmers' Market Charcuterie Gift for Summer, Wisconsin Cheese, Hickory Smoked Meat, Shelf Stable, Gourmet Meat and Cheese Platter, Large Original</p><p>$39.99</p><a href="https://www.amazon.com/dp/B00K35V3F8?tag=eloabder-20&linkCode=osi&th=1&psc=1">View Product</a></div><div class="product"><a href="https://www.amazon.com/dp/B0994V3KXV?tag=eloabder-20&linkCode=osi&th=1&psc=1"><img src="https://m.media-amazon.com/images/I/61Zr7E45qvL._SL500_.jpg" alt="Product Image"></a><p>Wisconsin Cheese Company - Specialty 100% Wisconsin Cheese Block Assortment 4 oz. (Pack of 7 Blocks) Cheddar, Pepper Jack, Swiss, Gouda, Cheddar Salami, Smoked Cheddar & Tomato Basil Cheese - Cheese Sampler Gift Set</p><p>$39.99 ($1.43 / Ounce)</p><a href="https://www.amazon.com/dp/B0994V3KXV?tag=eloabder-20&linkCode=osi&th=1&psc=1">View Product</a></div><div class="product"><a href="https://www.amazon.com/dp/B009Y7I2F0?tag=eloabder-20&linkCode=osi&th=1&psc=1"><img src="https://m.media-amazon.com/images/I/41VgrnxieeL._SL500_.jpg" alt="Product Image"></a><p>Wisconsin Cheese Company - 100% Wisconsin Cheddar & Pepper Jack Cheese and Cracker Gift Basket. Large Gourmet Gift Box Assortment. Great for Charcuterie Boards & Gifts.</p><p>$29.99 ($2.11 / Ounce)</p><a href="https://www.amazon.com/dp/B009Y7I2F0?tag=eloabder-20&linkCode=osi&th=1&psc=1">View Product</a></div><div class="product"><a href="https://www.amazon.com/dp/B00FY43IJ2?tag=eloabder-20&linkCode=osi&th=1&psc=1"><img src="https://m.media-amazon.com/images/I/41QN9RXV4RL._SL500_.jpg" alt="Product Image"></a><p>California Delicious Gourmet Cheeseboard Gift, 8 piece set</p><p>$47.98 ($6.00 / Count)</p><a href="https://www.amazon.com/dp/B00FY43IJ2?tag=eloabder-20&linkCode=osi&th=1&psc=1">View Product</a></div><div class="product"><a href="https://www.amazon.com/dp/B0CRM55TF8?tag=eloabder-20&linkCode=osi&th=1&psc=1"><img src="https://m.media-amazon.com/images/I/51Vz3kt14-L._SL500_.jpg" alt="Product Image"></a><p>Farmers' Market Cheese Block Assortment 7oz 6-Pack, Shelf Stable, Pasteurized, Locally Sourced Wisconsin Cheese (Assortment, 6 Count)</p><p>$29.99 ($0.71 / Ounce)</p><a href="https://www.amazon.com/dp/B0CRM55TF8?tag=eloabder-20&linkCode=osi&th=1&psc=1">View Product</a></div>
<div class="product"><a href="https://www.amazon.com/dp/B006GXQHKW?tag=eloabder-20&linkCode=osi&th=1&psc=1"><img src="https://m.media-amazon.com/images/I/41gffgWPG4L._SL500_.jpg" alt="Product Image"></a><p>Old Wisconsin Premium Summer Sausage, 100% Natural Meat, Charcuterie, Ready to Eat, High Protein, Low Carb, Keto, Gluten Free, Original Flavor, 8 Ounce</p><p>$6.09 ($0.76 / Count)</p><a href="https://www.amazon.com/dp/B006GXQHKW?tag=eloabder-20&linkCode=osi&th=1&psc=1">View Product</a></div><div class="product"><a href="https://www.amazon.com/dp/B07PNM9SNJ?tag=eloabder-20&linkCode=osi&th=1&psc=1"><img src="https://m.media-amazon.com/images/I/51XUGii8qrL._SL500_.jpg" alt="Product Image"></a><p>Meat Shredz - Premium Dried Pulled Pork (Variety, 6 Pack) | Gluten Free | High Protein & Low Sugar | Bacon Bits | Dehydrated Backpacking & Camping Food | Shredded, Dried Jerky Chew Snack</p><p>$42.95 ($52.06 / lb)</p><a href="https://www.amazon.com/dp/B07PNM9SNJ?tag=eloabder-20&linkCode=osi&th=1&psc=1">View Product</a></div><div class="product"><a href="https://www.amazon.com/dp/B0CVQWPGC5?tag=eloabder-20&linkCode=osi&th=1&psc=1"><img src="https://m.media-amazon.com/images/I/41M9k0m4dOL._SL500_.jpg" alt="Product Image"></a><p>Olympic Delights Premium Meats and Cheese Gift Box by Dan the Sausageman featuring Summer Sausage, Stuffed Olives, Crackers and Mustard</p><p>$68.95</p><a href="https://www.amazon.com/dp/B0CVQWPGC5?tag=eloabder-20&linkCode=osi&th=1&psc=1">View Product</a></div><div class="product"><a href="https://www.amazon.com/dp/B000FIUQAQ?tag=eloabder-20&linkCode=osi&th=1&psc=1"><img src="https://m.media-amazon.com/images/I/51-jFNA-ZgL._SL500_.jpg" alt="Product Image"></a><p>Hormel Premium No Salt Added Canned Chunk Chicken Breast in Water, 5 Ounce (Pack of 12)</p><p>$25.44 ($0.42 / Ounce)</p><a href="https://www.amazon.com/dp/B000FIUQAQ?tag=eloabder-20&linkCode=osi&th=1&psc=1">View Product</a></div><div class="product"><a href="https://www.amazon.com/dp/B07Y936YWY?tag=eloabder-20&linkCode=osi&th=1&psc=1"><img src="https://m.media-amazon.com/images/I/51cpUvuRIzL._SL500_.jpg" alt="Product Image"></a><p>Jack Link's Beef Jerky, Sweet & Hot, ½ Pounder Bag - Flavorful Meat Snack, 9g of Protein and 80 Calories, Made with Premium Beef - 96 Percent Fat Free, No Added MSG or Nitrates/Nitrites</p><p>$9.99 ($1.25 / Ounce)</p><a href="https://www.amazon.com/dp/B07Y936YWY?tag=eloabder-20&linkCode=osi&th=1&psc=1">View Product</a></div><div class="product"><a href="https://www.amazon.com/dp/B000FK7G20?tag=eloabder-20&linkCode=osi&th=1&psc=1"><img src="https://m.media-amazon.com/images/I/414A4Q9AvAL._SL500_.jpg" alt="Product Image"></a><p>Swanson White and Dark Premium Chunk Canned Chicken Breast in Water, Fully Cooked Chicken, 9.75 OZ Can (Case of 12)</p><p>$35.76 ($0.31 / Ounce)</p><a href="https://www.amazon.com/dp/B000FK7G20?tag=eloabder-20&linkCode=osi&th=1&psc=1">View Product</a></div>
<div class="product"><a href="https://www.amazon.com/dp/B072126PMY?tag=eloabder-20&linkCode=osi&th=1&psc=1"><img src="https://m.media-amazon.com/images/I/51nw4J9x8YL._SL500_.jpg" alt="Product Image"></a><p>Simple Mills Almond Flour Baking Mix, Artisan Bread Mix - Gluten Free, Plant Based, Paleo Friendly, 10.4 Ounce (Pack of 3)</p><p>$23.97 ($0.77 / Ounce)</p><a href="https://www.amazon.com/dp/B072126PMY?tag=eloabder-20&linkCode=osi&th=1&psc=1">View Product</a></div><div class="product"><a href="https://www.amazon.com/dp/B081VPXGJS?tag=eloabder-20&linkCode=osi&th=1&psc=1"><img src="https://m.media-amazon.com/images/I/51j0-+rAaZL._SL500_.jpg" alt="Product Image"></a><p>Essential Baking Company Organic Artisan Sourdough Bread, 18.2 Ounce (Pack of 3)</p><p>$28.65 ($0.52 / Ounce)</p><a href="https://www.amazon.com/dp/B081VPXGJS?tag=eloabder-20&linkCode=osi&th=1&psc=1">View Product</a></div><div class="product"><a href="https://www.amazon.com/dp/B08HSPX7LM?tag=eloabder-20&linkCode=osi&th=1&psc=1"><img src="https://m.media-amazon.com/images/I/41RUhxZCnNL._SL500_.jpg" alt="Product Image"></a><p>Giusto's Vita-Grain All-Natural Artisan Malted Unbleached Bread Flour, 5lb Bag</p><p>$10.95 ($0.14 / Ounce)</p><a href="https://www.amazon.com/dp/B08HSPX7LM?tag=eloabder-20&linkCode=osi&th=1&psc=1">View Product</a></div>
<div class="product"><a href="https://www.amazon.com/dp/B001DDD4DS?tag=eloabder-20&linkCode=osi&th=1&psc=1"><img src="https://m.media-amazon.com/images/I/51osI10x5HL._SL500_.jpg" alt="Product Image"></a><p>Mantova Flavored Extra Virgin Olive Oil Variety Pack: Garlic, Basil, Chili, Lemon Organic Extra Virgin Olive Oil, 8.5-Ounce Per Bottle (Pack of 4) Great Gift Item</p><p>$36.99 ($1.09 / Fl Oz)</p><a href="https://www.amazon.com/dp/B001DDD4DS?tag=eloabder-20&linkCode=osi&th=1&psc=1">View Product</a></div><div class="product"><a href="https://www.amazon.com/dp/B001DDD4E2?tag=eloabder-20&linkCode=osi&th=1&psc=1"><img src="https://m.media-amazon.com/images/I/51cFWLj1kiL._SL500_.jpg" alt="Product Image"></a><p>Mantova Grand’Aroma Flavored Extra Virgin Olive Oils, Variety Gift Set, made in Italy, cold-pressed, 100% natural, heart-healthy, for grilling, barbequing, smoking, and cooking, 8.5 oz (Pack of 4)</p><p>$39.99 ($1.18 / Fl Oz)</p><a href="https://www.amazon.com/dp/B001DDD4E2?tag=eloabder-20&linkCode=osi&th=1&psc=1">View Product</a></div><div class="product"><a href="https://www.amazon.com/dp/B087S41Y1W?tag=eloabder-20&linkCode=osi&th=1&psc=1"><img src="https://m.media-amazon.com/images/I/518tVUgnUkL._SL500_.jpg" alt="Product Image"></a><p>Benissimo Herb Infused Cooking Oil Chef Pack, All Natural Italiano, Roasted Garlic, Mediterranean Garlic, Balsamic Garlic</p><p>$26.99 ($0.79 / Fl Oz)</p><a href="https://www.amazon.com/dp/B087S41Y1W?tag=eloabder-20&linkCode=osi&th=1&psc=1">View Product</a></div><div class="product"><a href="https://www.amazon.com/dp/B08CY8R7TF?tag=eloabder-20&linkCode=osi&th=1&psc=1"><img src="https://m.media-amazon.com/images/I/61pbDfsr-8L._SL500_.jpg" alt="Product Image"></a><p>Infused Extra Virgin Olive Oil Gift Box Set, First Cold Pressed, Variety Pack, 4 bottles x 8.5 fl.oz (250ml), Naturally Infused for Dipping & Tasting, (Gift Box Included), Chili, Garlic, Basil, Rosemary, BASSO1904</p><p>$35.99 ($1.06 / Fl Oz)</p><a href="https://www.amazon.com/dp/B08CY8R7TF?tag=eloabder-20&linkCode=osi&th=1&psc=1">View Product</a></div><div class="product"><a href="https://www.amazon.com/dp/B009HRQ47U?tag=eloabder-20&linkCode=osi&th=1&psc=1"><img src="https://m.media-amazon.com/images/I/41PaTko-dvL._SL500_.jpg" alt="Product Image"></a><p>TruffleHunter - English, Black & White Truffle Oil Set - 3.38 Oz x 3</p><p>$29.70 ($0.10 / Fl Oz)</p><a href="https://www.amazon.com/dp/B009HRQ47U?tag=eloabder-20&linkCode=osi&th=1&psc=1">View Product</a></div><div class="product"><a href="https://www.amazon.com/dp/B07ZZLZBF8?tag=eloabder-20&linkCode=osi&th=1&psc=1"><img src="https://m.media-amazon.com/images/I/51fpIYH949L._SL500_.jpg" alt="Product Image"></a><p>Viva Oliva Six 60ml (2oz) Variety Gift Set - Premium Flavored Extra Virgin Olive Oils (Tuscan Herb, Basil, Mushroom & Sage) and All Natural Balsamic Vinegars (18 Year Traditional, Grapefruit, Black Mission Fig)</p><p>$43.95 ($3.61 / Fl Oz)</p><a href="https://www.amazon.com/dp/B07ZZLZBF8?tag=eloabder-20&linkCode=osi&th=1&psc=1">View Product</a></div><div class="product"><a href="https://www.amazon.com/dp/B0B2LS1J8F?tag=eloabder-20&linkCode=osi&th=1&psc=1"><img src="https://m.media-amazon.com/images/I/41q4RRhEqPL._SL500_.jpg" alt="Product Image"></a><p>Infused Olive Oil Gift Sets - Organic Puglia Olive Oil Sampler Gift Set. Ideal for Italian Gifts and Edible Gift Baskets. Gourmet Olive Oil Gift Box of 5 x 3.45 Fl.Oz.</p><p>$53.80 ($3.16 / Fl Oz)</p><a href="https://www.amazon.com/dp/B0B2LS1J8F?tag=eloabder-20&linkCode=osi&th=1&psc=1">View Product</a></div><div class="product"><a href="https://www.amazon.com/dp/B08P967SSX?tag=eloabder-20&linkCode=osi&th=1&psc=1"><img src="https://m.media-amazon.com/images/I/51HyprLyr5L._SL500_.jpg" alt="Product Image"></a><p>Viva Oliva Four 60ml (2oz) Variety Gift Set - Premium Flavored Extra Virgin Olive Oils (Tuscan Herb & Basil) and All Natural Balsamic Vinegars (18 Year Traditional & Black Mission Fig)</p><p>$33.95 ($4.18 / Fl Oz)</p><a href="https://www.amazon.com/dp/B08P967SSX?tag=eloabder-20&linkCode=osi&th=1&psc=1">View Product</a></div><div class="product"><a href="https://www.amazon.com/dp/B0078DPMQY?tag=eloabder-20&linkCode=osi&th=1&psc=1"><img src="https://m.media-amazon.com/images/I/31qLwvo1tML._SL500_.jpg" alt="Product Image"></a><p>Benissimo Oil Roasted Garlic, 8.1 Ounces</p><p>$11.99 ($1.48 / Ounce)</p><a href="https://www.amazon.com/dp/B0078DPMQY?tag=eloabder-20&linkCode=osi&th=1&psc=1">View Product</a></div>
<div class="product"><a href="https://www.amazon.com/dp/B07MGKCV5Y?tag=eloabder-20&linkCode=osi&th=1&psc=1"><img src="https://m.media-amazon.com/images/I/31tE+o2DanL._SL500_.jpg" alt="Product Image"></a><p>Iberia All Natural Distilled White Vinegar, 1 Gallon - 5% Acidity</p><p>$12.99 ($0.10 / Fl Oz)</p><a href="https://www.amazon.com/dp/B07MGKCV5Y?tag=eloabder-20&linkCode=osi&th=1&psc=1">View Product</a></div><div class="product"><a href="https://www.amazon.com/dp/B07985NMQD?tag=eloabder-20&linkCode=osi&th=1&psc=1"><img src="https://m.media-amazon.com/images/I/41ElEDybjlL._SL500_.jpg" alt="Product Image"></a><p>Lucy's Family Owned - Natural Distilled White Vinegar, 1 Gallon (128 oz) - 5% Acidity (White Vinegar, 1 Gallon (128 fl oz.))</p><p>$17.99 ($0.14 / Fl Oz)</p><a href="https://www.amazon.com/dp/B07985NMQD?tag=eloabder-20&linkCode=osi&th=1&psc=1">View Product</a></div><div class="product"><a href="https://www.amazon.com/dp/B07F7MXPWD?tag=eloabder-20&linkCode=osi&th=1&psc=1"><img src="https://m.media-amazon.com/images/I/51GKn4NVqTL._SL500_.jpg" alt="Product Image"></a><p>Soeos Chinkiang Vinegar 16.9 fl oz (500ml), 3 Years Aged, Naturally Fermented, Mature Aged Black Vinegar, Chinese Black Vinegar, Zhenjiang Vinegar, Black Rice Vinegar, Black Vinegar Chinese.</p><p>$13.99 ($0.83 / Fl Oz)</p><a href="https://www.amazon.com/dp/B07F7MXPWD?tag=eloabder-20&linkCode=osi&th=1&psc=1">View Product</a></div><div class="product"><a href="https://www.amazon.com/dp/B001I7MVG0?tag=eloabder-20&linkCode=osi&th=1&psc=1"><img src="https://m.media-amazon.com/images/I/41HHUOECW2L._SL500_.jpg" alt="Product Image"></a><p>Bragg Organic Raw Apple Cider Vinegar, 32 Ounce - 1 Pack</p><p>$5.99 ($0.19 / Fl Oz)</p><a href="https://www.amazon.com/dp/B001I7MVG0?tag=eloabder-20&linkCode=osi&th=1&psc=1">View Product</a></div><div class="product"><a href="https://www.amazon.com/dp/B07W9HX3MV?tag=eloabder-20&linkCode=osi&th=1&psc=1"><img src="https://m.media-amazon.com/images/I/413FdgpxYrL._SL500_.jpg" alt="Product Image"></a><p>Calyptus 45% Pure Super Concentrated Vinegar | Dilutes to 9 Gallons | 9x Power Concentrate Vinegar | 1 Gallon</p><p>$26.99 ($0.21 / Fl Oz)</p><a href="https://www.amazon.com/dp/B07W9HX3MV?tag=eloabder-20&linkCode=osi&th=1&psc=1">View Product</a></div><div class="product"><a href="https://www.amazon.com/dp/B0052BFNLS?tag=eloabder-20&linkCode=osi&th=1&psc=1"><img src="https://m.media-amazon.com/images/I/31Tfk-0-ybL._SL500_.jpg" alt="Product Image"></a><p>Pompeian Gourmet Red Wine Vinegar, Perfect for Salad Dressings, Marinades & Sauces, Naturally Gluten Free, 30 Ounce</p><p>$4.91 ($0.16 / Fl Oz)</p><a href="https://www.amazon.com/dp/B0052BFNLS?tag=eloabder-20&linkCode=osi&th=1&psc=1">View Product</a></div><div class="product"><a href="https://www.amazon.com/dp/B00AAL6W2Y?tag=eloabder-20&linkCode=osi&th=1&psc=1"><img src="https://m.media-amazon.com/images/I/51dfgVE7orL._SL500_.jpg" alt="Product Image"></a><p>Mantova Organic Flavored Balsamic Vinegar of Modena 4-Variety Pack: Fig, Pear, Pomegranate, & Raspberry; Perfect for Gift Basket, Add to Pasta, Salad, Ice Cream and Cocktails, 8.5 oz per bottle</p><p>$27.99 ($0.82 / Fl Oz)</p><a href="https://www.amazon.com/dp/B00AAL6W2Y?tag=eloabder-20&linkCode=osi&th=1&psc=1">View Product</a></div><div class="product"><a href="https://www.amazon.com/dp/B0BGYTGT7X?tag=eloabder-20&linkCode=osi&th=1&psc=1"><img src="https://m.media-amazon.com/images/I/41huHEExA1L._SL500_.jpg" alt="Product Image"></a><p>Bragg Organic Apple Cider Vinegar With the Mother– Raw, Unfiltered All Natural Ingredients (64 Fl Oz (Pack of 1))</p><p>$13.68 ($0.21 / Fl Oz)</p><a href="https://www.amazon.com/dp/B0BGYTGT7X?tag=eloabder-20&linkCode=osi&th=1&psc=1">View Product</a></div><div class="product"><a href="https://www.amazon.com/dp/B08TZY2TZ8?tag=eloabder-20&linkCode=osi&th=1&psc=1"><img src="https://m.media-amazon.com/images/I/41YwKPQA9rL._SL500_.jpg" alt="Product Image"></a><p>Due Vittorie Oro Gold Balsamic Vinegar of Modena. Highest score from The Consortium of Modena With Cork Pourer - 8.45fl oz / 250ml</p><p>$17.00 ($2.01 / Fl Oz)</p><a href="https://www.amazon.com/dp/B08TZY2TZ8?tag=eloabder-20&linkCode=osi&th=1&psc=1">View Product</a></div>
<div class="product"><a href="https://www.amazon.com/dp/B07HMJWCNL?tag=eloabder-20&linkCode=osi&th=1&psc=1"><img src="https://m.media-amazon.com/images/I/51ayBrtgPUL._SL500_.jpg" alt="Product Image"></a><p>TRUFF Original Black Truffle Hot Sauce, Gourmet Hot Sauce with Ripe Chili Peppers, Black Truffle Oil, Agave Nectar, Unique Flavor Experience in a Bottle, 6 oz.</p><p>$14.99</p><a href="https://www.amazon.com/dp/B07HMJWCNL?tag=eloabder-20&linkCode=osi&th=1&psc=1">View Product</a></div><div class="product"><a href="https://www.amazon.com/dp/B083QT1TPX?tag=eloabder-20&linkCode=osi&th=1&psc=1"><img src="https://m.media-amazon.com/images/I/41mYuAlAFNL._SL500_.jpg" alt="Product Image"></a><p>TRUFF Hot Sauce Variety Pack, Gourmet Hot Sauce Set of Original, Hotter and Limited White Edition, Unique Flavor Experiences with Truffle, 3-Bottle Bundle, 3ct 6oz bottles</p><p>$67.99 ($3.78 / Ounce)</p><a href="https://www.amazon.com/dp/B083QT1TPX?tag=eloabder-20&linkCode=osi&th=1&psc=1">View Product</a></div><div class="product"><a href="https://www.amazon.com/dp/B0BV19S7TR?tag=eloabder-20&linkCode=osi&th=1&psc=1"><img src="https://m.media-amazon.com/images/I/51iGXyqK-pL._SL500_.jpg" alt="Product Image"></a><p>Le Sauce & Co., White Wine Lemon Garlic Gourmet Finishing Sauce (2-pack), Steakhouse Quality Gourmet Sauce, Lemon Sauce, Garlic Sauce, White Wine Sauce, Steak Sauce, Chicken sauce, Lemon Sauce, Cream Sauce,</p><p>$13.94 ($1.55 / Ounce)</p><a href="https://www.amazon.com/dp/B0BV19S7TR?tag=eloabder-20&linkCode=osi&th=1&psc=1">View Product</a></div><div class="product"><a href="https://www.amazon.com/dp/B078JBZBW5?tag=eloabder-20&linkCode=osi&th=1&psc=1"><img src="https://m.media-amazon.com/images/I/51J1qgzr8uL._SL500_.jpg" alt="Product Image"></a><p>Melinda’s Hot Sauce Variety Pack - Extra Spicy Gourmet Hot Sauce Gift Set with Variety of Heat Levels - Includes XXXXtra Reserve, Garlic Habanero, Extra Hot, Mango, Ghost Pepper- 5 oz, 5 Pack</p><p>$21.99 ($0.88 / Fl Oz)</p><a href="https://www.amazon.com/dp/B078JBZBW5?tag=eloabder-20&linkCode=osi&th=1&psc=1">View Product</a></div><div class="product"><a href="https://www.amazon.com/dp/B0BL864XMH?tag=eloabder-20&linkCode=osi&th=1&psc=1"><img src="https://m.media-amazon.com/images/I/51+63Ag8ApL._SL500_.jpg" alt="Product Image"></a><p>Dave's Gourmet Creamy Hot Sauce Variety 4-Pack - Moderate Heat for Flavoring Your Favorite Food</p><p>$30.99 ($0.97 / Ounce)</p><a href="https://www.amazon.com/dp/B0BL864XMH?tag=eloabder-20&linkCode=osi&th=1&psc=1">View Product</a></div>
<div class="product"><a href="https://www.amazon.com/dp/B07WT6GP2F?tag=eloabder-20&linkCode=osi&th=1&psc=1"><img src="https://m.media-amazon.com/images/I/41mEgBeglEL._SL500_.jpg" alt="Product Image"></a><p>Lindt Mini Pralines, Assorted Chocolate Pralines with Premium Filling, Great for gift giving, 6.2 oz Box</p><p>$16.49 ($2.66 / Ounce)</p><a href="https://www.amazon.com/dp/B07WT6GP2F?tag=eloabder-20&linkCode=osi&th=1&psc=1">View Product</a></div><div class="product"><a href="https://www.amazon.com/dp/B01BDI89SW?tag=eloabder-20&linkCode=osi&th=1&psc=1"><img src="https://m.media-amazon.com/images/I/61w5wYyxzKL._SL500_.jpg" alt="Product Image"></a><p>Ferrero Collection, 24 Count, Premium Gourmet Assorted Hazelnut Milk Chocolate, Dark Chocolate and Coconut, 9.1 oz</p><p>$11.97 ($1.32 / Ounce)</p><a href="https://www.amazon.com/dp/B01BDI89SW?tag=eloabder-20&linkCode=osi&th=1&psc=1">View Product</a></div><div class="product"><a href="https://www.amazon.com/dp/B0BHTWFQ5X?tag=eloabder-20&linkCode=osi&th=1&psc=1"><img src="https://m.media-amazon.com/images/I/41K-mIm1WNL._SL500_.jpg" alt="Product Image"></a><p>Lindt LINDOR Assorted Chocolate Truffles 90 Count Gift Box, Chocolate Candy with Smooth, Melting Truffle Center, 38.4 oz. Box</p><p>$33.95 ($0.88 / Ounce)</p><a href="https://www.amazon.com/dp/B0BHTWFQ5X?tag=eloabder-20&linkCode=osi&th=1&psc=1">View Product</a></div><div class="product"><a href="https://www.amazon.com/dp/B00UXI3PLU?tag=eloabder-20&linkCode=osi&th=1&psc=1"><img src="https://m.media-amazon.com/images/I/41Jw-Ek4+CL._SL500_.jpg" alt="Product Image"></a><p>Lindt LINDOR Milk Chocolate Candy Truffles, Milk Chocolate with Melting Truffle Center, 15.2 oz. Bag</p><p>$12.18 ($0.80 / Ounce)</p><a href="https://www.amazon.com/dp/B00UXI3PLU?tag=eloabder-20&linkCode=osi&th=1&psc=1">View Product</a></div>
<div class="product"><a href="https://www.amazon.com/dp/B000SDKDM4?tag=eloabder-20&linkCode=osi&th=1&psc=1"><img src="https://m.media-amazon.com/images/I/41L+oJp7MmL._SL500_.jpg" alt="Product Image"></a><p>Lavazza Super Crema Whole Bean Coffee Blend, light-Medium Espresso Roast, 2.2 Pound (Pack of 1) ,Premium Quality, Aromatic, Mild and creamy</p><p>$18.49 ($0.53 / Ounce)</p><a href="https://www.amazon.com/dp/B000SDKDM4?tag=eloabder-20&linkCode=osi&th=1&psc=1">View Product</a></div><div class="product"><a href="https://www.amazon.com/dp/B0721BGRS9?tag=eloabder-20&linkCode=osi&th=1&psc=1"><img src="https://m.media-amazon.com/images/I/41tHHVMfguL._SL500_.jpg" alt="Product Image"></a><p>Amazon Fresh, Dark Roast, Whole Bean Coffee, 32 Oz</p><p>$19.18 ($0.60 / Ounce)</p><a href="https://www.amazon.com/dp/B0721BGRS9?tag=eloabder-20&linkCode=osi&th=1&psc=1">View Product</a></div><div class="product"><a href="https://www.amazon.com/dp/B003GV7JFE?tag=eloabder-20&linkCode=osi&th=1&psc=1"><img src="https://m.media-amazon.com/images/I/41IKY6hLa9L._SL500_.jpg" alt="Product Image"></a><p>Eight O'Clock Coffee Whole Bean, The Original, 42 Ounce</p><p>$13.98</p><a href="https://www.amazon.com/dp/B003GV7JFE?tag=eloabder-20&linkCode=osi&th=1&psc=1">View Product</a></div><div class="product"><a href="https://www.amazon.com/dp/B07171HMF5?tag=eloabder-20&linkCode=osi&th=1&psc=1"><img src="https://m.media-amazon.com/images/I/41EBDHFVYVL._SL500_.jpg" alt="Product Image"></a><p>Mt. Comfort Coffee Organic Peru Medium Roast, 2.5 Pounds - Flavor Notes of Nutty, Chocolate, & Citrus - Sourced From Small, Peruvian Coffee Farms - Roasted Whole Beans</p><p>$23.19 ($0.58 / Ounce)</p><a href="https://www.amazon.com/dp/B07171HMF5?tag=eloabder-20&linkCode=osi&th=1&psc=1">View Product</a></div><div class="product"><a href="https://www.amazon.com/dp/B006Y7WAHE?tag=eloabder-20&linkCode=osi&th=1&psc=1"><img src="https://m.media-amazon.com/images/I/31VxnI1AuQL._SL500_.jpg" alt="Product Image"></a><p>Cameron's Coffee Roasted Whole Bean Coffee, Breakfast Blend, 32 Ounce, (Pack of 1)</p><p>$10.98 ($0.34 / Ounce)</p><a href="https://www.amazon.com/dp/B006Y7WAHE?tag=eloabder-20&linkCode=osi&th=1&psc=1">View Product</a></div><div class="product"><a href="https://www.amazon.com/dp/B0002E2GQU?tag=eloabder-20&linkCode=osi&th=1&psc=1"><img src="https://m.media-amazon.com/images/I/41f+StbrprL._SL500_.jpg" alt="Product Image"></a><p>Lavazza Crema E Aroma Whole Bean Coffee Blend, 2.2-Pound Bag , Balanced medium roast with an intense, earthy flavor and long lasting crema, Non-GMO</p><p>$17.99 ($0.51 / Ounce)</p><a href="https://www.amazon.com/dp/B0002E2GQU?tag=eloabder-20&linkCode=osi&th=1&psc=1">View Product</a></div><div class="product"><a href="https://www.amazon.com/dp/B005OJ4X32?tag=eloabder-20&linkCode=osi&th=1&psc=1"><img src="https://m.media-amazon.com/images/I/31GzxEGJ-1L._SL500_.jpg" alt="Product Image"></a><p>Lavazza Espresso Barista Gran Crema Whole Bean Coffee Blend, Medium Espresso Roast, Oz Bag (Packaging May Vary) - 2.2 LB, 35.2 Ounce</p><p>$17.99 ($0.51 / Ounce)</p><a href="https://www.amazon.com/dp/B005OJ4X32?tag=eloabder-20&linkCode=osi&th=1&psc=1">View Product</a></div><div class="product"><a href="https://www.amazon.com/dp/B003YVRX5W?tag=eloabder-20&linkCode=osi&th=1&psc=1"><img src="https://m.media-amazon.com/images/I/41Ioxmr1WhL._SL500_.jpg" alt="Product Image"></a><p>Tim Hortons Whole Bean Original, Medium Roast Coffee, Made with 100% Arabica Beans, 32 Ounce Bag</p><p>$15.68 ($0.49 / Ounce)</p><a href="https://www.amazon.com/dp/B003YVRX5W?tag=eloabder-20&linkCode=osi&th=1&psc=1">View Product</a></div><div class="product"><a href="https://www.amazon.com/dp/B016RY0LWO?tag=eloabder-20&linkCode=osi&th=1&psc=1"><img src="https://m.media-amazon.com/images/I/41I6lHKpWrL._SL500_.jpg" alt="Product Image"></a><p>Lavazza Espresso Italiano Whole Bean Coffee Blend, Medium Roast,Premium Quality Arabic, 2.2 Pound (Pack of 1) (Packaging may vary)</p><p>$14.98 ($0.43 / Ounce)</p><a href="https://www.amazon.com/dp/B016RY0LWO?tag=eloabder-20&linkCode=osi&th=1&psc=1">View Product</a></div>
<div class="product"><a href="https://www.amazon.com/dp/B09ZMVM3XJ?tag=eloabder-20&linkCode=osi&th=1&psc=1"><img src="https://m.media-amazon.com/images/I/51IRO3xhEKL._SL500_.jpg" alt="Product Image"></a><p>Gardenika Organic Loose Leaf Tea Sampler – 8 Pack, 1 LB – Herbal and Naturally Caffeine-Free Set - Ayurvedic Assortment Blend</p><p>$29.95 ($29.95 / Count)</p><a href="https://www.amazon.com/dp/B09ZMVM3XJ?tag=eloabder-20&linkCode=osi&th=1&psc=1">View Product</a></div><div class="product"><a href="https://www.amazon.com/dp/B0CVTGJHK9?tag=eloabder-20&linkCode=osi&th=1&psc=1"><img src="https://m.media-amazon.com/images/I/51J-jqFqytL._SL500_.jpg" alt="Product Image"></a><p>Lyon DIY Tea Blending Set-16 Tin Variety Pack-Premium Herbal Tea & Exotic Floral/Fruit Flavor Infusers - Create 75+ Cups w/Assorted Teas, Oolong, Chamomile, Rose, Peach & More</p><p>$44.95 ($6.25 / Ounce)</p><a href="https://www.amazon.com/dp/B0CVTGJHK9?tag=eloabder-20&linkCode=osi&th=1&psc=1">View Product</a></div><div class="product"><a href="https://www.amazon.com/dp/B01AJBV0US?tag=eloabder-20&linkCode=osi&th=1&psc=1"><img src="https://m.media-amazon.com/images/I/516u5DAm7GL._SL500_.jpg" alt="Product Image"></a><p>Tiesta Tea - Lavender Chamomile | Soft Chamomile Herbal Tea | Premium Loose Leaf Tea Blend | Non Caffeinated Herbal Tea | Make Hot or Iced Tea & Brews Up to 25 Cups - 0.9 Ounce Resealable Pouch</p><p>$4.99 ($5.54 / Ounce)</p><a href="https://www.amazon.com/dp/B01AJBV0US?tag=eloabder-20&linkCode=osi&th=1&psc=1">View Product</a></div><div class="product"><a href="https://www.amazon.com/dp/B08VF85JJF?tag=eloabder-20&linkCode=osi&th=1&psc=1"><img src="https://m.media-amazon.com/images/I/517Ac4bB6FL._SL500_.jpg" alt="Product Image"></a><p>Tiesta Tea Top 8 Favorites Sampler Set, Up to 80 Cups, High to No Caffeine, Hot & Iced Tea, Loose Leaf Tea Variety Pack with Green, Herbal, Black & Chai Tea, 8 Sample Pouches</p><p>$22.95 ($3.59 / Ounce)</p><a href="https://www.amazon.com/dp/B08VF85JJF?tag=eloabder-20&linkCode=osi&th=1&psc=1">View Product</a></div><div class="product"><a href="https://www.amazon.com/dp/B08MWDTNTZ?tag=eloabder-20&linkCode=osi&th=1&psc=1"><img src="https://m.media-amazon.com/images/I/51M1TNYBU7L._SL500_.jpg" alt="Product Image"></a><p>Tetley British Blend Premium Black Tea, 320 Tea Bags, Rainforest Alliance Certified, 320 Count (Pack of 1)</p><p>$15.92 ($0.05 / Count)</p><a href="https://www.amazon.com/dp/B08MWDTNTZ?tag=eloabder-20&linkCode=osi&th=1&psc=1">View Product</a></div><div class="product"><a href="https://www.amazon.com/dp/B086R8PDZV?tag=eloabder-20&linkCode=osi&th=1&psc=1"><img src="https://m.media-amazon.com/images/I/41nHau5YdVL._SL500_.jpg" alt="Product Image"></a><p>Buddha Teas - Organic Mushroom Wellness Blend - Herbal Tea - For Health & Wellbeing - With Antioxidants & Minerals - Clean Ingredients - Caffeine Free - OU Kosher & Non-GMO - 18 Tea Bags (Pack of 1).</p><p>$8.25 ($0.46 / Count)</p><a href="https://www.amazon.com/dp/B086R8PDZV?tag=eloabder-20&linkCode=osi&th=1&psc=1">View Product</a></div><div class="product"><a href="https://www.amazon.com/dp/B07CGW59KH?tag=eloabder-20&linkCode=osi&th=1&psc=1"><img src="https://m.media-amazon.com/images/I/611h06lvlUL._SL500_.jpg" alt="Product Image"></a><p>Loose Leaf Tea Sampler Create Your Own Tea Blend Starter Kit w/Sencha, Rooibos, China Black, & Ginger, Lavender, Rose, Lemongrass, Hibiscus Spices</p><p>$29.99</p><a href="https://www.amazon.com/dp/B07CGW59KH?tag=eloabder-20&linkCode=osi&th=1&psc=1">View Product</a></div><div class="product"><a href="https://www.amazon.com/dp/B0CT8JGNB8?tag=eloabder-20&linkCode=osi&th=1&psc=1"><img src="https://m.media-amazon.com/images/I/411PWQNU6BL._SL500_.jpg" alt="Product Image"></a><p>120 Premium Turmeric, Ginger, Cinnamon Blend Tea Bags, 100% Natural & No Additives & Caffeine Free.</p><p>$14.95 ($0.12 / Count)</p><a href="https://www.amazon.com/dp/B0CT8JGNB8?tag=eloabder-20&linkCode=osi&th=1&psc=1">View Product</a></div><div class="product"><a href="https://www.amazon.com/dp/B00OS96DVY?tag=eloabder-20&linkCode=osi&th=1&psc=1"><img src="https://m.media-amazon.com/images/I/51-sK6ajnML._SL500_.jpg" alt="Product Image"></a><p>Harney & Sons Tower of London Black Tea with Vanilla, Black Currant, Caramel, and Honey | 30 sachets, Historic Royal Palaces Collection</p><p>$10.33 ($3.90 / Ounce)</p><a href="https://www.amazon.com/dp/B00OS96DVY?tag=eloabder-20&linkCode=osi&th=1&psc=1">View Product</a></div><div class="product"><a href="https://www.amazon.com/dp/B0BHYBHVJ6?tag=eloabder-20&linkCode=osi&th=1&psc=1"><img src="https://m.media-amazon.com/images/I/51F9trJcmdL._SL500_.jpg" alt="Product Image"></a><p>Organic Sleep Blend Herbal Tea - 50 Packets - Natural Chamomile, Peppermint, Fennel And Tulsi Teabags - USDA Certified 100% Non-GMO - Decaffeinated Designer Gift Tin</p><p>$8.69 ($0.17 / Count)</p><a href="https://www.amazon.com/dp/B0BHYBHVJ6?tag=eloabder-20&linkCode=osi&th=1&psc=1">View Product</a></div>
<div class="product"><a href="https://www.amazon.com/dp/B0BVXD8CX3?tag=eloabder-20&linkCode=osi&th=1&psc=1"><img src="https://m.media-amazon.com/images/I/51hkEiL7c8L._SL500_.jpg" alt="Product Image"></a><p>Simply Organic Herbs, Spices and Seasonings Assorted Variety Sampler Gift Set - By Veher (24-Pack)</p><p>$142.95 ($5.96 / Ounce)</p><a href="https://www.amazon.com/dp/B0BVXD8CX3?tag=eloabder-20&linkCode=osi&th=1&psc=1">View Product</a></div><div class="product"><a href="https://www.amazon.com/dp/B094WXH3KP?tag=eloabder-20&linkCode=osi&th=1&psc=1"><img src="https://m.media-amazon.com/images/I/51mqUk3dM1L._SL500_.jpg" alt="Product Image"></a><p>eonou Encore Seasonings and Spices 10 pk - Premium Cooking Spices and Herbs (Oregano, Rosemary, Basil, Parsley, Italian Seasoning, Cumin, Steak Spice, Chopped Onion, Onion Powder, Thyme)</p><p>$19.99 ($2.00 / Count)</p><a href="https://www.amazon.com/dp/B094WXH3KP?tag=eloabder-20&linkCode=osi&th=1&psc=1">View Product</a></div><div class="product"><a href="https://www.amazon.com/dp/B072N9BLHS?tag=eloabder-20&linkCode=osi&th=1&psc=1"><img src="https://m.media-amazon.com/images/I/519zkN7EgWL._SL500_.jpg" alt="Product Image"></a><p>The Spice Way Herbes De Provence - | 4oz | fresh herbs and spice seasoning</p><p>$6.99 ($1.75 / Ounce)</p><a href="https://www.amazon.com/dp/B072N9BLHS?tag=eloabder-20&linkCode=osi&th=1&psc=1">View Product</a></div><div class="product"><a href="https://www.amazon.com/dp/B0761Z81ZK?tag=eloabder-20&linkCode=osi&th=1&psc=1"><img src="https://m.media-amazon.com/images/I/51tYgb8ntBL._SL500_.jpg" alt="Product Image"></a><p>McCormick Grill Mates Roasted Garlic & Herb Seasoning, 9.25 oz</p><p>$7.43 ($0.80 / Ounce)</p><a href="https://www.amazon.com/dp/B0761Z81ZK?tag=eloabder-20&linkCode=osi&th=1&psc=1">View Product</a></div><div class="product"><a href="https://www.amazon.com/dp/B00CQ7K9J2?tag=eloabder-20&linkCode=osi&th=1&psc=1"><img src="https://m.media-amazon.com/images/I/317BBm1p-TL._SL500_.jpg" alt="Product Image"></a><p>Bragg Sprinkle Herbs and Spices - Salt Free Seasoning, 1.5oz, Single</p><p>$6.99 ($4.66 / Ounce)</p><a href="https://www.amazon.com/dp/B00CQ7K9J2?tag=eloabder-20&linkCode=osi&th=1&psc=1">View Product</a></div><div class="product"><a href="https://www.amazon.com/dp/B003H2S2KI?tag=eloabder-20&linkCode=osi&th=1&psc=1"><img src="https://m.media-amazon.com/images/I/41mr0wk+3mL._SL500_.jpg" alt="Product Image"></a><p>Badia Herbs De Provence, 8 Ounces</p><p>$6.26 ($0.78 / Ounce)</p><a href="https://www.amazon.com/dp/B003H2S2KI?tag=eloabder-20&linkCode=osi&th=1&psc=1">View Product</a></div><div class="product"><a href="https://www.amazon.com/dp/B0BQ4VRJBL?tag=eloabder-20&linkCode=osi&th=1&psc=1"><img src="https://m.media-amazon.com/images/I/41ZxLNNd8mL._SL500_.jpg" alt="Product Image"></a><p>Weber Roasted Garlic & Herb Seasoning, 5.5 Ounce Shaker</p><p>$2.82 ($0.51 / Ounce)</p><a href="https://www.amazon.com/dp/B0BQ4VRJBL?tag=eloabder-20&linkCode=osi&th=1&psc=1">View Product</a></div><div class="product"><a href="https://www.amazon.com/dp/B08KRC7V7J?tag=eloabder-20&linkCode=osi&th=1&psc=1"><img src="https://m.media-amazon.com/images/I/4170CYnZ9WL._SL500_.jpg" alt="Product Image"></a><p>McCormick Salt Free Garlic and Herb Seasoning, 4.37 oz</p><p>$4.68 ($1.07 / Ounce)</p><a href="https://www.amazon.com/dp/B08KRC7V7J?tag=eloabder-20&linkCode=osi&th=1&psc=1">View Product</a></div><div class="product"><a href="https://www.amazon.com/dp/B00IX4WUTY?tag=eloabder-20&linkCode=osi&th=1&psc=1"><img src="https://m.media-amazon.com/images/I/51TAH1ijkqS._SL500_.jpg" alt="Product Image"></a><p>Bragg Sprinkle Herbs and Spices Seasoning, 1.5oz, 3 Pack</p><p>$20.27 ($13.51 / Ounce)</p><a href="https://www.amazon.com/dp/B00IX4WUTY?tag=eloabder-20&linkCode=osi&th=1&psc=1">View Product</a></div>
<div class="product"><a href="https://www.amazon.com/dp/B0BWSKYV63?tag=eloabder-20&linkCode=osi&th=1&psc=1"><img src="https://m.media-amazon.com/images/I/51Q5Je2yRhL._SL500_.jpg" alt="Product Image"></a><p>Welch's Fruit Snacks, Mixed Fruit, Perfect Easter Basket Stuffers, Gluten Free, Bulk Pack, Individual Single Serve Bags, 0.8 oz (Pack of 40)</p><p>$7.99 ($0.25 / Ounce)</p><a href="https://www.amazon.com/dp/B0BWSKYV63?tag=eloabder-20&linkCode=osi&th=1&psc=1">View Product</a></div><div class="product"><a href="https://www.amazon.com/dp/B08826B2XL?tag=eloabder-20&linkCode=osi&th=1&psc=1"><img src="https://m.media-amazon.com/images/I/61DT5pSYXFL._SL500_.jpg" alt="Product Image"></a><p>Frito Lay Ultimate Classic Snacks Package, Variety Assortment of Chips, Cookies, Crackers, & Nuts, (Pack of 40) (Packaging May Vary)</p><p>$26.91</p><a href="https://www.amazon.com/dp/B08826B2XL?tag=eloabder-20&linkCode=osi&th=1&psc=1">View Product</a></div><div class="product"><a href="https://www.amazon.com/dp/B013OY25GA?tag=eloabder-20&linkCode=osi&th=1&psc=1"><img src="https://m.media-amazon.com/images/I/51FlSjX95aL._SL500_.jpg" alt="Product Image"></a><p>Snack Pack Chocolate and Vanilla Flavored Pudding Cups Family Pack, 12 Count Pudding Cups (6 Pack)</p><p>$3.27 ($0.01 / Ounce)</p><a href="https://www.amazon.com/dp/B013OY25GA?tag=eloabder-20&linkCode=osi&th=1&psc=1">View Product</a></div><div class="product"><a href="https://www.amazon.com/dp/B0BWSLB73Z?tag=eloabder-20&linkCode=osi&th=1&psc=1"><img src="https://m.media-amazon.com/images/I/51RWXG4OG6L._SL500_.jpg" alt="Product Image"></a><p>Welch's Fruit Snacks, Fruit Punch & Island Fruits Variety Pack, Perfect for School Lunches, Gluten Free, Bulk Pack, 0.8 oz Individual Single Serve Bags (Pack of 40)</p><p>$8.49 ($0.21 / Count)</p><a href="https://www.amazon.com/dp/B0BWSLB73Z?tag=eloabder-20&linkCode=osi&th=1&psc=1">View Product</a></div><div class="product"><a href="https://www.amazon.com/dp/B09FFXR2VV?tag=eloabder-20&linkCode=osi&th=1&psc=1"><img src="https://m.media-amazon.com/images/I/51SZiftXwcL._SL500_.jpg" alt="Product Image"></a><p>The Only Bean Crunchy Dry Roasted Edamame Snacks (Sea Salt), Keto Snack Food, High Protein (11g) Healthy Snacks, Low Carb Gluten Free Office Vegan Food 100 Calorie Snack Pack, 0.9oz 10 Pack</p><p>$12.72 ($1.41 / Ounce)</p><a href="https://www.amazon.com/dp/B09FFXR2VV?tag=eloabder-20&linkCode=osi&th=1&psc=1">View Product</a></div><div class="product"><a href="https://www.amazon.com/dp/B072151Q32?tag=eloabder-20&linkCode=osi&th=1&psc=1"><img src="https://m.media-amazon.com/images/I/41Rlgfdz90L._SL500_.jpg" alt="Product Image"></a><p>Dole Fruit Bowls No Sugar Added Variety Pack Snacks, Peaches, Mandarin Oranges & Cherry Mixed Fruit, 4oz 12 Cups, Gluten & Dairy Free, Bulk Lunch Snacks for Kids & Adults</p><p>$6.74 ($0.56 / Count)</p><a href="https://www.amazon.com/dp/B072151Q32?tag=eloabder-20&linkCode=osi&th=1&psc=1">View Product</a></div><div class="product"><a href="https://www.amazon.com/dp/B084RDDFGR?tag=eloabder-20&linkCode=osi&th=1&psc=1"><img src="https://m.media-amazon.com/images/I/41eLMpoHGkL._SL500_.jpg" alt="Product Image"></a><p>Kellogg's Rice Krispies Treats, Crispy Marshmallow Squares, Original, School Lunch Snack, 41.9oz Case (54 Count)</p><p>$13.49 ($0.32 / Ounce)</p><a href="https://www.amazon.com/dp/B084RDDFGR?tag=eloabder-20&linkCode=osi&th=1&psc=1">View Product</a></div><div class="product"><a href="https://www.amazon.com/dp/B00G2XNSWQ?tag=eloabder-20&linkCode=osi&th=1&psc=1"><img src="https://m.media-amazon.com/images/I/411XH1pQP8L._SL500_.jpg" alt="Product Image"></a><p>Nutella & GO! Bulk 12 Pack, Hazelnut and Cocoa Spread with Breadsticks, Snack Cups for Kids, 1.8 oz Each</p><p>$11.99 ($0.56 / Ounce)</p><a href="https://www.amazon.com/dp/B00G2XNSWQ?tag=eloabder-20&linkCode=osi&th=1&psc=1">View Product</a></div><div class="product"><a href="https://www.amazon.com/dp/B00KR7PKTC?tag=eloabder-20&linkCode=osi&th=1&psc=1"><img src="https://m.media-amazon.com/images/I/414UW7g-s5L._SL500_.jpg" alt="Product Image"></a><p>Cheez-It Cheese Crackers, Baked Snack Crackers, Lunch Snacks, Variety Pack, 12.1oz Box (12 Packs)</p><p>$5.82 ($0.48 / Ounce)</p><a href="https://www.amazon.com/dp/B00KR7PKTC?tag=eloabder-20&linkCode=osi&th=1&psc=1">View Product</a></div><div class="product"><a href="https://www.amazon.com/dp/B078D7MGY5?tag=eloabder-20&linkCode=osi&th=1&psc=1"><img src="https://m.media-amazon.com/images/I/41ttxloA1AL._SL500_.jpg" alt="Product Image"></a><p>Pringles Potato Crisps Chips, Lunch Snacks, On-the-Go Snacks, Snack Stacks, Variety Pack, 19.3oz Box (27 Cups)</p><p>$12.99 ($0.67 / Ounce)</p><a href="https://www.amazon.com/dp/B078D7MGY5?tag=eloabder-20&linkCode=osi&th=1&psc=1">View Product</a></div>
<div class="product"><a href="https://www.amazon.com/dp/B0C5YLP6PC?tag=eloabder-20&linkCode=osi&th=1&psc=1"><img src="https://m.media-amazon.com/images/I/41Ru-8CxkhL._SL500_.jpg" alt="Product Image"></a><p>3 Pack, Gluten Free Potato Gnocchi, Cooks in 2-3 minutes, (3 x 1 lb), Italian Gnocchi, Product of Italy, NON GMO, Eggs Free, Vegan, by L'Oro Del Sud</p><p>$17.99 ($1.12 / Ounce)</p><a href="https://www.amazon.com/dp/B0C5YLP6PC?tag=eloabder-20&linkCode=osi&th=1&psc=1">View Product</a></div><div class="product"><a href="https://www.amazon.com/dp/B09Q98H64R?tag=eloabder-20&linkCode=osi&th=1&psc=1"><img src="https://m.media-amazon.com/images/I/5101NV4WQOL._SL500_.jpg" alt="Product Image"></a><p>Kraft Gluten Free Original Mac & Cheese Macaroni and Cheese Dinner, 4 ct Pack, 1.9 oz Cups</p><p>$6.49 ($0.85 / Ounce)</p><a href="https://www.amazon.com/dp/B09Q98H64R?tag=eloabder-20&linkCode=osi&th=1&psc=1">View Product</a></div><div class="product"><a href="https://www.amazon.com/dp/B0BRBWXDTK?tag=eloabder-20&linkCode=osi&th=1&psc=1"><img src="https://m.media-amazon.com/images/I/41Di2iNnMJL._SL500_.jpg" alt="Product Image"></a><p>Katz Gluten Free Oatmeal Crème Pies| Dairy Free, Nut Free, Soy Free, Gluten Free | Kosher (1 Pack 6.3 Ounce)</p><p>$12.99 ($2.16 / Ounce)</p><a href="https://www.amazon.com/dp/B0BRBWXDTK?tag=eloabder-20&linkCode=osi&th=1&psc=1">View Product</a></div><div class="product"><a href="https://www.amazon.com/dp/B01JJ9H1Q8?tag=eloabder-20&linkCode=osi&th=1&psc=1"><img src="https://m.media-amazon.com/images/I/41EC1yykptL._SL500_.jpg" alt="Product Image"></a><p>King Arthur, Measure for Measure Flour, Certified Gluten-Free, Non-GMO Project Verified, Certified Kosher, 3 Pounds, Packaging May Vary</p><p>$8.62 ($0.18 / Ounce)</p><a href="https://www.amazon.com/dp/B01JJ9H1Q8?tag=eloabder-20&linkCode=osi&th=1&psc=1">View Product</a></div><div class="product"><a href="https://www.amazon.com/dp/B07CL1SRNB?tag=eloabder-20&linkCode=osi&th=1&psc=1"><img src="https://m.media-amazon.com/images/I/51jpv3MCzgL._SL500_.jpg" alt="Product Image"></a><p>Snyder's of Hanover, Gluten Free Pretzels, 8 Oz</p><p>$4.89 ($0.61 / Ounce)</p><a href="https://www.amazon.com/dp/B07CL1SRNB?tag=eloabder-20&linkCode=osi&th=1&psc=1">View Product</a></div><div class="product"><a href="https://www.amazon.com/dp/B004TSXNIA?tag=eloabder-20&linkCode=osi&th=1&psc=1"><img src="https://m.media-amazon.com/images/I/5137tUox+SL._SL500_.jpg" alt="Product Image"></a><p>Annie's Gluten Free Cocoa and Vanilla Bunny Cookies, 6.75 oz</p><p>$4.22 ($0.62 / Ounce)</p><a href="https://www.amazon.com/dp/B004TSXNIA?tag=eloabder-20&linkCode=osi&th=1&psc=1">View Product</a></div><div class="product"><a href="https://www.amazon.com/dp/B00GI9B84O?tag=eloabder-20&linkCode=osi&th=1&psc=1"><img src="https://m.media-amazon.com/images/I/41e7kO-b3WS._SL500_.jpg" alt="Product Image"></a><p>Mom's Place Gluten Free Beef Stroganoff Mix</p><p>$5.99 ($5.99 / Count)</p><a href="https://www.amazon.com/dp/B00GI9B84O?tag=eloabder-20&linkCode=osi&th=1&psc=1">View Product</a></div><div class="product"><a href="https://www.amazon.com/dp/B0BXQWVL1Q?tag=eloabder-20&linkCode=osi&th=1&psc=1"><img src="https://m.media-amazon.com/images/I/413idrGl7fL._SL500_.jpg" alt="Product Image"></a><p>Simple Mills Almond Flour Snack Bars (Chocolate Brownie) with Organic Coconut Oil, Chia Seeds, Sunflower Seeds, and Flax Seeds, 6oz, 1 Count</p><p>$4.50 ($0.75 / Ounce)</p><a href="https://www.amazon.com/dp/B0BXQWVL1Q?tag=eloabder-20&linkCode=osi&th=1&psc=1">View Product</a></div><div class="product"><a href="https://www.amazon.com/dp/B09Z9QV2CT?tag=eloabder-20&linkCode=osi&th=1&psc=1"><img src="https://m.media-amazon.com/images/I/41pnXqKjS7L._SL500_.jpg" alt="Product Image"></a><p>Mom's Place Gluten Free Biscuits & Gravy Mix</p><p>$8.99 ($0.67 / Ounce)</p><a href="https://www.amazon.com/dp/B09Z9QV2CT?tag=eloabder-20&linkCode=osi&th=1&psc=1">View Product</a></div>
<div class="product"><a href="https://www.amazon.com/dp/B0BNZF5CCM?tag=eloabder-20&linkCode=osi&th=1&psc=1"><img src="https://m.media-amazon.com/images/I/61ZB1KesX-L._SL500_.jpg" alt="Product Image"></a><p>Midi International Snack Box | Premium Exotic Foreign Snacks | Unique Snack Food Gifts Included | Purple Theme Box | Candies from Around the World | 12 Full-Size + 1 Bonus Snacks</p><p>$14.95 ($14.95 / Count)</p><a href="https://www.amazon.com/dp/B0BNZF5CCM?tag=eloabder-20&linkCode=osi&th=1&psc=1">View Product</a></div><div class="product"><a href="https://www.amazon.com/dp/B08W72N8SM?tag=eloabder-20&linkCode=osi&th=1&psc=1"><img src="https://m.media-amazon.com/images/I/61UC7bprqkL._SL500_.jpg" alt="Product Image"></a><p>Midi International Snack Box | Premium Exotic Foreign Snacks | Unique Snack Food Gifts Included | Fantastic Space Theme | Candies from Around the World | 12 Full-Size + 1 Bonus Snacks</p><p>$14.99 ($1.25 / Count)</p><a href="https://www.amazon.com/dp/B08W72N8SM?tag=eloabder-20&linkCode=osi&th=1&psc=1">View Product</a></div><div class="product"><a href="https://www.amazon.com/dp/B0C6PRVVJY?tag=eloabder-20&linkCode=osi&th=1&psc=1"><img src="https://m.media-amazon.com/images/I/61o8Z3EzSnL._SL500_.jpg" alt="Product Image"></a><p>International Exotic Snack Box Variety Pack, 22 Count Premium Foreign Rare Snack Food Gifts with Suprise Item for Fun, Mystery Box of Snacks, European Snacks for Adults and Kids</p><p>$29.95</p><a href="https://www.amazon.com/dp/B0C6PRVVJY?tag=eloabder-20&linkCode=osi&th=1&psc=1">View Product</a></div><div class="product"><a href="https://www.amazon.com/dp/B09T7B3QFJ?tag=eloabder-20&linkCode=osi&th=1&psc=1"><img src="https://m.media-amazon.com/images/I/61Xx7pPJCkL._SL500_.jpg" alt="Product Image"></a><p>Universal Yums International Snack Box | Variety Pack Of Chips, Candy, Chocolates, And Snacks From Around The World | Foreign Snacks For Office, Family, Gifts, And Parties | (50 Exotic Snacks)</p><p>$49.50</p><a href="https://www.amazon.com/dp/B09T7B3QFJ?tag=eloabder-20&linkCode=osi&th=1&psc=1">View Product</a></div><div class="product"><a href="https://www.amazon.com/dp/B08W71KXLS?tag=eloabder-20&linkCode=osi&th=1&psc=1"><img src="https://m.media-amazon.com/images/I/61dcTJQFmBL._SL500_.jpg" alt="Product Image"></a><p>Midi International Snack Box | Premium Exotic Foreign Snacks | Unique Snack Food Gifts Included | Picnic Box Theme | Candies from Around the World | 12 Full-Size + 1 Bonus Snacks</p><p>$14.99 ($14.99 / Count)</p><a href="https://www.amazon.com/dp/B08W71KXLS?tag=eloabder-20&linkCode=osi&th=1&psc=1">View Product</a></div><div class="product"><a href="https://www.amazon.com/dp/B09TG6WCBC?tag=eloabder-20&linkCode=osi&th=1&psc=1"><img src="https://m.media-amazon.com/images/I/61lmk368l0L._SL500_.jpg" alt="Product Image"></a><p>Midi International Snack Box (Fairy Tale Themed) | Snacks Variety Pack of International Treats | Foreign Snack Box Offering Unique Experience | Mix Care Pack of Turkish Candies | 12 Full-Size Snacks</p><p>$14.99 ($1.00 / Ounce)</p><a href="https://www.amazon.com/dp/B09TG6WCBC?tag=eloabder-20&linkCode=osi&th=1&psc=1">View Product</a></div><div class="product"><a href="https://www.amazon.com/dp/B0BNZCVDYQ?tag=eloabder-20&linkCode=osi&th=1&psc=1"><img src="https://m.media-amazon.com/images/I/61aTXvWjbSL._SL500_.jpg" alt="Product Image"></a><p>Midi International Snack Box | Premium Exotic Foreign Snacks | Unique Snack Food Gifts Included | Orange Nebula Space Theme | Candies from Around the World | 12 Full-Size + 1 Bonus Snacks</p><p>$14.99 ($14.99 / Count)</p><a href="https://www.amazon.com/dp/B0BNZCVDYQ?tag=eloabder-20&linkCode=osi&th=1&psc=1">View Product</a></div><div class="product"><a href="https://www.amazon.com/dp/B0CK8DWXS2?tag=eloabder-20&linkCode=osi&th=1&psc=1"><img src="https://m.media-amazon.com/images/I/511Z-FX62TL._SL500_.jpg" alt="Product Image"></a><p>Mega International Snack Box | Premium Exotic Foreign Snacks | Unique Snack Food Gifts Included | Try Extraordinary Turkish Snacks | Candies from Around the World | 32+1 Full-Size Snacks</p><p>$39.95 ($1.00 / Ounce)</p><a href="https://www.amazon.com/dp/B0CK8DWXS2?tag=eloabder-20&linkCode=osi&th=1&psc=1">View Product</a></div><div class="product"><a href="https://www.amazon.com/dp/B0CGRMR7VN?tag=eloabder-20&linkCode=osi&th=1&psc=1"><img src="https://m.media-amazon.com/images/I/51PgWRUNnkL._SL500_.jpg" alt="Product Image"></a><p>Turkish Foreign Snack Box, Gourmet Turkish Food Gift Box, Variety of Unique Sweets and Savory Snacks from Turkey - International Snacks Box - Full Sized Snacks - 24ct</p><p>$23.99 ($1.00 / Count)</p><a href="https://www.amazon.com/dp/B0CGRMR7VN?tag=eloabder-20&linkCode=osi&th=1&psc=1">View Product</a></div>
<div class="product"><a href="https://www.amazon.com/dp/B001EQ5NHE?tag=eloabder-20&linkCode=osi&th=1&psc=1"><img src="https://m.media-amazon.com/images/I/51Kg06c5YuL._SL500_.jpg" alt="Product Image"></a><p>Spam Classic, 12 Ounce Can (Pack of 12)</p><p>$28.32 ($0.20 / Ounce)</p><a href="https://www.amazon.com/dp/B001EQ5NHE?tag=eloabder-20&linkCode=osi&th=1&psc=1">View Product</a></div><div class="product"><a href="https://www.amazon.com/dp/B08DQ6422D?tag=eloabder-20&linkCode=osi&th=1&psc=1"><img src="https://m.media-amazon.com/images/I/51-xOj2EbVL._SL500_.jpg" alt="Product Image"></a><p>Del Monte Cut Blue Lake Green Beans With No Added Salt 14.5 Oz,(Pack of 4)</p><p>$5.28 ($0.09 / Ounce)</p><a href="https://www.amazon.com/dp/B08DQ6422D?tag=eloabder-20&linkCode=osi&th=1&psc=1">View Product</a></div><div class="product"><a href="https://www.amazon.com/dp/B089PMW6C3?tag=eloabder-20&linkCode=osi&th=1&psc=1"><img src="https://m.media-amazon.com/images/I/41fKtFm2RAL._SL500_.jpg" alt="Product Image"></a><p>SpaghettiOs Canned Pasta with Meatballs, 15.6 oz Can (Pack of 12)</p><p>$11.44 ($0.06 / Ounce)</p><a href="https://www.amazon.com/dp/B089PMW6C3?tag=eloabder-20&linkCode=osi&th=1&psc=1">View Product</a></div><div class="product"><a href="https://www.amazon.com/dp/B006VS7C60?tag=eloabder-20&linkCode=osi&th=1&psc=1"><img src="https://m.media-amazon.com/images/I/51adZb-RUeL._SL500_.jpg" alt="Product Image"></a><p>Campbell’s Pork and Beans, 11 Oz Can (Case of 24)</p><p>$20.64 ($0.08 / Ounce)</p><a href="https://www.amazon.com/dp/B006VS7C60?tag=eloabder-20&linkCode=osi&th=1&psc=1">View Product</a></div><div class="product"><a href="https://www.amazon.com/dp/B00CPDWTBI?tag=eloabder-20&linkCode=osi&th=1&psc=1"><img src="https://m.media-amazon.com/images/I/61M2-LCC5uL._SL500_.jpg" alt="Product Image"></a><p>DEL MONTE FRESH CUT Whole New Canned Potatoes, Canned Vegetables, 12 Pack, 14.5 oz Can</p><p>$17.76 ($0.10 / Ounce)</p><a href="https://www.amazon.com/dp/B00CPDWTBI?tag=eloabder-20&linkCode=osi&th=1&psc=1">View Product</a></div><div class="product"><a href="https://www.amazon.com/dp/B00TFPKEZM?tag=eloabder-20&linkCode=osi&th=1&psc=1"><img src="https://m.media-amazon.com/images/I/51VTHItyaXL._SL500_.jpg" alt="Product Image"></a><p>Del Monte Canned Fresh Cut French Style Green Beans, 8 Ounce (Pack of 12)</p><p>$16.68 ($0.17 / Ounce)</p><a href="https://www.amazon.com/dp/B00TFPKEZM?tag=eloabder-20&linkCode=osi&th=1&psc=1">View Product</a></div><div class="product"><a href="https://www.amazon.com/dp/B08WR5J62L?tag=eloabder-20&linkCode=osi&th=1&psc=1"><img src="https://m.media-amazon.com/images/I/51QjonsN18L._SL500_.jpg" alt="Product Image"></a><p>Chicken of the Sea Chunk Light Tuna in Water, Wild Caught Tuna, 5-Ounce Cans (Pack of 10)</p><p>$8.90 ($2.85 / lb)</p><a href="https://www.amazon.com/dp/B08WR5J62L?tag=eloabder-20&linkCode=osi&th=1&psc=1">View Product</a></div><div class="product"><a href="https://www.amazon.com/dp/B01MQ6BDM0?tag=eloabder-20&linkCode=osi&th=1&psc=1"><img src="https://m.media-amazon.com/images/I/51chxbCoRfL._SL500_.jpg" alt="Product Image"></a><p>Libby's Vienna Sausage in Chicken Broth, Canned Sausage, 4.6 OZ (Pack of 24)</p><p>$23.52 ($0.98 / Count)</p><a href="https://www.amazon.com/dp/B01MQ6BDM0?tag=eloabder-20&linkCode=osi&th=1&psc=1">View Product</a></div><div class="product"><a href="https://www.amazon.com/dp/B01NBFQ8TF?tag=eloabder-20&linkCode=osi&th=1&psc=1"><img src="https://m.media-amazon.com/images/I/41ijyPglLPL._SL500_.jpg" alt="Product Image"></a><p>Bush's Best Baked Beans, Country Style with Bacon and Brown Sugar, 8.3 OZ (Pack of 12)</p><p>$20.28 ($1.69 / Count)</p><a href="https://www.amazon.com/dp/B01NBFQ8TF?tag=eloabder-20&linkCode=osi&th=1&psc=1">View Product</a></div><div class="product"><a href="https://www.amazon.com/dp/B019YHSNGC?tag=eloabder-20&linkCode=osi&th=1&psc=1"><img src="https://m.media-amazon.com/images/I/51oHYkvLL0L._SL500_.jpg" alt="Product Image"></a><p>Bumble Bee Chunk Light Tuna In Water, 5 oz Cans (Pack of 24) - Wild Caught Skipjack Tuna - 23g Protein Per Serving - MSC Certified Sustainable Seafood, Non-GMO, Gluten Free, Kosher</p><p>$23.36 ($0.19 / Ounce)</p><a href="https://www.amazon.com/dp/B019YHSNGC?tag=eloabder-20&linkCode=osi&th=1&psc=1">View Product</a></div>
<div class="product"><a href="https://www.amazon.com/dp/B07KQNNW9K?tag=eloabder-20&linkCode=osi&th=1&psc=1"><img src="https://m.media-amazon.com/images/I/51EVSxp535L._SL500_.jpg" alt="Product Image"></a><p>HORMEL COMPLEATS Protein Variety Pack Microwave Trays (Pack of 5)</p><p>$14.99 ($0.33 / Ounce)</p><a href="https://www.amazon.com/dp/B07KQNNW9K?tag=eloabder-20&linkCode=osi&th=1&psc=1">View Product</a></div><div class="product"><a href="https://www.amazon.com/dp/B000V1JVAI?tag=eloabder-20&linkCode=osi&th=1&psc=1"><img src="https://m.media-amazon.com/images/I/51moeAwg0qL._SL500_.jpg" alt="Product Image"></a><p>HORMEL COMPLEATS Meatloaf & Gravy With Mashed Potatoes Microwave Tray, 9 oz. (6 Pack)</p><p>$13.68 ($0.25 / Ounce)</p><a href="https://www.amazon.com/dp/B000V1JVAI?tag=eloabder-20&linkCode=osi&th=1&psc=1">View Product</a></div><div class="product"><a href="https://www.amazon.com/dp/B001E55YXS?tag=eloabder-20&linkCode=osi&th=1&psc=1"><img src="https://m.media-amazon.com/images/I/51f7Q-awP2L._SL500_.jpg" alt="Product Image"></a><p>HORMEL COMPLEATS Beef Pot Roast Microwave Tray, 9 Ounce (Pack of 6)</p><p>$13.68 ($0.25 / Ounce)</p><a href="https://www.amazon.com/dp/B001E55YXS?tag=eloabder-20&linkCode=osi&th=1&psc=1">View Product</a></div><div class="product"><a href="https://www.amazon.com/dp/B001E52XGO?tag=eloabder-20&linkCode=osi&th=1&psc=1"><img src="https://m.media-amazon.com/images/I/513-IE78MvL._SL500_.jpg" alt="Product Image"></a><p>HORMEL COMPLEATS Turkey & Dressing Microwave Tray, 10 oz. (6 Pack)</p><p>$13.68 ($0.23 / Ounce)</p><a href="https://www.amazon.com/dp/B001E52XGO?tag=eloabder-20&linkCode=osi&th=1&psc=1">View Product</a></div><div class="product"><a href="https://www.amazon.com/dp/B01JLWGOCA?tag=eloabder-20&linkCode=osi&th=1&psc=1"><img src="https://m.media-amazon.com/images/I/41JtN2c2Y3L._SL500_.jpg" alt="Product Image"></a><p>Idahoan Four Cheese Mashed Potatoes, Made with Gluten-Free 100-Percent Real Idaho Potatoes, 1.5 oz Cup (Pack of 10)</p><p>$11.23 ($0.75 / Ounce)</p><a href="https://www.amazon.com/dp/B01JLWGOCA?tag=eloabder-20&linkCode=osi&th=1&psc=1">View Product</a></div><div class="product"><a href="https://www.amazon.com/dp/B08P3SVWFR?tag=eloabder-20&linkCode=osi&th=1&psc=1"><img src="https://m.media-amazon.com/images/I/51Q7KX85dtL._SL500_.jpg" alt="Product Image"></a><p>StarKist Premium White Chicken - 2.6 oz Pouch (Pack of 12)</p><p>$15.06 ($0.48 / Ounce)</p><a href="https://www.amazon.com/dp/B08P3SVWFR?tag=eloabder-20&linkCode=osi&th=1&psc=1">View Product</a></div><div class="product"><a href="https://www.amazon.com/dp/B001E52WAG?tag=eloabder-20&linkCode=osi&th=1&psc=1"><img src="https://m.media-amazon.com/images/I/51dV9dBtkEL._SL500_.jpg" alt="Product Image"></a><p>Dinty Moore Beef Stew, 9-Ounce Packages (Pack of 6)</p><p>$17.34 ($0.32 / Ounce)</p><a href="https://www.amazon.com/dp/B001E52WAG?tag=eloabder-20&linkCode=osi&th=1&psc=1">View Product</a></div><div class="product"><a href="https://www.amazon.com/dp/B0BTQWY5LL?tag=eloabder-20&linkCode=osi&th=1&psc=1"><img src="https://m.media-amazon.com/images/I/61dN-t0ureL._SL500_.jpg" alt="Product Image"></a><p>MISS OLIVE'S Variety Pack Microwavable Low Sodium Ready Meals (Bundle of 6)-1 of each flavor</p><p>$26.49 ($0.63 / Ounce)</p><a href="https://www.amazon.com/dp/B0BTQWY5LL?tag=eloabder-20&linkCode=osi&th=1&psc=1">View Product</a></div><div class="product"><a href="https://www.amazon.com/dp/B0111Y7PO2?tag=eloabder-20&linkCode=osi&th=1&psc=1"><img src="https://m.media-amazon.com/images/I/51ReJtj0zJL._SL500_.jpg" alt="Product Image"></a><p>HORMEL COMPLEATS Rice & Chicken Microwave Tray, 7.5 Ounces (Pack of 7)</p><p>$15.96 ($0.30 / Ounce)</p><a href="https://www.amazon.com/dp/B0111Y7PO2?tag=eloabder-20&linkCode=osi&th=1&psc=1">View Product</a></div><div class="product"><a href="https://www.amazon.com/dp/B09GL33XZG?tag=eloabder-20&linkCode=osi&th=1&psc=1"><img src="https://m.media-amazon.com/images/I/41tbj+XvZLL._SL500_.jpg" alt="Product Image"></a><p>HMR Ultimate Entrée Pack | Pre-packaged Lunch or Dinner to Support Weight Loss | Pack of 17 Ready to Eat Meals | 10-20 grams of Protein per Entrée | Low Calorie Food | 7-8oz Servings per Meal</p><p>$89.99</p><a href="https://www.amazon.com/dp/B09GL33XZG?tag=eloabder-20&linkCode=osi&th=1&psc=1">View Product</a></div>
<div class="product"><a href="https://www.amazon.com/dp/B00I9VBMLI?tag=eloabder-20&linkCode=osi&th=1&psc=1"><img src="https://m.media-amazon.com/images/I/51kyWWI+vRL._SL500_.jpg" alt="Product Image"></a><p>Chef Boyardee Beef Ravioli, 15 oz, 4 Pack</p><p>$4.48 ($0.07 / Count)</p><a href="https://www.amazon.com/dp/B00I9VBMLI?tag=eloabder-20&linkCode=osi&th=1&psc=1">View Product</a></div>
<div class="product"><a href="https://www.amazon.com/dp/B0CJCXLDSP?tag=eloabder-20&linkCode=osi&th=1&psc=1"><img src="https://m.media-amazon.com/images/I/41uUHvJRp2L._SL500_.jpg" alt="Product Image"></a><p>ARM & HAMMER Baking Soda Made in USA, Ideal for Baking, Pure & Natural, 2.7lb Bag</p><p>$7.99 ($0.18 / Ounce)</p><a href="https://www.amazon.com/dp/B0CJCXLDSP?tag=eloabder-20&linkCode=osi&th=1&psc=1">View Product</a></div><div class="product"><a href="https://www.amazon.com/dp/B07JFLXZQV?tag=eloabder-20&linkCode=osi&th=1&psc=1"><img src="https://m.media-amazon.com/images/I/41mGwlHTcmL._SL500_.jpg" alt="Product Image"></a><p>Vanilla Bean Paste for Baking and Cooking - Gourmet Madagascar Bourbon Blend made with Real Vanilla Seeds - 4 Ounces</p><p>$14.99 ($3.75 / Ounce)</p><a href="https://www.amazon.com/dp/B07JFLXZQV?tag=eloabder-20&linkCode=osi&th=1&psc=1">View Product</a></div><div class="product"><a href="https://www.amazon.com/dp/B0046EJ570?tag=eloabder-20&linkCode=osi&th=1&psc=1"><img src="https://m.media-amazon.com/images/I/31TFd1IdsRL._SL500_.jpg" alt="Product Image"></a><p>Watkins All Natural Original Gourmet Baking Vanilla, with Pure Vanilla Extract, 11 Fl Oz (Pack of 1) - Packaging May Vary</p><p>$12.35 ($1.12 / Fl Oz)</p><a href="https://www.amazon.com/dp/B0046EJ570?tag=eloabder-20&linkCode=osi&th=1&psc=1">View Product</a></div><div class="product"><a href="https://www.amazon.com/dp/B00PMUNEK6?tag=eloabder-20&linkCode=osi&th=1&psc=1"><img src="https://m.media-amazon.com/images/I/41LZqR+JNZL._SL500_.jpg" alt="Product Image"></a><p>10 Organic Madagascar Vanilla Beans Whole Grade A Vanilla Pods for Vanilla Extract and Baking</p><p>$11.04 ($1.10 / Count)</p><a href="https://www.amazon.com/dp/B00PMUNEK6?tag=eloabder-20&linkCode=osi&th=1&psc=1">View Product</a></div><div class="product"><a href="https://www.amazon.com/dp/B0CBW3D9T7?tag=eloabder-20&linkCode=osi&th=1&psc=1"><img src="https://m.media-amazon.com/images/I/414XubDDPPL._SL500_.jpg" alt="Product Image"></a><p>Scratch Diastatic Malt Powder for Baking - (10oz) Dried Barley Malt for Baking Bread - Bread Improver - Premium Baking Ingredients for Breads, Pizzas, Pretzels, Desserts, Shakes and More</p><p>$8.95 ($0.90 / Ounce)</p><a href="https://www.amazon.com/dp/B0CBW3D9T7?tag=eloabder-20&linkCode=osi&th=1&psc=1">View Product</a></div><div class="product"><a href="https://www.amazon.com/dp/B00VEJOUXE?tag=eloabder-20&linkCode=osi&th=1&psc=1"><img src="https://m.media-amazon.com/images/I/41HmZhMPH1L._SL500_.jpg" alt="Product Image"></a><p>Bob's Red Mill Baking Soda - 1 Pound (Pack of 4), Non GMO, Gluten Free, Vegan, Kosher, Paleo Friendly</p><p>$13.10 ($0.20 / Ounce)</p><a href="https://www.amazon.com/dp/B00VEJOUXE?tag=eloabder-20&linkCode=osi&th=1&psc=1">View Product</a></div><div class="product"><a href="https://www.amazon.com/dp/B0CG7C5X2F?tag=eloabder-20&linkCode=osi&th=1&psc=1"><img src="https://m.media-amazon.com/images/I/41cN3OdncVL._SL500_.jpg" alt="Product Image"></a><p>Micro Ingredients Baking Soda Powder, 6lbs | Pure Sodium Bicarbonate | Bulk Food Grade Supply | Great for Cleaning, Cooking, Laundry, or Personal Care | Non-GMO, Filler Free</p><p>$13.95 ($0.15 / Ounce)</p><a href="https://www.amazon.com/dp/B0CG7C5X2F?tag=eloabder-20&linkCode=osi&th=1&psc=1">View Product</a></div><div class="product"><a href="https://www.amazon.com/dp/B075456XMK?tag=eloabder-20&linkCode=osi&th=1&psc=1"><img src="https://m.media-amazon.com/images/I/31YCnL21+nL._SL500_.jpg" alt="Product Image"></a><p>Pure Original Ingredients Baking Soda (2 lb) Sodium Bicarbonate (NaHCO3), Always Pure, No Fillers Or Additives.</p><p>$11.99 ($0.37 / Ounce)</p><a href="https://www.amazon.com/dp/B075456XMK?tag=eloabder-20&linkCode=osi&th=1&psc=1">View Product</a></div><div class="product"><a href="https://www.amazon.com/dp/B08FYKMRGT?tag=eloabder-20&linkCode=osi&th=1&psc=1"><img src="https://m.media-amazon.com/images/I/41TdlxCI0EL._SL500_.jpg" alt="Product Image"></a><p>King Arthur, Baking Sugar Alternative, Made with Plant-Based Ingredients, Keto-Friendly, 1-to-1 Substitute for Granulated Sugar, 12 Ounces</p><p>$9.95 ($0.83 / Ounce)</p><a href="https://www.amazon.com/dp/B08FYKMRGT?tag=eloabder-20&linkCode=osi&th=1&psc=1">View Product</a></div><div class="product"><a href="https://www.amazon.com/dp/B07KKL5Q68?tag=eloabder-20&linkCode=osi&th=1&psc=1"><img src="https://m.media-amazon.com/images/I/41G0eZnHIxL._SL500_.jpg" alt="Product Image"></a><p>Pure Original Ingredients Baking Soda (1 Gallon) Aluminum Free, Cooking, Baking, Cleaning</p><p>$30.99 ($0.19 / Ounce)</p><a href="https://www.amazon.com/dp/B07KKL5Q68?tag=eloabder-20&linkCode=osi&th=1&psc=1">View Product</a></div>
<div class="product"><a href="https://www.amazon.com/dp/B0029K0U90?tag=eloabder-20&linkCode=osi&th=1&psc=1"><img src="https://m.media-amazon.com/images/I/412vWjuj9tL._SL500_.jpg" alt="Product Image"></a><p>Mrs. Wages Pasta Sauce Canning Mix 5 Ounce (Pack of 6)</p><p>$19.32 ($0.64 / Ounce)</p><a href="https://www.amazon.com/dp/B0029K0U90?tag=eloabder-20&linkCode=osi&th=1&psc=1">View Product</a></div><div class="product"><a href="https://www.amazon.com/dp/B0005ZWUDU?tag=eloabder-20&linkCode=osi&th=1&psc=1"><img src="https://m.media-amazon.com/images/I/411oE+5BGYL._SL500_.jpg" alt="Product Image"></a><p>Classico Roasted Garlic Tomato Spaghetti Pasta Sauce (24 oz Jar)</p><p>$2.98 ($0.12 / Ounce)</p><a href="https://www.amazon.com/dp/B0005ZWUDU?tag=eloabder-20&linkCode=osi&th=1&psc=1">View Product</a></div><div class="product"><a href="https://www.amazon.com/dp/B00H3TKG6O?tag=eloabder-20&linkCode=osi&th=1&psc=1"><img src="https://m.media-amazon.com/images/I/41dtGUjEl7L._SL500_.jpg" alt="Product Image"></a><p>Classico Family Favorites Traditional Pasta Sauce (24 oz Jar)</p><p>$2.16 ($0.09 / Ounce)</p><a href="https://www.amazon.com/dp/B00H3TKG6O?tag=eloabder-20&linkCode=osi&th=1&psc=1">View Product</a></div><div class="product"><a href="https://www.amazon.com/dp/B088N719GQ?tag=eloabder-20&linkCode=osi&th=1&psc=1"><img src="https://m.media-amazon.com/images/I/412O4vvfLcL._SL500_.jpg" alt="Product Image"></a><p>Prego Traditional Pasta Sauce, 45 Oz Jar</p><p>$4.23 ($0.09 / Ounce)</p><a href="https://www.amazon.com/dp/B088N719GQ?tag=eloabder-20&linkCode=osi&th=1&psc=1">View Product</a></div><div class="product"><a href="https://www.amazon.com/dp/B00IAE65L6?tag=eloabder-20&linkCode=osi&th=1&psc=1"><img src="https://m.media-amazon.com/images/I/41keFWtHEbL._SL500_.jpg" alt="Product Image"></a><p>Prego Traditional Pasta Sauce, 67 Oz Jar</p><p>$5.36 ($0.08 / Ounce)</p><a href="https://www.amazon.com/dp/B00IAE65L6?tag=eloabder-20&linkCode=osi&th=1&psc=1">View Product</a></div><div class="product"><a href="https://www.amazon.com/dp/B0CRXQZMWN?tag=eloabder-20&linkCode=osi&th=1&psc=1"><img src="https://m.media-amazon.com/images/I/41GWdkqzH0L._SL500_.jpg" alt="Product Image"></a><p>Prego Creamy Roasted Garlic Pesto Pasta Sauce, 14.5 oz Jar</p><p>$2.79 ($0.19 / Ounce)</p><a href="https://www.amazon.com/dp/B0CRXQZMWN?tag=eloabder-20&linkCode=osi&th=1&psc=1">View Product</a></div><div class="product"><a href="https://www.amazon.com/dp/B0033TSDKY?tag=eloabder-20&linkCode=osi&th=1&psc=1"><img src="https://m.media-amazon.com/images/I/416ipEt-ErS._SL500_.jpg" alt="Product Image"></a><p>Classico Four Cheese Alfredo Pasta Sauce (15 oz Jar)</p><p>$3.13 ($0.21 / Ounce)</p><a href="https://www.amazon.com/dp/B0033TSDKY?tag=eloabder-20&linkCode=osi&th=1&psc=1">View Product</a></div><div class="product"><a href="https://www.amazon.com/dp/B000Q3R6V2?tag=eloabder-20&linkCode=osi&th=1&psc=1"><img src="https://m.media-amazon.com/images/I/51DwtNnipoL._SL500_.jpg" alt="Product Image"></a><p>Hunt's Traditional Pasta Sauce, 24 oz</p><p>$1.34 ($0.06 / Ounce)</p><a href="https://www.amazon.com/dp/B000Q3R6V2?tag=eloabder-20&linkCode=osi&th=1&psc=1">View Product</a></div><div class="product"><a href="https://www.amazon.com/dp/B00XXGW39Y?tag=eloabder-20&linkCode=osi&th=1&psc=1"><img src="https://m.media-amazon.com/images/I/41FycYZ91BL._SL500_.jpg" alt="Product Image"></a><p>Classico Vodka Sauce Tomato Spaghetti Pasta Sauce (24 oz Jar)</p><p>$2.52 ($0.10 / Fl Oz)</p><a href="https://www.amazon.com/dp/B00XXGW39Y?tag=eloabder-20&linkCode=osi&th=1&psc=1">View Product</a></div><div class="product"><a href="https://www.amazon.com/dp/B07JVJR966?tag=eloabder-20&linkCode=osi&th=1&psc=1"><img src="https://m.media-amazon.com/images/I/412rjNSU1HL._SL500_.jpg" alt="Product Image"></a><p>Prego Traditional Pasta Sauce, 24 Oz Jar (Case of 12)</p><p>$29.76 ($0.10 / Fl Oz)</p><a href="https://www.amazon.com/dp/B07JVJR966?tag=eloabder-20&linkCode=osi&th=1&psc=1">View Product</a></div>
<div class="product"><a href="https://www.amazon.com/dp/B07GBS8GVH?tag=eloabder-20&linkCode=osi&th=1&psc=1"><img src="https://m.media-amazon.com/images/I/51Xpb2UbnAS._SL500_.jpg" alt="Product Image"></a><p>BEN'S ORIGINAL Ready Rice Whole Grain Brown Rice, Easy Dinner Side, 8.8 OZ Pouch (Pack of 6)</p><p>$13.08 ($0.25 / Ounce)</p><a href="https://www.amazon.com/dp/B07GBS8GVH?tag=eloabder-20&linkCode=osi&th=1&psc=1">View Product</a></div><div class="product"><a href="https://www.amazon.com/dp/B000YPKPV0?tag=eloabder-20&linkCode=osi&th=1&psc=1"><img src="https://m.media-amazon.com/images/I/51RKdJy7-TL._SL500_.jpg" alt="Product Image"></a><p>Rice-A-Roni Long grain & wild rice with herbs, 4.3 Ounce Pack of 12</p><p>$12.00 ($0.23 / Ounce)</p><a href="https://www.amazon.com/dp/B000YPKPV0?tag=eloabder-20&linkCode=osi&th=1&psc=1">View Product</a></div><div class="product"><a href="https://www.amazon.com/dp/B004NRLAVY?tag=eloabder-20&linkCode=osi&th=1&psc=1"><img src="https://m.media-amazon.com/images/I/51l35npdSyL._SL500_.jpg" alt="Product Image"></a><p>Nishiki Premium Rice, Medium Grain,15 Pound (Pack of 1)</p><p>$20.19 ($0.08 / Ounce)</p><a href="https://www.amazon.com/dp/B004NRLAVY?tag=eloabder-20&linkCode=osi&th=1&psc=1">View Product</a></div><div class="product"><a href="https://www.amazon.com/dp/B00MMTQAF6?tag=eloabder-20&linkCode=osi&th=1&psc=1"><img src="https://m.media-amazon.com/images/I/41uID5vVhuL._SL500_.jpg" alt="Product Image"></a><p>Mahatma Extra Long Grain White Rice, 10 Pound, Gluten-Free and Non-GMO, Rice Bulk Bag (Pack of 1)</p><p>$9.98 ($0.06 / Ounce)</p><a href="https://www.amazon.com/dp/B00MMTQAF6?tag=eloabder-20&linkCode=osi&th=1&psc=1">View Product</a></div><div class="product"><a href="https://www.amazon.com/dp/B00I330QEQ?tag=eloabder-20&linkCode=osi&th=1&psc=1"><img src="https://m.media-amazon.com/images/I/41eu-3nevsL._SL500_.jpg" alt="Product Image"></a><p>Authentic Royal - Naturally Aged Long Grain Indian White Basmati Rice - 15 lbs</p><p>$15.03 ($0.06 / Ounce)</p><a href="https://www.amazon.com/dp/B00I330QEQ?tag=eloabder-20&linkCode=osi&th=1&psc=1">View Product</a></div><div class="product"><a href="https://www.amazon.com/dp/B00CLGUKKG?tag=eloabder-20&linkCode=osi&th=1&psc=1"><img src="https://m.media-amazon.com/images/I/41mEtyqtEVL._SL500_.jpg" alt="Product Image"></a><p>Mahatma Whole-Grain Brown Rice, 32-Ounce Bag of Rice, Stovetop or Microwave Rice</p><p>$2.68 ($0.08 / Ounce)</p><a href="https://www.amazon.com/dp/B00CLGUKKG?tag=eloabder-20&linkCode=osi&th=1&psc=1">View Product</a></div><div class="product"><a href="https://www.amazon.com/dp/B0087HFXJ6?tag=eloabder-20&linkCode=osi&th=1&psc=1"><img src="https://m.media-amazon.com/images/I/51eYTUAUKZL._SL500_.jpg" alt="Product Image"></a><p>RiceSelect Royal Blend, Blend Of Texmati White, Brown, Red, And Wild Rice, Premium Gluten Free Rice, Non-GMO, 21 Ounce Jar</p><p>$6.98 ($0.33 / Ounce)</p><a href="https://www.amazon.com/dp/B0087HFXJ6?tag=eloabder-20&linkCode=osi&th=1&psc=1">View Product</a></div><div class="product"><a href="https://www.amazon.com/dp/B07HKTD2BD?tag=eloabder-20&linkCode=osi&th=1&psc=1"><img src="https://m.media-amazon.com/images/I/519+60cp2dL._SL500_.jpg" alt="Product Image"></a><p>Nishiki Premium 7 Grains Mix, 2 Pound</p><p>$14.49 ($0.45 / Ounce)</p><a href="https://www.amazon.com/dp/B07HKTD2BD?tag=eloabder-20&linkCode=osi&th=1&psc=1">View Product</a></div><div class="product"><a href="https://www.amazon.com/dp/B00G9U46DW?tag=eloabder-20&linkCode=osi&th=1&psc=1"><img src="https://m.media-amazon.com/images/I/51Xpb2UbnAS._SL500_.jpg" alt="Product Image"></a><p>BEN'S ORIGINAL Ready Rice Whole Grain Brown Rice, Easy Dinner Side, 8.8 OZ Pouch (Pack of 12)</p><p>$26.16 ($0.25 / Ounce)</p><a href="https://www.amazon.com/dp/B00G9U46DW?tag=eloabder-20&linkCode=osi&th=1&psc=1">View Product</a></div>
<div class="product"><a href="https://www.amazon.com/dp/B0D4KLB4HP?tag=eloabder-20&linkCode=osi&th=1&psc=1"><img src="https://m.media-amazon.com/images/I/51r7s+M2jqL._SL500_.jpg" alt="Product Image"></a><p>Chronos Condiment 150 bundle pack - 50 Single Serve Pouches of Each: Ketchup, Mustard, and Mayo - 150 Pack, Great for Picnics, Boxed Lunch, BBQ, Travel, and Parties</p><p>$21.97</p><a href="https://www.amazon.com/dp/B0D4KLB4HP?tag=eloabder-20&linkCode=osi&th=1&psc=1">View Product</a></div><div class="product"><a href="https://www.amazon.com/dp/B003XLOOCS?tag=eloabder-20&linkCode=osi&th=1&psc=1"><img src="https://m.media-amazon.com/images/I/51x0jDzOLjL._SL500_.jpg" alt="Product Image"></a><p>Heinz Tomato Ketchup, Relish, and Mustard Picnic Pack, 3 Count</p><p>$5.98 ($0.11 / Ounce)</p><a href="https://www.amazon.com/dp/B003XLOOCS?tag=eloabder-20&linkCode=osi&th=1&psc=1">View Product</a></div><div class="product"><a href="https://www.amazon.com/dp/B0992VW16R?tag=eloabder-20&linkCode=osi&th=1&psc=1"><img src="https://m.media-amazon.com/images/I/51eFgOarc1L._SL500_.jpg" alt="Product Image"></a><p>Grab-n-Go Condiment Packs - 50 Single Serve Pouches of Each: Ketchup, Mustard, Relish, and Mayo - Great for Picnics, Boxed Lunch, BBQ, Travel, Picnic and Parties (200 Condiment Packets Total)</p><p>$29.99 ($0.15 / Count)</p><a href="https://www.amazon.com/dp/B0992VW16R?tag=eloabder-20&linkCode=osi&th=1&psc=1">View Product</a></div><div class="product"><a href="https://www.amazon.com/dp/B0D3J9HHS2?tag=eloabder-20&linkCode=osi&th=1&psc=1"><img src="https://m.media-amazon.com/images/I/51VkOjMAkXL._SL500_.jpg" alt="Product Image"></a><p>Heinz Condiment Packets Variety 100 Pack- 25 Heinz Ketchup Packets, 25 Mayonnaise Packets, 25 Mustard Packets, and 25 Relish Packets. Ketchup Heinz, Mayo Packets.</p><p>$19.99 ($0.20 / Count)</p><a href="https://www.amazon.com/dp/B0D3J9HHS2?tag=eloabder-20&linkCode=osi&th=1&psc=1">View Product</a></div><div class="product"><a href="https://www.amazon.com/dp/B091DCC2CH?tag=eloabder-20&linkCode=osi&th=1&psc=1"><img src="https://m.media-amazon.com/images/I/415Iq4kWRXL._SL500_.jpg" alt="Product Image"></a><p>Hellmann's Real Mayonnaise Squeeze Bottle 3 Count a Rich Creamy Condiment Gluten Free, Made With 100% Cage-Free Eggs 20 oz</p><p>$11.90 ($0.20 / Fl Oz)</p><a href="https://www.amazon.com/dp/B091DCC2CH?tag=eloabder-20&linkCode=osi&th=1&psc=1">View Product</a></div><div class="product"><a href="https://www.amazon.com/dp/B0CMR2DML7?tag=eloabder-20&linkCode=osi&th=1&psc=1"><img src="https://m.media-amazon.com/images/I/61dFhpega1L._SL500_.jpg" alt="Product Image"></a><p>Crait Individual Condiment Packets Variety Pack of 50 Hot Sauce Packets with Mayo Packets, Ketchup Packets and Yellow Mustard Packets Single Serve</p><p>$15.00 ($0.30 / Count)</p><a href="https://www.amazon.com/dp/B0CMR2DML7?tag=eloabder-20&linkCode=osi&th=1&psc=1">View Product</a></div><div class="product"><a href="https://www.amazon.com/dp/B0D3JCR2XS?tag=eloabder-20&linkCode=osi&th=1&psc=1"><img src="https://m.media-amazon.com/images/I/51RtTP7u7aL._SL500_.jpg" alt="Product Image"></a><p>Hot Sauce Variety Pack of 48 Condiment Packets. 4 Each of 12 Flavors. Texas Pete Hot Sauce Packets, Mini Condiments, Mini Hot Sauce, Condiment Packets Variety Pack, Single Serve</p><p>$17.99 ($0.37 / Count)</p><a href="https://www.amazon.com/dp/B0D3JCR2XS?tag=eloabder-20&linkCode=osi&th=1&psc=1">View Product</a></div><div class="product"><a href="https://www.amazon.com/dp/B00XK3IYUW?tag=eloabder-20&linkCode=osi&th=1&psc=1"><img src="https://m.media-amazon.com/images/I/51T9Vgtx+bL._SL500_.jpg" alt="Product Image"></a><p>Heinz Condiment Packets Ketchup and Mustard (100 Total; 50 Each Flavor)</p><p>$13.10 ($0.60 / Ounce)</p><a href="https://www.amazon.com/dp/B00XK3IYUW?tag=eloabder-20&linkCode=osi&th=1&psc=1">View Product</a></div>
<div class="product"><a href="https://www.amazon.com/dp/B09DYZSHJR?tag=eloabder-20&linkCode=osi&th=1&psc=1"><img src="https://m.media-amazon.com/images/I/31fEqU5FfOL._SL500_.jpg" alt="Product Image"></a><p>DaVinci Gourmet Honey Syrup, 25.4 Fluid Ounce (Pack of 1)</p><p>$9.99 ($0.39 / Fl Oz)</p><a href="https://www.amazon.com/dp/B09DYZSHJR?tag=eloabder-20&linkCode=osi&th=1&psc=1">View Product</a></div><div class="product"><a href="https://www.amazon.com/dp/B09GW7TXH3?tag=eloabder-20&linkCode=osi&th=1&psc=1"><img src="https://m.media-amazon.com/images/I/31hUGuR-NsL._SL500_.jpg" alt="Product Image"></a><p>Glorybee, Premium Honey Syrup, Real Honey, No Artifical colors or flavors, 25.4 fl oz</p><p>$10.73 ($0.42 / Fl Oz)</p><a href="https://www.amazon.com/dp/B09GW7TXH3?tag=eloabder-20&linkCode=osi&th=1&psc=1">View Product</a></div><div class="product"><a href="https://www.amazon.com/dp/B07C1138N5?tag=eloabder-20&linkCode=osi&th=1&psc=1"><img src="https://m.media-amazon.com/images/I/31bISVR+FkL._SL500_.jpg" alt="Product Image"></a><p>Monin - Honey Syrup, Smooth Sweet Honey Flavor, Great for Teas, Lemonades, Cocktails, & Coffee, Gluten-Free, Non-GMO (1 Liter)</p><p>$19.13 ($0.57 / Fl Oz)</p><a href="https://www.amazon.com/dp/B07C1138N5?tag=eloabder-20&linkCode=osi&th=1&psc=1">View Product</a></div><div class="product"><a href="https://www.amazon.com/dp/B0D43FMJ8V?tag=eloabder-20&linkCode=osi&th=1&psc=1"><img src="https://m.media-amazon.com/images/I/41P8d3eueDL._SL500_.jpg" alt="Product Image"></a><p>Torani Salted Honey Butter Syrup for Coffee 25.4 Ounces Coffee Syrups and Flavors with Jimoco Pump Syrup Dispenser</p><p>$17.95 ($0.71 / Fl Oz)</p><a href="https://www.amazon.com/dp/B0D43FMJ8V?tag=eloabder-20&linkCode=osi&th=1&psc=1">View Product</a></div><div class="product"><a href="https://www.amazon.com/dp/B00IRRJBRQ?tag=eloabder-20&linkCode=osi&th=1&psc=1"><img src="https://m.media-amazon.com/images/I/31a3OJgvluL._SL500_.jpg" alt="Product Image"></a><p>Torani Honey Sweetener, 25.4 Ounce (Pack of 4)</p><p>$25.47 ($0.25 / Fl Oz)</p><a href="https://www.amazon.com/dp/B00IRRJBRQ?tag=eloabder-20&linkCode=osi&th=1&psc=1">View Product</a></div><div class="product"><a href="https://www.amazon.com/dp/B0BSMPDPZ9?tag=eloabder-20&linkCode=osi&th=1&psc=1"><img src="https://m.media-amazon.com/images/I/41A+L9ilEXL._SL500_.jpg" alt="Product Image"></a><p>Monin - Hot Honey Syrup, Robust Sweet & Spicy Flavors, Great for Lemonades, Teas, Cocktails, Culinary Recipes, & More, No Artificial Sweeteners, Gluten-Free, Non-GMO, Clean Label (1 Liter)</p><p>$17.99 ($0.53 / Fl Oz)</p><a href="https://www.amazon.com/dp/B0BSMPDPZ9?tag=eloabder-20&linkCode=osi&th=1&psc=1">View Product</a></div><div class="product"><a href="https://www.amazon.com/dp/B078YFLF9K?tag=eloabder-20&linkCode=osi&th=1&psc=1"><img src="https://m.media-amazon.com/images/I/41Gx-mwendL._SL500_.jpg" alt="Product Image"></a><p>Tippleman's Ginger Honey Syrup - Craft Cocktail Mixer - All Natural Complex Syrup for Cocktails and Non-Alcoholic Beverages - Margarita, Whiskey Sour, or Sweet Iced Tea - Makes 17 Cocktails</p><p>$24.99 ($1.92 / Fl Oz)</p><a href="https://www.amazon.com/dp/B078YFLF9K?tag=eloabder-20&linkCode=osi&th=1&psc=1">View Product</a></div><div class="product"><a href="https://www.amazon.com/dp/B07CWFJV6C?tag=eloabder-20&linkCode=osi&th=1&psc=1"><img src="https://m.media-amazon.com/images/I/41cmu+ltDxL._SL500_.jpg" alt="Product Image"></a><p>Robitussin Maximum Strength Honey Cough + Chest Congestion DM, Cough Medicine for Cough and Chest Congestion Relief Made with Real Honey- 4 Fl Oz Bottle</p><p>$11.74 ($2.94 / Fl Oz)</p><a href="https://www.amazon.com/dp/B07CWFJV6C?tag=eloabder-20&linkCode=osi&th=1&psc=1">View Product</a></div><div class="product"><a href="https://www.amazon.com/dp/B005S1LP28?tag=eloabder-20&linkCode=osi&th=1&psc=1"><img src="https://m.media-amazon.com/images/I/41DkU4bxBrL._SL500_.jpg" alt="Product Image"></a><p>Monin - Organic Honey Sweetener, Low-Calorie Liquid Sweetener, Sugar Substitute, Coffee Syrup, Made with Organic Honey, Simple Syrup for Cocktails, Iced Tea, & More, Clean Label (1 Liter)</p><p>$26.99 ($0.80 / Fl Oz)</p><a href="https://www.amazon.com/dp/B005S1LP28?tag=eloabder-20&linkCode=osi&th=1&psc=1">View Product</a></div>
<div class="product"><a href="https://www.amazon.com/dp/B0D3FYHWP7?tag=eloabder-20&linkCode=osi&th=1&psc=1"><img src="https://m.media-amazon.com/images/I/41W51dqWhAL._SL500_.jpg" alt="Product Image"></a><p>Blueprint Bryan Johnson Nutty Butter - Macadamia Nuts and Walnuts - Just 3 Ingredients - No Palm Oil - Keto and Low Carb Snack - No Added Sugar, Vegan, Non GMO, Keto and Paleo Friendly (8.8 ounces)</p><p>$11.00 ($1.25 / Ounce)</p><a href="https://www.amazon.com/dp/B0D3FYHWP7?tag=eloabder-20&linkCode=osi&th=1&psc=1">View Product</a></div><div class="product"><a href="https://www.amazon.com/dp/B0B34J7HHD?tag=eloabder-20&linkCode=osi&th=1&psc=1"><img src="https://m.media-amazon.com/images/I/31UpKhqk2QL._SL500_.jpg" alt="Product Image"></a><p>Octonuts Dry Roasted Pure Cashew 16oz Nut Butter 16oz - Pure Creamy Nut Butter - Gluten Free, Vegan, Kosher, Paleo, Non-GMO Nut Butters Single Ingredient</p><p>$11.99 ($0.75 / Ounce)</p><a href="https://www.amazon.com/dp/B0B34J7HHD?tag=eloabder-20&linkCode=osi&th=1&psc=1">View Product</a></div><div class="product"><a href="https://www.amazon.com/dp/B09NP7D465?tag=eloabder-20&linkCode=osi&th=1&psc=1"><img src="https://m.media-amazon.com/images/I/51+XSeELM2L._SL500_.jpg" alt="Product Image"></a><p>Crazy Go Nuts Walnut Butter - Plain w/ Sea Salt - Healthy Snacks, Keto, Vegan, Low Carb, Gluten Free, Superfood - Natural, Non-GMO, ALA, Omega 3 Fatty Acids, Good Fats and Antioxidants - 9.25 oz (1-Pack)</p><p>$10.99 ($1.19 / Ounce)</p><a href="https://www.amazon.com/dp/B09NP7D465?tag=eloabder-20&linkCode=osi&th=1&psc=1">View Product</a></div><div class="product"><a href="https://www.amazon.com/dp/B00KHAG1BK?tag=eloabder-20&linkCode=osi&th=1&psc=1"><img src="https://m.media-amazon.com/images/I/41nZVovN5oL._SL500_.jpg" alt="Product Image"></a><p>JUSTIN'S Classic Gluten-Free Almond Butter Squeeze Packs, 1.15 Ounce (Pack of 10)</p><p>$13.40 ($1.17 / Ounce)</p><a href="https://www.amazon.com/dp/B00KHAG1BK?tag=eloabder-20&linkCode=osi&th=1&psc=1">View Product</a></div><div class="product"><a href="https://www.amazon.com/dp/B01M06S98E?tag=eloabder-20&linkCode=osi&th=1&psc=1"><img src="https://m.media-amazon.com/images/I/41fCsKiYMdL._SL500_.jpg" alt="Product Image"></a><p>Organic Power Fuel Crunchy Nut Butter by NuttZo | 7 Nuts & Seeds Blend, Paleo, Non-GMO, Gluten-Free, Vegan, Kosher | 1g Sugar, 6g Protein | 26oz Jar</p><p>$21.99 ($0.85 / Ounce)</p><a href="https://www.amazon.com/dp/B01M06S98E?tag=eloabder-20&linkCode=osi&th=1&psc=1">View Product</a></div><div class="product"><a href="https://www.amazon.com/dp/B07CGZ2RJQ?tag=eloabder-20&linkCode=osi&th=1&psc=1"><img src="https://m.media-amazon.com/images/I/41eZiTYDVgL._SL500_.jpg" alt="Product Image"></a><p>Vör Pure Macadamia Nut Butter Spread (11oz) | Only One Ingredient</p><p>$18.99 ($1.73 / Ounce)</p><a href="https://www.amazon.com/dp/B07CGZ2RJQ?tag=eloabder-20&linkCode=osi&th=1&psc=1">View Product</a></div><div class="product"><a href="https://www.amazon.com/dp/B00X7W96OO?tag=eloabder-20&linkCode=osi&th=1&psc=1"><img src="https://m.media-amazon.com/images/I/41jU7bL5rFL._SL500_.jpg" alt="Product Image"></a><p>MaraNatha Creamy Roasted Caramel Almond Butter, No Stir, 12 Ounce Jar</p><p>$6.94 ($0.58 / Ounce)</p><a href="https://www.amazon.com/dp/B00X7W96OO?tag=eloabder-20&linkCode=osi&th=1&psc=1">View Product</a></div>
<div class="product"><a href="https://www.amazon.com/dp/B01CUS63OG?tag=eloabder-20&linkCode=osi&th=1&psc=1"><img src="https://m.media-amazon.com/images/I/51o0FJwMj8L._SL500_.jpg" alt="Product Image"></a><p>Anna and Sarah Tropical Dried Fruit Mix 2 Lbs</p><p>$17.99 ($9.00 / lb)</p><a href="https://www.amazon.com/dp/B01CUS63OG?tag=eloabder-20&linkCode=osi&th=1&psc=1">View Product</a></div><div class="product"><a href="https://www.amazon.com/dp/B09LZ7YCF7?tag=eloabder-20&linkCode=osi&th=1&psc=1"><img src="https://m.media-amazon.com/images/I/41XMLNKxlML._SL500_.jpg" alt="Product Image"></a><p>Dried Pineapple Chunks, 1 Pound. Dehydrated Pineapple Chunk, Dehydrated Pineapple Bulk, Dried Pineapple Bits. All Natural, Non-GMO, Lightly Sweetened Dried Pineapples, 16 oz.</p><p>$9.99 ($0.62 / oz)</p><a href="https://www.amazon.com/dp/B09LZ7YCF7?tag=eloabder-20&linkCode=osi&th=1&psc=1">View Product</a></div><div class="product"><a href="https://www.amazon.com/dp/B000M69QRU?tag=eloabder-20&linkCode=osi&th=1&psc=1"><img src="https://m.media-amazon.com/images/I/51EyH2xvyyS._SL500_.jpg" alt="Product Image"></a><p>Ocean Spray Craisins Dried Cranberries, Original, 48 Ounce</p><p>$7.62 ($0.16 / Fl Oz)</p><a href="https://www.amazon.com/dp/B000M69QRU?tag=eloabder-20&linkCode=osi&th=1&psc=1">View Product</a></div><div class="product"><a href="https://www.amazon.com/dp/B09YTMZ1GP?tag=eloabder-20&linkCode=osi&th=1&psc=1"><img src="https://m.media-amazon.com/images/I/51+y56cVq0L._SL500_.jpg" alt="Product Image"></a><p>Oregon Farm Fresh Snacks Dried Fruit Mix – 24oz Healthy Snacks - Fresh and Natural Fruit Trail Mix – Mixed Fruit Snacks for Adults and Kids – Ideal for Breakfast, Cakes, Snacks</p><p>$17.99 ($0.75 / Ounce)</p><a href="https://www.amazon.com/dp/B09YTMZ1GP?tag=eloabder-20&linkCode=osi&th=1&psc=1">View Product</a></div><div class="product"><a href="https://www.amazon.com/dp/B08Z5QXBK1?tag=eloabder-20&linkCode=osi&th=1&psc=1"><img src="https://m.media-amazon.com/images/I/51a0Oclr3nS._SL500_.jpg" alt="Product Image"></a><p>Dried Cherries Tart Cherry, 1lb. Montmorency Tart Cherries, Dried Sour Cherries Fresh, Montmorency Dried Tart Cherries, Dried Cherries, All-Natural Whole Sour Cherry 16 oz.</p><p>$14.28 ($0.89 / oz)</p><a href="https://www.amazon.com/dp/B08Z5QXBK1?tag=eloabder-20&linkCode=osi&th=1&psc=1">View Product</a></div><div class="product"><a href="https://www.amazon.com/dp/B00F34772M?tag=eloabder-20&linkCode=osi&th=1&psc=1"><img src="https://m.media-amazon.com/images/I/51AsgKQIMiL._SL500_.jpg" alt="Product Image"></a><p>A Gift Inside Sweet Bloom Dried Fruit Deluxe Tray Basket Arrangement for Holiday Birthday Healthy Snack Business Kosher</p><p>$33.20</p><a href="https://www.amazon.com/dp/B00F34772M?tag=eloabder-20&linkCode=osi&th=1&psc=1">View Product</a></div><div class="product"><a href="https://www.amazon.com/dp/B01N057EEP?tag=eloabder-20&linkCode=osi&th=1&psc=1"><img src="https://m.media-amazon.com/images/I/51MrelYxkML._SL500_.jpg" alt="Product Image"></a><p>Mavuno Harvest Organic Dried Fruit Variety Pack | Dried Mango, Pineapple, and Jackfruit | Healthy, Vegan, No Sugar Added, Non GMO Snacks for Kids & Adults | 2 Ounce, Pack of 3</p><p>$13.99 ($2.33 / Ounce)</p><a href="https://www.amazon.com/dp/B01N057EEP?tag=eloabder-20&linkCode=osi&th=1&psc=1">View Product</a></div><div class="product"><a href="https://www.amazon.com/dp/B08JWR4M3F?tag=eloabder-20&linkCode=osi&th=1&psc=1"><img src="https://m.media-amazon.com/images/I/41rjnxAN2FL._SL500_.jpg" alt="Product Image"></a><p>Sunrise Fresh Dried Sweet Cherries, Unsweetened, No Sugar Added, Fresh Fruit Flavor, 1 lb Bag</p><p>$14.49 ($0.91 / oz)</p><a href="https://www.amazon.com/dp/B08JWR4M3F?tag=eloabder-20&linkCode=osi&th=1&psc=1">View Product</a></div><div class="product"><a href="https://www.amazon.com/dp/B08YP8NQP4?tag=eloabder-20&linkCode=osi&th=1&psc=1"><img src="https://m.media-amazon.com/images/I/51GM51afRIS._SL500_.jpg" alt="Product Image"></a><p>Whole Dried Blueberries, No Sugar Added, Bulk, Dehydrated, Dried Unsweetened Blueberries, All Natural, Non-GMO, 1 Pound. - 16 oz.</p><p>$17.44 ($1.09 / oz)</p><a href="https://www.amazon.com/dp/B08YP8NQP4?tag=eloabder-20&linkCode=osi&th=1&psc=1">View Product</a></div>
<div class="product"><a href="https://www.amazon.com/dp/B084T1VWP5?tag=eloabder-20&linkCode=osi&th=1&psc=1"><img src="https://m.media-amazon.com/images/I/51o0utHF41L._SL500_.jpg" alt="Product Image"></a><p>Planters Pop & Pour Dry Roasted Sunflower Seeds, (4 - 5.85 oz. Jars)</p><p>$7.96 ($0.34 / Ounce)</p><a href="https://www.amazon.com/dp/B084T1VWP5?tag=eloabder-20&linkCode=osi&th=1&psc=1">View Product</a></div><div class="product"><a href="https://www.amazon.com/dp/B07TZX3KQZ?tag=eloabder-20&linkCode=osi&th=1&psc=1"><img src="https://m.media-amazon.com/images/I/41OvCvu5E9L._SL500_.jpg" alt="Product Image"></a><p>Yupik Organic Super 6 Seeds Mix, 2.2 lb, Non-GMO, Vegan</p><p>$11.99 ($0.34 / Ounce)</p><a href="https://www.amazon.com/dp/B07TZX3KQZ?tag=eloabder-20&linkCode=osi&th=1&psc=1">View Product</a></div><div class="product"><a href="https://www.amazon.com/dp/B07W7ZZJQB?tag=eloabder-20&linkCode=osi&th=1&psc=1"><img src="https://m.media-amazon.com/images/I/51jbKA5l0CL._SL500_.jpg" alt="Product Image"></a><p>Southern Style Nuts Gourmet Hunter Mix, 23 Ounces, Sesame Sticks, Peanuts, Sunflower Kernels, Almonds, Cashews, and Pepitas</p><p>$7.92 ($0.34 / Ounce)</p><a href="https://www.amazon.com/dp/B07W7ZZJQB?tag=eloabder-20&linkCode=osi&th=1&psc=1">View Product</a></div><div class="product"><a href="https://www.amazon.com/dp/B089LJB5F5?tag=eloabder-20&linkCode=osi&th=1&psc=1"><img src="https://m.media-amazon.com/images/I/51kS4PKIyZL._SL500_.jpg" alt="Product Image"></a><p>Fisher Oven Roasted Never Fried Deluxe Mixed Nuts, 24 Ounces (Pack of 1), Almonds, Cashews, Pecans, Pistachios, Snacks for Adults, Made With Sea Salt, No Added Oil, Artificial Ingredients or Preservatives, Trail Mix, Gluten Free</p><p>$17.09 ($0.71 / Ounce)</p><a href="https://www.amazon.com/dp/B089LJB5F5?tag=eloabder-20&linkCode=osi&th=1&psc=1">View Product</a></div><div class="product"><a href="https://www.amazon.com/dp/B077HZW2FX?tag=eloabder-20&linkCode=osi&th=1&psc=1"><img src="https://m.media-amazon.com/images/I/51AQx+2kfEL._SL500_.jpg" alt="Product Image"></a><p>BetterBody Foods Superfood Organic Super Seeds - Blend of Organic Chia Seeds, Milled Flax Seed, Hemp Hearts, Add to Smoothies Shakes & More, 1lb, 16 oz</p><p>$10.66 ($0.67 / Ounce)</p><a href="https://www.amazon.com/dp/B077HZW2FX?tag=eloabder-20&linkCode=osi&th=1&psc=1">View Product</a></div><div class="product"><a href="https://www.amazon.com/dp/B00PPKSZO8?tag=eloabder-20&linkCode=osi&th=1&psc=1"><img src="https://m.media-amazon.com/images/I/41Q7alFU8RL._SL500_.jpg" alt="Product Image"></a><p>PLANTERS Unsalted Mixed Nuts, Cashews, Almonds, Hazelnuts, Pecans, Pistachios no Shell, Party Snacks, Plant-Based Protein, Quick Snack for Adults, After School Snack, Kosher, 2.16lb Container</p><p>$17.26 ($0.50 / Fl Oz)</p><a href="https://www.amazon.com/dp/B00PPKSZO8?tag=eloabder-20&linkCode=osi&th=1&psc=1">View Product</a></div><div class="product"><a href="https://www.amazon.com/dp/B0CHLKJ7JM?tag=eloabder-20&linkCode=osi&th=1&psc=1"><img src="https://m.media-amazon.com/images/I/51sXps1S2KL._SL500_.jpg" alt="Product Image"></a><p>KIND Seeds Fruit & Nuts Snack Bar, Orange Cranberry | 5g Protein, High Fiber, Gluten Free Bars, 1.4 OZ, 12 Count</p><p>$14.96 ($1.25 / Count)</p><a href="https://www.amazon.com/dp/B0CHLKJ7JM?tag=eloabder-20&linkCode=osi&th=1&psc=1">View Product</a></div><div class="product"><a href="https://www.amazon.com/dp/B0CHLD9ZKL?tag=eloabder-20&linkCode=osi&th=1&psc=1"><img src="https://m.media-amazon.com/images/I/51l78v8NL9L._SL500_.jpg" alt="Product Image"></a><p>KIND Seeds Fruit & Nuts Snack Bar, Strawberry Sunflower Seed | 5g Protein, High Fiber, Gluten Free Bars, 1.4 OZ, 12 Count</p><p>$13.58 ($1.13 / Count)</p><a href="https://www.amazon.com/dp/B0CHLD9ZKL?tag=eloabder-20&linkCode=osi&th=1&psc=1">View Product</a></div><div class="product"><a href="https://www.amazon.com/dp/B079WN7C3F?tag=eloabder-20&linkCode=osi&th=1&psc=1"><img src="https://m.media-amazon.com/images/I/41YqpED33FL._SL500_.jpg" alt="Product Image"></a><p>GERBS Raw Super 7 Seed Snack Trail Mix 1 LBS. | Top 14 Food Allergy Free | Resealable Bulk Bag | Made in USA | Raw Pumpkin | Sunflower | Brown & Golden Flax | Black & White Chia | Hemp | Gluten Free</p><p>$14.99 ($0.94 / Ounce)</p><a href="https://www.amazon.com/dp/B079WN7C3F?tag=eloabder-20&linkCode=osi&th=1&psc=1">View Product</a></div><div class="product"><a href="https://www.amazon.com/dp/B00CYK8DOE?tag=eloabder-20&linkCode=osi&th=1&psc=1"><img src="https://m.media-amazon.com/images/I/41hvbaCdz6L._SL500_.jpg" alt="Product Image"></a><p>Oh! Nuts Roasted Salted Pumpkin Seeds | Resealable 2LB Bulk Bag of Unshelled Pepitas | All-Natural Protein Power for Gluten-Free & Vegan Snacking | Fresh & Healthy Keto Snacks</p><p>$18.81 ($0.59 / Ounce)</p><a href="https://www.amazon.com/dp/B00CYK8DOE?tag=eloabder-20&linkCode=osi&th=1&psc=1">View Product</a></div>

<div class="product"><a href="https://www.amazon.com/dp/B08TTFGPS5?tag=eloabder-20&linkCode=osi&th=1&psc=1"><img src="https://m.media-amazon.com/images/I/51LP-kQBLAL._SL500_.jpg" alt="Product Image"></a><p>Pine River Cheese Spreads - Variety Pack 3 8oz. Sharp Cheddar-Garlic & Herb-Swiss (24oz)</p><p>$21.93 ($0.91 / Ounce)</p><a href="https://www.amazon.com/dp/B08TTFGPS5?tag=eloabder-20&linkCode=osi&th=1&psc=1">View Product</a></div><div class="product"><a href="https://www.amazon.com/dp/B09GW71DPQ?tag=eloabder-20&linkCode=osi&th=1&psc=1"><img src="https://m.media-amazon.com/images/I/41BpjCgQpKL._SL500_.jpg" alt="Product Image"></a><p>Port Wine Cheese Spread 8 Ounce (Pack of 4)</p><p>$26.10 ($0.82 / Ounce)</p><a href="https://www.amazon.com/dp/B09GW71DPQ?tag=eloabder-20&linkCode=osi&th=1&psc=1">View Product</a></div><div class="product"><a href="https://www.amazon.com/dp/B006G4NCT0?tag=eloabder-20&linkCode=osi&th=1&psc=1"><img src="https://m.media-amazon.com/images/I/41-Krj0PbcL._SL500_.jpg" alt="Product Image"></a><p>Sharp Cheddar Cheese Spread 8 Ounce (Pack of 4)</p><p>$25.90 ($1.08 / Ounce)</p><a href="https://www.amazon.com/dp/B006G4NCT0?tag=eloabder-20&linkCode=osi&th=1&psc=1">View Product</a></div><div class="product"><a href="https://www.amazon.com/dp/B09SM3L7LN?tag=eloabder-20&linkCode=osi&th=1&psc=1"><img src="https://m.media-amazon.com/images/I/417W7hKPcvL._SL500_.jpg" alt="Product Image"></a><p>Cheese Snack Spread Variety 4 Pack</p><p>$34.00 ($1.06 / Ounce)</p><a href="https://www.amazon.com/dp/B09SM3L7LN?tag=eloabder-20&linkCode=osi&th=1&psc=1">View Product</a></div>
<div class="product"><a href="https://www.amazon.com/dp/B08CNRQ2C6?tag=eloabder-20&linkCode=osi&th=1&psc=1"><img src="https://m.media-amazon.com/images/I/41ps--esahL._SL500_.jpg" alt="Product Image"></a><p>HOIST Premium Military Hydration Electrolyte Drink, Powerful IV-Level Hydration, Clinically Proven Performance Drink, Peach Mango, 16 Fl Oz (Pack of 12)</p><p>$29.99 ($0.16 / Fl Oz)</p><a href="https://www.amazon.com/dp/B08CNRQ2C6?tag=eloabder-20&linkCode=osi&th=1&psc=1">View Product</a></div><div class="product"><a href="https://www.amazon.com/dp/B082BG3XYZ?tag=eloabder-20&linkCode=osi&th=1&psc=1"><img src="https://m.media-amazon.com/images/I/51+XFCzX3zL._SL500_.jpg" alt="Product Image"></a><p>UPTIME – Blueberry Pomegranate - Zero Sugar (12 Pack), Premium Energy Drink, 12oz Bottles, Natural Caffeine, Sparkling, Natural Flavors, 5 Calories…</p><p>$28.99 ($0.20 / Fl Oz)</p><a href="https://www.amazon.com/dp/B082BG3XYZ?tag=eloabder-20&linkCode=osi&th=1&psc=1">View Product</a></div><div class="product"><a href="https://www.amazon.com/dp/B0BSP3R4JX?tag=eloabder-20&linkCode=osi&th=1&psc=1"><img src="https://m.media-amazon.com/images/I/41TvMVYbcjL._SL500_.jpg" alt="Product Image"></a><p>Barcode Premium Hydration Drink - No Added Sugars, Variety Pack (12 Pack) - Plant-Based Beverage - Adaptogen Drink with Electrolytes for Immunity & Performance</p><p>$29.88 ($0.15 / Fl Oz)</p><a href="https://www.amazon.com/dp/B0BSP3R4JX?tag=eloabder-20&linkCode=osi&th=1&psc=1">View Product</a></div><div class="product"><a href="https://www.amazon.com/dp/B0CYL4CCKM?tag=eloabder-20&linkCode=osi&th=1&psc=1"><img src="https://m.media-amazon.com/images/I/514q0PPV9+L._SL500_.jpg" alt="Product Image"></a><p>ProBaller Ultra Premium Energy Drink - Wild Berry ZERO</p><p>$35.99 ($0.20 / Fl Oz)</p><a href="https://www.amazon.com/dp/B0CYL4CCKM?tag=eloabder-20&linkCode=osi&th=1&psc=1">View Product</a></div><div class="product"><a href="https://www.amazon.com/dp/B0D2BKB2J3?tag=eloabder-20&linkCode=osi&th=1&psc=1"><img src="https://m.media-amazon.com/images/I/41MbnJUx3LL._SL500_.jpg" alt="Product Image"></a><p>ProBaller Ultra Premium Energy Drink - Sugar Free</p><p>$35.99 ($0.20 / Fl Oz)</p><a href="https://www.amazon.com/dp/B0D2BKB2J3?tag=eloabder-20&linkCode=osi&th=1&psc=1">View Product</a></div><div class="product"><a href="https://www.amazon.com/dp/B0CYJXMRKS?tag=eloabder-20&linkCode=osi&th=1&psc=1"><img src="https://m.media-amazon.com/images/I/41gt6X6dVdL._SL500_.jpg" alt="Product Image"></a><p>Joggy Clean Energy Drink - 4-Pack Tart Cherry & Hibiscus - 150mg Organic Guayusa Caffeine - Zero Added Sugar, Vegan, Plant-Based, Natural Healthy Boost, Premium Beverage</p><p>$13.99 ($0.44 / Fl Oz)</p><a href="https://www.amazon.com/dp/B0CYJXMRKS?tag=eloabder-20&linkCode=osi&th=1&psc=1">View Product</a></div><div class="product"><a href="https://www.amazon.com/dp/B081QCCN21?tag=eloabder-20&linkCode=osi&th=1&psc=1"><img src="https://m.media-amazon.com/images/I/61k-oHxeO2L._SL500_.jpg" alt="Product Image"></a><p>Hawaiian Sun Premium Tropical Juice Drink Party Bundle of 10 Assorted Flavors (24 Cans Total)</p><p>$44.95 ($0.16 / Fl Oz )</p><a href="https://www.amazon.com/dp/B081QCCN21?tag=eloabder-20&linkCode=osi&th=1&psc=1">View Product</a></div><div class="product"><a href="https://www.amazon.com/dp/B0CCHW3Q8Q?tag=eloabder-20&linkCode=osi&th=1&psc=1"><img src="https://m.media-amazon.com/images/I/414+SPv3c5L._SL500_.jpg" alt="Product Image"></a><p>Camp Craft Cocktail Mix - Flo'rita | Premium Drink Mixer Infusion Kit with Dehydrated Fruit, Herbs and Vegan Sugar | 16 oz Glass Jar Mixer for Cocktails, Margaritas, and Mocktails - Serves 8</p><p>$25.00 ($1.56 / Fl Oz)</p><a href="https://www.amazon.com/dp/B0CCHW3Q8Q?tag=eloabder-20&linkCode=osi&th=1&psc=1">View Product</a></div><div class="product"><a href="https://www.amazon.com/dp/B0CVQN2NBB?tag=eloabder-20&linkCode=osi&th=1&psc=1"><img src="https://m.media-amazon.com/images/I/51bpS7Tlj2L._SL500_.jpg" alt="Product Image"></a><p>Starbucks Cold Brew Coffee, Vanilla Sweet Cream, 11 fl oz Cans (12 Pack), Premium Coffee Drink, Iced Coffee</p><p>$39.39 ($0.30 / Fl Oz)</p><a href="https://www.amazon.com/dp/B0CVQN2NBB?tag=eloabder-20&linkCode=osi&th=1&psc=1">View Product</a></div>
<div class="product"><a href="https://www.amazon.com/dp/B08PW3LK4T?tag=eloabder-20&linkCode=osi&th=1&psc=1"><img src="https://m.media-amazon.com/images/I/41TLoWBkNWL._SL500_.jpg" alt="Product Image"></a><p>Classic Ginger Beer, Regatta Craft Mixers, All-Natural Ingredients, Non-GMO, 7.5oz, Case of 24 Sleek Cans</p><p>$29.98 ($0.17 / Fl Oz)</p><a href="https://www.amazon.com/dp/B08PW3LK4T?tag=eloabder-20&linkCode=osi&th=1&psc=1">View Product</a></div><div class="product"><a href="https://www.amazon.com/dp/B08KTP2999?tag=eloabder-20&linkCode=osi&th=1&psc=1"><img src="https://m.media-amazon.com/images/I/41tC0pFgGtL._SL500_.jpg" alt="Product Image"></a><p>ABC Crafted Series Beer Making Kit | Beer Making Ingredients for Home Brewing | Yields 6 Gallons of Beer | Brown Ale</p><p>$25.00</p><a href="https://www.amazon.com/dp/B08KTP2999?tag=eloabder-20&linkCode=osi&th=1&psc=1">View Product</a></div><div class="product"><a href="https://www.amazon.com/dp/B01KSD9JKU?tag=eloabder-20&linkCode=osi&th=1&psc=1"><img src="https://m.media-amazon.com/images/I/517aGsVY9qL._SL500_.jpg" alt="Product Image"></a><p>Beer-infused Hot Sauce Variety 3-pack (Includes Asian Sriracha, Garlic Serrano, & Roasty Chipotle) - Craft Beer Gift, Hot Sauce Gift Set, Beer Sauce, BBQ Sauce, Beer Lover, Grill + Man Cave</p><p>$27.99 ($1.87 / Fl Oz)</p><a href="https://www.amazon.com/dp/B01KSD9JKU?tag=eloabder-20&linkCode=osi&th=1&psc=1">View Product</a></div><div class="product"><a href="https://www.amazon.com/dp/B0C9KKG6C6?tag=eloabder-20&linkCode=osi&th=1&psc=1"><img src="https://m.media-amazon.com/images/I/41Rxjjlu5+L._SL500_.jpg" alt="Product Image"></a><p>Plochman, Craft Beer Mustard (Brickstone), 11 oz, Blended Mustard</p><p>$6.99 ($0.64 / Ounce)</p><a href="https://www.amazon.com/dp/B0C9KKG6C6?tag=eloabder-20&linkCode=osi&th=1&psc=1">View Product</a></div><div class="product"><a href="https://www.amazon.com/dp/B01692UXRW?tag=eloabder-20&linkCode=osi&th=1&psc=1"><img src="https://m.media-amazon.com/images/I/51qUU-Fjx5L._SL500_.jpg" alt="Product Image"></a><p>BREW CANDY | Hoppy IPA + Roasty Stout + Honey Ale | Great Craft Beer Gift for Beer Drinkers and Candy Lovers | Perfect for the Man Cave, Brewery, Office, or Home | MADE IN USA</p><p>$9.99 ($2.50 / Ounce)</p><a href="https://www.amazon.com/dp/B01692UXRW?tag=eloabder-20&linkCode=osi&th=1&psc=1">View Product</a></div><div class="product"><a href="https://www.amazon.com/dp/B07L1M2P57?tag=eloabder-20&linkCode=osi&th=1&psc=1"><img src="https://m.media-amazon.com/images/I/415wGhwZDvL._SL500_.jpg" alt="Product Image"></a><p>Unique Snacks Sourdough Craft Beer Pretzel Rings, Delicious Homestyle Baked Snack Bag, Vegan, OU Kosher, and Non-GMO Food, No Artificial Flavor, 11 Oz. Bag, Pack of 6</p><p>$24.99 ($0.38 / Ounce)</p><a href="https://www.amazon.com/dp/B07L1M2P57?tag=eloabder-20&linkCode=osi&th=1&psc=1">View Product</a></div>
<div class="product"><a href="https://www.amazon.com/dp/B0CD79R3QZ?tag=eloabder-20&linkCode=osi&th=1&psc=1"><img src="https://m.media-amazon.com/images/I/21X3VVYgpXL._SL500_.jpg" alt="Product Image"></a><p>French Bloom Le Blanc Alcohol-Free Sparkling Wine, 750ml - Certified Organic, Vegan, Halal, Low Calorie, Sulfite Free - Made with Fine Organic Wine, No Preservatives or Added Sugar</p><p>$41.00 ($1.61 / Fl Oz)</p><a href="https://www.amazon.com/dp/B0CD79R3QZ?tag=eloabder-20&linkCode=osi&th=1&psc=1">View Product</a></div><div class="product"><a href="https://www.amazon.com/dp/B0D6HWD369?tag=eloabder-20&linkCode=osi&th=1&psc=1"><img src="https://m.media-amazon.com/images/I/31U1YybAm5L._SL500_.jpg" alt="Product Image"></a><p>Saint Viviana Non-Alcoholic Sauvignon Blanc, Crisp Dry White Wine with Fresh Fruit Flavor & Floral Notes, Made in Washington State, 24.6 Fl Oz Bottle</p><p>$22.99 ($0.93 / Fl Oz)</p><a href="https://www.amazon.com/dp/B0D6HWD369?tag=eloabder-20&linkCode=osi&th=1&psc=1">View Product</a></div><div class="product"><a href="https://www.amazon.com/dp/B0D244C3VJ?tag=eloabder-20&linkCode=osi&th=1&psc=1"><img src="https://m.media-amazon.com/images/I/416UnLmeDPL._SL500_.jpg" alt="Product Image"></a><p>Monari Marsala Fine Wine PDO Glaze| 9 Ounce, Pack of 6</p><p>$37.99 ($6.33 / Count)</p><a href="https://www.amazon.com/dp/B0D244C3VJ?tag=eloabder-20&linkCode=osi&th=1&psc=1">View Product</a></div><div class="product"><a href="https://www.amazon.com/dp/B0054KSA5I?tag=eloabder-20&linkCode=osi&th=1&psc=1"><img src="https://m.media-amazon.com/images/I/41Dk7Gmm5xL._SL500_.jpg" alt="Product Image"></a><p>Regina Fine Red Wine Vinegar, 12 Fl Oz</p><p>$12.94 ($1.08 / Fl Oz)</p><a href="https://www.amazon.com/dp/B0054KSA5I?tag=eloabder-20&linkCode=osi&th=1&psc=1">View Product</a></div><div class="product"><a href="https://www.amazon.com/dp/B0CC6JY2CM?tag=eloabder-20&linkCode=osi&th=1&psc=1"><img src="https://m.media-amazon.com/images/I/31FVY0Kg2cL._SL500_.jpg" alt="Product Image"></a><p>ST. REGIS Cabernet Sauvignon 25.4 Fl Oz (1 Pack) - Low Calorie and Sugar - Fruity & Spicy Rich Flavor from North of Spain Vineyards</p><p>$17.95 ($0.71 / Fl Oz)</p><a href="https://www.amazon.com/dp/B0CC6JY2CM?tag=eloabder-20&linkCode=osi&th=1&psc=1">View Product</a></div><div class="product"><a href="https://www.amazon.com/dp/B0CLYLY93H?tag=eloabder-20&linkCode=osi&th=1&psc=1"><img src="https://m.media-amazon.com/images/I/31cSVgLe1sL._SL500_.jpg" alt="Product Image"></a><p>Chateau del ISH Sparkling Rosé | Award-Winning Non-Alcoholic Sparkling Wine | De-Alcoholized Blend of Merlot & Pinot Noir Grapes | Only 9 grams of Sugar | 45 Calories per Serving | 750 ml Bottle</p><p>$23.99 ($0.94 / Fl Oz)</p><a href="https://www.amazon.com/dp/B0CLYLY93H?tag=eloabder-20&linkCode=osi&th=1&psc=1">View Product</a></div><div class="product"><a href="https://www.amazon.com/dp/B00075WK10?tag=eloabder-20&linkCode=osi&th=1&psc=1"><img src="https://m.media-amazon.com/images/I/41wn5BC9e3L._SL500_.jpg" alt="Product Image"></a><p>Mantova Italian White Wine Vinegar 17 oz (Pack of 2). Made with traditional methods and aged in fine wood casks, it retains the flavor of the wine, accented by the crisp character of the vinegar.</p><p>$12.97 ($7.21 / Fl Oz)</p><a href="https://www.amazon.com/dp/B00075WK10?tag=eloabder-20&linkCode=osi&th=1&psc=1">View Product</a></div><div class="product"><a href="https://www.amazon.com/dp/B0B6Y4LGT8?tag=eloabder-20&linkCode=osi&th=1&psc=1"><img src="https://m.media-amazon.com/images/I/31DYvJX17cL._SL500_.jpg" alt="Product Image"></a><p>Wander + Found Non-Alcoholic Wine, Pinot Noir, Award Winning Red Wine from Germany, Non-GMO Dealcoholized Wine, 750 ml (1 Bottle)</p><p>$25.99 ($1.02 / Fl Oz)</p><a href="https://www.amazon.com/dp/B0B6Y4LGT8?tag=eloabder-20&linkCode=osi&th=1&psc=1">View Product</a></div><div class="product"><a href="https://www.amazon.com/dp/B08FBLJFL3?tag=eloabder-20&linkCode=osi&th=1&psc=1"><img src="https://m.media-amazon.com/images/I/31xcotQJiQL._SL500_.jpg" alt="Product Image"></a><p>Lussory Organic Merlot Dealcoholized 0.0% Non-Alcoholic Red From Spain, Low Calories, Organic, Vegan (750ml, 1 Bottle)</p><p>$27.99 ($1.10 / Fl Oz)</p><a href="https://www.amazon.com/dp/B08FBLJFL3?tag=eloabder-20&linkCode=osi&th=1&psc=1">View Product</a></div>
<div class="product"><a href="https://www.amazon.com/dp/B08RD41V4Y?tag=eloabder-20&linkCode=osi&th=1&psc=1"><img src="https://m.media-amazon.com/images/I/41Ctrzm6OdL._SL500_.jpg" alt="Product Image"></a><p>Pure Organic Layered Fruit Bars Variety Pack 28 count (Pack of 1).</p><p>$13.99 ($0.40 / Ounce)</p><a href="https://www.amazon.com/dp/B08RD41V4Y?tag=eloabder-20&linkCode=osi&th=1&psc=1">View Product</a></div><div class="product"><a href="https://www.amazon.com/dp/B06X6JR48M?tag=eloabder-20&linkCode=osi&th=1&psc=1"><img src="https://m.media-amazon.com/images/I/51QhYDgoJFL._SL500_.jpg" alt="Product Image"></a><p>Nature's Garden Organic Trail Mix Snack Packs, Multi Pack 1.2 oz - Pack of 24 (Total 28.8 oz)</p><p>$14.89 ($0.52 / Ounce)</p><a href="https://www.amazon.com/dp/B06X6JR48M?tag=eloabder-20&linkCode=osi&th=1&psc=1">View Product</a></div><div class="product"><a href="https://www.amazon.com/dp/B0BQTL31PR?tag=eloabder-20&linkCode=osi&th=1&psc=1"><img src="https://m.media-amazon.com/images/I/512GxWL1ejL._SL500_.jpg" alt="Product Image"></a><p>Annie's Organic Birthday Cake Bunny Grahams and Cheddar Bunnies Snack Pack 36 Count, 36 oz</p><p>$16.99 ($0.47 / Ounce)</p><a href="https://www.amazon.com/dp/B0BQTL31PR?tag=eloabder-20&linkCode=osi&th=1&psc=1">View Product</a></div><div class="product"><a href="https://www.amazon.com/dp/B0C17SW6V1?tag=eloabder-20&linkCode=osi&th=1&psc=1"><img src="https://m.media-amazon.com/images/I/51JwHhUMp-L._SL500_.jpg" alt="Product Image"></a><p>Annie's Organic Bunny Fruit Snacks, Variety Pack, Gluten Free, 22 ct, 15.4 oz</p><p>$9.98 ($0.45 / Count)</p><a href="https://www.amazon.com/dp/B0C17SW6V1?tag=eloabder-20&linkCode=osi&th=1&psc=1">View Product</a></div><div class="product"><a href="https://www.amazon.com/dp/B079LY41VY?tag=eloabder-20&linkCode=osi&th=1&psc=1"><img src="https://m.media-amazon.com/images/I/51hNBmR-vOL._SL500_.jpg" alt="Product Image"></a><p>MadeGood Healthy Snacks Variety Pack (40 Count) Organic Assortment of Granola Bars, Granola Mini and Crispy Squares; Individually Wrapped Snacks</p><p>$29.99</p><a href="https://www.amazon.com/dp/B079LY41VY?tag=eloabder-20&linkCode=osi&th=1&psc=1">View Product</a></div><div class="product"><a href="https://www.amazon.com/dp/B0B88WYZVC?tag=eloabder-20&linkCode=osi&th=1&psc=1"><img src="https://m.media-amazon.com/images/I/41jnzaqqPlL._SL500_.jpg" alt="Product Image"></a><p>YumEarth Organic Fruit Snacks Box, 0.7 Ounce (Pack of 10)</p><p>$6.49 ($0.93 / Ounce)</p><a href="https://www.amazon.com/dp/B0B88WYZVC?tag=eloabder-20&linkCode=osi&th=1&psc=1">View Product</a></div><div class="product"><a href="https://www.amazon.com/dp/B087HBLXSM?tag=eloabder-20&linkCode=osi&th=1&psc=1"><img src="https://m.media-amazon.com/images/I/4103I3BvCSL._SL500_.jpg" alt="Product Image"></a><p>Tropical Fields Organic Crispy Coconut Rolls, 11 Oz</p><p>$9.94 ($0.90 / Ounce)</p><a href="https://www.amazon.com/dp/B087HBLXSM?tag=eloabder-20&linkCode=osi&th=1&psc=1">View Product</a></div><div class="product"><a href="https://www.amazon.com/dp/B08L4XZBS1?tag=eloabder-20&linkCode=osi&th=1&psc=1"><img src="https://m.media-amazon.com/images/I/51IN3a2zpZL._SL500_.jpg" alt="Product Image"></a><p>Annie's Organic Fruit Peel-A-Parts Fruit Snacks, Strawberry and Fruit Punch, 12 packs, 6.7 oz.</p><p>$9.99 ($0.83 / Count)</p><a href="https://www.amazon.com/dp/B08L4XZBS1?tag=eloabder-20&linkCode=osi&th=1&psc=1">View Product</a></div><div class="product"><a href="https://www.amazon.com/dp/B088PRVMXL?tag=eloabder-20&linkCode=osi&th=1&psc=1"><img src="https://m.media-amazon.com/images/I/51Lye-KMCNL._SL500_.jpg" alt="Product Image"></a><p>Gimme Seaweed - Sea Salt & Avocado Oil - 20 Count - Organic Roasted Seaweed Sheets - Keto, Vegan, Gluten Free - Great Source of Iodine & Omega 3’s - Healthy On-The-Go Snack for Kids & Adults</p><p>$14.43 ($4.51 / Ounce)</p><a href="https://www.amazon.com/dp/B088PRVMXL?tag=eloabder-20&linkCode=osi&th=1&psc=1">View Product</a></div><div class="product"><a href="https://www.amazon.com/dp/B0792LF5DZ?tag=eloabder-20&linkCode=osi&th=1&psc=1"><img src="https://m.media-amazon.com/images/I/51Ogpal4rKL._SL500_.jpg" alt="Product Image"></a><p>Simply, Variety Pack Snacks, 0.875 Ounce (Pack of 36)</p><p>$22.43 ($0.71 / Ounce)</p><a href="https://www.amazon.com/dp/B0792LF5DZ?tag=eloabder-20&linkCode=osi&th=1&psc=1">View Product</a></div>
<div class="product"><a href="https://www.amazon.com/dp/B07D83162X?tag=eloabder-20&linkCode=osi&th=1&psc=1"><img src="https://m.media-amazon.com/images/I/515OpZM7eUL._SL500_.jpg" alt="Product Image"></a><p>CLIF BAR - Energy Bars - Variety Pack - Made with Organic Oats - 9-11g Protein - Non-GMO - Plant Based - 2.4 oz. (16 Count)</p><p>$25.98 ($0.68 / Ounce)</p><a href="https://www.amazon.com/dp/B07D83162X?tag=eloabder-20&linkCode=osi&th=1&psc=1">View Product</a></div><div class="product"><a href="https://www.amazon.com/dp/B0CXQ6QP2B?tag=eloabder-20&linkCode=osi&th=1&psc=1"><img src="https://m.media-amazon.com/images/I/41zGg7iGu+L._SL500_.jpg" alt="Product Image"></a><p>CLIF BAR - Crunchy Peanut Butter - Made with Organic Oats - 11g Protein - Non-GMO - Plant Based - Energy Bars - 2.4 oz. (15 Pack)</p><p>$17.24 ($0.48 / Ounce)</p><a href="https://www.amazon.com/dp/B0CXQ6QP2B?tag=eloabder-20&linkCode=osi&th=1&psc=1">View Product</a></div><div class="product"><a href="https://www.amazon.com/dp/B00GJ82VK4?tag=eloabder-20&linkCode=osi&th=1&psc=1"><img src="https://m.media-amazon.com/images/I/51j2KOV9-+L._SL500_.jpg" alt="Product Image"></a><p>Pure Protein Bars, High Protein, Nutritious Snacks to Support Energy, Low Sugar, Gluten Free, Chocolate Peanut Butter, 1.76oz, 12 Count (Packaging May Vary)</p><p>$15.55 ($0.73 / Ounce)</p><a href="https://www.amazon.com/dp/B00GJ82VK4?tag=eloabder-20&linkCode=osi&th=1&psc=1">View Product</a></div><div class="product"><a href="https://www.amazon.com/dp/B084R2FJVV?tag=eloabder-20&linkCode=osi&th=1&psc=1"><img src="https://m.media-amazon.com/images/I/51mGjMQ-PjL._SL500_.jpg" alt="Product Image"></a><p>KIND Energy Bars, Chocolate Chunk, Healthy Snacks, Gluten Free, 30 Count</p><p>$35.45 ($0.56 / Ounce)</p><a href="https://www.amazon.com/dp/B084R2FJVV?tag=eloabder-20&linkCode=osi&th=1&psc=1">View Product</a></div><div class="product"><a href="https://www.amazon.com/dp/B0BHMRSNWX?tag=eloabder-20&linkCode=osi&th=1&psc=1"><img src="https://m.media-amazon.com/images/I/51mha5Z8vAL._SL500_.jpg" alt="Product Image"></a><p>Verb Energy - Variety Pack Caffeinated Snack Bars - 110-Calorie Low Sugar Energy Bar - Nutrition Bars - Vegan Snacks - Gluten Free Breakfast Bars with Organic Green Tea, 26g (Pack of 16)</p><p>$28.95 ($1.97 / Ounce)</p><a href="https://www.amazon.com/dp/B0BHMRSNWX?tag=eloabder-20&linkCode=osi&th=1&psc=1">View Product</a></div><div class="product"><a href="https://www.amazon.com/dp/B08939X5HL?tag=eloabder-20&linkCode=osi&th=1&psc=1"><img src="https://m.media-amazon.com/images/I/51RKwNvJZiL._SL500_.jpg" alt="Product Image"></a><p>Nature Valley Chewy Fruit and Nut Granola Bars, Trail Mix, 1.2 oz, 15 ct</p><p>$6.24 ($0.35 / Ounce)</p><a href="https://www.amazon.com/dp/B08939X5HL?tag=eloabder-20&linkCode=osi&th=1&psc=1">View Product</a></div><div class="product"><a href="https://www.amazon.com/dp/B004XEDS5I?tag=eloabder-20&linkCode=osi&th=1&psc=1"><img src="https://m.media-amazon.com/images/I/51dc89OLXjL._SL500_.jpg" alt="Product Image"></a><p>CLIF BAR - Chocolate Chip - Made with Organic Oats - Non-GMO - Plant Based - Energy Bars - 2.4 oz. (12 Pack)</p><p>$15.17 ($0.53 / Ounce)</p><a href="https://www.amazon.com/dp/B004XEDS5I?tag=eloabder-20&linkCode=osi&th=1&psc=1">View Product</a></div><div class="product"><a href="https://www.amazon.com/dp/B07HHK51J9?tag=eloabder-20&linkCode=osi&th=1&psc=1"><img src="https://m.media-amazon.com/images/I/41h0pofx49L._SL500_.jpg" alt="Product Image"></a><p>Quantum Energy Square: Energy Bar with Caffeine & 10g Protein. Delicious Healthy Snack On The Go. (Vegan, Gluten-free, Soy-free, Dairy-free). Flavor: Variety 8Pk</p><p>$19.95 ($1.48 / Ounce)</p><a href="https://www.amazon.com/dp/B07HHK51J9?tag=eloabder-20&linkCode=osi&th=1&psc=1">View Product</a></div><div class="product"><a href="https://www.amazon.com/dp/B0BY3NL6N3?tag=eloabder-20&linkCode=osi&th=1&psc=1"><img src="https://m.media-amazon.com/images/I/61a84haNQXL._SL500_.jpg" alt="Product Image"></a><p>Atkins Soft Baked Energy Bars, Blueberry, 15g Protein,2g Sugar, Excellent Source of Fiber, Low Carb, 4 Packs (5 Bars Each)</p><p>$40.00 ($2.00 / Count)</p><a href="https://www.amazon.com/dp/B0BY3NL6N3?tag=eloabder-20&linkCode=osi&th=1&psc=1">View Product</a></div><div class="product"><a href="https://www.amazon.com/dp/B0767X1YGZ?tag=eloabder-20&linkCode=osi&th=1&psc=1"><img src="https://m.media-amazon.com/images/I/41wLM+HSd7L._SL500_.jpg" alt="Product Image"></a><p>SKRATCH LABS Energy Bar | Cherry + Pistachio (12 pack) | Plant Based Healthy Snack | Low Sugar - 5g Protein | non-gmo, gluten free, soy free, vegan, kosher</p><p>$29.95 ($1.41 / Ounce)</p><a href="https://www.amazon.com/dp/B0767X1YGZ?tag=eloabder-20&linkCode=osi&th=1&psc=1">View Product</a></div>
<div class="product"><a href="https://www.amazon.com/dp/B00819SSGK?tag=eloabder-20&linkCode=osi&th=1&psc=1"><img src="https://m.media-amazon.com/images/I/51OoPlQlUFL._SL500_.jpg" alt="Product Image"></a><p>Orville Redenbacher's Original Gourmet Popping Corn Kernels, 8 lb.</p><p>$13.28 ($0.10 / Ounce)</p><a href="https://www.amazon.com/dp/B00819SSGK?tag=eloabder-20&linkCode=osi&th=1&psc=1">View Product</a></div><div class="product"><a href="https://www.amazon.com/dp/B0C8QMKF7K?tag=eloabder-20&linkCode=osi&th=1&psc=1"><img src="https://m.media-amazon.com/images/I/41Q1zRw163L._SL500_.jpg" alt="Product Image"></a><p>Extra Buttery Caramel Gourmet Popcorn | 6 Cups Total | Made From Scratch, Made in USA, & GMO-Free | Great as a Snack, Gift, Thank You, & Movie Night - (10.8oz Total)</p><p>$8.99 ($0.83 / Ounce)</p><a href="https://www.amazon.com/dp/B0C8QMKF7K?tag=eloabder-20&linkCode=osi&th=1&psc=1">View Product</a></div><div class="product"><a href="https://www.amazon.com/dp/B0CKLW62T5?tag=eloabder-20&linkCode=osi&th=1&psc=1"><img src="https://m.media-amazon.com/images/I/51UzqTDjfaL._SL500_.jpg" alt="Product Image"></a><p>Garrett Popcorn Garrett Mix, 6.0oz, 4 Bags, Cheese and Caramel Gourmet Popcorn, Gluten Free, Sweet and Salty Snack, Popped Popcorn Bags</p><p>$24.95 ($1.04 / Ounce)</p><a href="https://www.amazon.com/dp/B0CKLW62T5?tag=eloabder-20&linkCode=osi&th=1&psc=1">View Product</a></div><div class="product"><a href="https://www.amazon.com/dp/B07JN5467R?tag=eloabder-20&linkCode=osi&th=1&psc=1"><img src="https://m.media-amazon.com/images/I/51vsJLZ79WL._SL500_.jpg" alt="Product Image"></a><p>Urban Accents MOVIE NIGHT Popcorn Kernels and Popcorn Seasoning Variety Pack (set of 8) - 3 Non-GMO Popcorn Kernel Packs and 5 Gourmet Popcorn Snack Seasoning</p><p>$22.00 ($1.01 / Ounce)</p><a href="https://www.amazon.com/dp/B07JN5467R?tag=eloabder-20&linkCode=osi&th=1&psc=1">View Product</a></div><div class="product"><a href="https://www.amazon.com/dp/B0C9592XTW?tag=eloabder-20&linkCode=osi&th=1&psc=1"><img src="https://m.media-amazon.com/images/I/41DvOymNLML._SL500_.jpg" alt="Product Image"></a><p>Funky Chunky Gourmet Popcorn, Chocolatey Popcorn, Pretzel, and Nutty Mixes, Peanut Butter Cup Popcorn, 19-Ounce Large Bag (Pack of 1)</p><p>$15.00 ($0.79 / Ounce)</p><a href="https://www.amazon.com/dp/B0C9592XTW?tag=eloabder-20&linkCode=osi&th=1&psc=1">View Product</a></div><div class="product"><a href="https://www.amazon.com/dp/B0D3FH1GW4?tag=eloabder-20&linkCode=osi&th=1&psc=1"><img src="https://m.media-amazon.com/images/I/51hBtOn2I4L._SL500_.jpg" alt="Product Image"></a><p>Garrett Popcorn Garrett Mix, 1.9oz, 12 Bags, Cheese and Caramel Gourmet Popcorn, Gluten Free, Sweet and Salty Snack Bags, Popped Popcorn Bags, Multipack</p><p>$29.95 ($1.31 / Ounce)</p><a href="https://www.amazon.com/dp/B0D3FH1GW4?tag=eloabder-20&linkCode=osi&th=1&psc=1">View Product</a></div><div class="product"><a href="https://www.amazon.com/dp/B00Q0PWE7Q?tag=eloabder-20&linkCode=osi&th=1&psc=1"><img src="https://m.media-amazon.com/images/I/51jM1d0eF8L._SL500_.jpg" alt="Product Image"></a><p>Popcornopolis Gourmet Caramel Corn Popcorn, Popped Popcorn Snack Bags 9.5 Oz</p><p>$8.99 ($0.95 / Ounce)</p><a href="https://www.amazon.com/dp/B00Q0PWE7Q?tag=eloabder-20&linkCode=osi&th=1&psc=1">View Product</a></div><div class="product"><a href="https://www.amazon.com/dp/B00D2H6LOW?tag=eloabder-20&linkCode=osi&th=1&psc=1"><img src="https://m.media-amazon.com/images/I/41iePRgsY5L._SL500_.jpg" alt="Product Image"></a><p>Thatcher's Gourmet Specialties Fruit Medley, 8 Oz (Pack of 1)</p><p>$6.25 ($0.78 / Ounce)</p><a href="https://www.amazon.com/dp/B00D2H6LOW?tag=eloabder-20&linkCode=osi&th=1&psc=1">View Product</a></div>
<div class="product"><a href="https://www.amazon.com/dp/B07ZXN7LPC?tag=eloabder-20&linkCode=osi&th=1&psc=1"><img src="https://m.media-amazon.com/images/I/51YkD3V1JyL._SL500_.jpg" alt="Product Image"></a><p>Mantova Organic Italian Specialty Pasta, Caserecce (2 packs of 1 lb. each) - Artisan Pasta, Non-GMO, Vegan, Kosher Certified, and Imported From Italy, Premium Quality</p><p>$12.99 ($0.41 / Ounce)</p><a href="https://www.amazon.com/dp/B07ZXN7LPC?tag=eloabder-20&linkCode=osi&th=1&psc=1">View Product</a></div><div class="product"><a href="https://www.amazon.com/dp/B01F2Z8ZOU?tag=eloabder-20&linkCode=osi&th=1&psc=1"><img src="https://m.media-amazon.com/images/I/51MK8iWLCgL._SL500_.jpg" alt="Product Image"></a><p>Mantova Organic Italian Specialty Pasta, Lumaconi, 1 lb (Pack of 2)</p><p>$13.99 ($0.87 / Ounce)</p><a href="https://www.amazon.com/dp/B01F2Z8ZOU?tag=eloabder-20&linkCode=osi&th=1&psc=1">View Product</a></div><div class="product"><a href="https://www.amazon.com/dp/B004N5HA6A?tag=eloabder-20&linkCode=osi&th=1&psc=1"><img src="https://m.media-amazon.com/images/I/517oR0RhHgL._SL500_.jpg" alt="Product Image"></a><p>Morelli Gourmet Pasta Italian Gift Basket From Italy - Tricolor Pasta Linguine Set - Red Chili, Garlic & Basil, and Lemon Pasta - Tricolored Organic Pasta from Italy, Made in Italy (3x 8.8 Ounce)</p><p>$31.99 ($1.21 / Ounce)</p><a href="https://www.amazon.com/dp/B004N5HA6A?tag=eloabder-20&linkCode=osi&th=1&psc=1">View Product</a></div><div class="product"><a href="https://www.amazon.com/dp/B00I8R5HSW?tag=eloabder-20&linkCode=osi&th=1&psc=1"><img src="https://m.media-amazon.com/images/I/41miThBoNtL._SL500_.jpg" alt="Product Image"></a><p>Mafaldine Italian Pasta di Gragnano | I.G.P. Protected | USDA Certified Organic | 17.6 Ounce | 500 Gram</p><p>$12.95 ($0.73 / Ounce)</p><a href="https://www.amazon.com/dp/B00I8R5HSW?tag=eloabder-20&linkCode=osi&th=1&psc=1">View Product</a></div><div class="product"><a href="https://www.amazon.com/dp/B0B1469JM5?tag=eloabder-20&linkCode=osi&th=1&psc=1"><img src="https://m.media-amazon.com/images/I/51spzGwiJ9L._SL500_.jpg" alt="Product Image"></a><p>Morelli Busiate, Pici, and Bucatini Organic Pasta Variety Pack - Imported Italian Pasta Sampler - Specialty Assortment Includes Three-17.6 oz Packages of Gourmet Pasta from Italy</p><p>$39.99 ($0.76 / Ounce)</p><a href="https://www.amazon.com/dp/B0B1469JM5?tag=eloabder-20&linkCode=osi&th=1&psc=1">View Product</a></div><div class="product"><a href="https://www.amazon.com/dp/B083X2P94L?tag=eloabder-20&linkCode=osi&th=1&psc=1"><img src="https://m.media-amazon.com/images/I/51APpkv+ImL._SL500_.jpg" alt="Product Image"></a><p>Pasta Deliziosa! Handcrafted Pasta Variety Pack, All Flavors, 12 Ounce (Pack of 6)</p><p>$38.99 ($3.25 / Ounce)</p><a href="https://www.amazon.com/dp/B083X2P94L?tag=eloabder-20&linkCode=osi&th=1&psc=1">View Product</a></div><div class="product"><a href="https://www.amazon.com/dp/B0793LPXRN?tag=eloabder-20&linkCode=osi&th=1&psc=1"><img src="https://m.media-amazon.com/images/I/41zIY0jxDdL._SL500_.jpg" alt="Product Image"></a><p>La Molisana Pasta Anellini Siciliani, 16 oz</p><p>$6.95 ($0.43 / Ounce)</p><a href="https://www.amazon.com/dp/B0793LPXRN?tag=eloabder-20&linkCode=osi&th=1&psc=1">View Product</a></div><div class="product"><a href="https://www.amazon.com/dp/B006ODJEBS?tag=eloabder-20&linkCode=osi&th=1&psc=1"><img src="https://m.media-amazon.com/images/I/51x4T3SOw1L._SL500_.jpg" alt="Product Image"></a><p>La Molisana Pasta Fusilli Bucati Cort, 1 Pound (Pack of 1)</p><p>$7.99 ($0.05 / Ounce)</p><a href="https://www.amazon.com/dp/B006ODJEBS?tag=eloabder-20&linkCode=osi&th=1&psc=1">View Product</a></div><div class="product"><a href="https://www.amazon.com/dp/B0095F92HS?tag=eloabder-20&linkCode=osi&th=1&psc=1"><img src="https://m.media-amazon.com/images/I/51IXE-gW1gL._SL500_.jpg" alt="Product Image"></a><p>De Cecco Pasta, Egg Pappardelle, 8.8 Ounce</p><p>$2.50 ($0.28 / Ounce)</p><a href="https://www.amazon.com/dp/B0095F92HS?tag=eloabder-20&linkCode=osi&th=1&psc=1">View Product</a></div><div class="product"><a href="https://www.amazon.com/dp/B000LRH8AM?tag=eloabder-20&linkCode=osi&th=1&psc=1"><img src="https://m.media-amazon.com/images/I/517Gsx3xbQL._SL500_.jpg" alt="Product Image"></a><p>RiceSelect Tri-Color Orzo Rice-Shaped Pasta, Premium Spinach- and Tomato-Flavored Non-GMO Orzo Pasta, 32-Ounce Jar</p><p>$7.29 ($0.28 / Ounce)</p><a href="https://www.amazon.com/dp/B000LRH8AM?tag=eloabder-20&linkCode=osi&th=1&psc=1">View Product</a></div>
<div class="product"><a href="https://www.amazon.com/dp/B00LUK2TGC?tag=eloabder-20&linkCode=osi&th=1&psc=1"><img src="https://m.media-amazon.com/images/I/51-6ifc3VmL._SL500_.jpg" alt="Product Image"></a><p>The Gourmet Choice Gift Basket by Wine Country Gift Baskets</p><p>$83.35</p><a href="https://www.amazon.com/dp/B00LUK2TGC?tag=eloabder-20&linkCode=osi&th=1&psc=1">View Product</a></div><div class="product"><a href="https://www.amazon.com/dp/B009LHPJ1S?tag=eloabder-20&linkCode=osi&th=1&psc=1"><img src="https://m.media-amazon.com/images/I/51cf0AEkjgL._SL500_.jpg" alt="Product Image"></a><p>Wine Country Gift Baskets Gourmet Feast Perfect For Family, Friends, Co-Workers, Loved Ones and Clients</p><p>$59.95</p><a href="https://www.amazon.com/dp/B009LHPJ1S?tag=eloabder-20&linkCode=osi&th=1&psc=1">View Product</a></div><div class="product"><a href="https://www.amazon.com/dp/B004D9XYWU?tag=eloabder-20&linkCode=osi&th=1&psc=1"><img src="https://m.media-amazon.com/images/I/515H6eRSagL._SL500_.jpg" alt="Product Image"></a><p>A Gift Inside Chocolate, Caramel and Crunch Grand Gift Basket</p><p>$42.95</p><a href="https://www.amazon.com/dp/B004D9XYWU?tag=eloabder-20&linkCode=osi&th=1&psc=1">View Product</a></div><div class="product"><a href="https://www.amazon.com/dp/B00BY78O7Y?tag=eloabder-20&linkCode=osi&th=1&psc=1"><img src="https://m.media-amazon.com/images/I/51sFeewMqVL._SL500_.jpg" alt="Product Image"></a><p>The Bon Appetit Gourmet Gift Basket by Wine Country Gift Baskets Gift for Families College Students Appreciation Thank You Congratulations Get Well Soon Care Package</p><p>$49.95</p><a href="https://www.amazon.com/dp/B00BY78O7Y?tag=eloabder-20&linkCode=osi&th=1&psc=1">View Product</a></div><div class="product"><a href="https://www.amazon.com/dp/B07CHSN691?tag=eloabder-20&linkCode=osi&th=1&psc=1"><img src="https://m.media-amazon.com/images/I/51-Qvkf4yFL._SL500_.jpg" alt="Product Image"></a><p>Dried Fruit Gift Basket– Healthy Gourmet Snack Box - Holiday Food Tray - Variety Snacks - Birthday, Sympathy, Mom, Dad, Corporate Tray - Bonnie & Pop</p><p>$37.99</p><a href="https://www.amazon.com/dp/B07CHSN691?tag=eloabder-20&linkCode=osi&th=1&psc=1">View Product</a></div><div class="product"><a href="https://www.amazon.com/dp/B00FBGKCHE?tag=eloabder-20&linkCode=osi&th=1&psc=1"><img src="https://m.media-amazon.com/images/I/51anmoX7EkL._SL500_.jpg" alt="Product Image"></a><p>Broadway Basketeers Chocolate Gift Basket Snack Gifts for Women, Men, Families, College, Appreciation, Thank You, Birthday, Corporate, Get Well Soon, Sympathy Care Package</p><p>$48.70 ($48.70 / Count)</p><a href="https://www.amazon.com/dp/B00FBGKCHE?tag=eloabder-20&linkCode=osi&th=1&psc=1">View Product</a></div><div class="product"><a href="https://www.amazon.com/dp/B00BY78O60?tag=eloabder-20&linkCode=osi&th=1&psc=1"><img src="https://m.media-amazon.com/images/I/51vKfvc7JTL._SL500_.jpg" alt="Product Image"></a><p>Wine Country Gift Baskets The Connoisseur Gourmet Gift Basket Food Gift Basket for Families College Students Appreciation Thank You Congratulations Get Well Soon Care Package</p><p>$56.36</p><a href="https://www.amazon.com/dp/B00BY78O60?tag=eloabder-20&linkCode=osi&th=1&psc=1">View Product</a></div><div class="product"><a href="https://www.amazon.com/dp/B07FT598PM?tag=eloabder-20&linkCode=osi&th=1&psc=1"><img src="https://m.media-amazon.com/images/I/51OJVHYoRsL._SL500_.jpg" alt="Product Image"></a><p>Wine Country Gift Baskets Gourmet Deluxe Gift Basket</p><p>$99.95</p><a href="https://www.amazon.com/dp/B07FT598PM?tag=eloabder-20&linkCode=osi&th=1&psc=1">View Product</a></div>
<div class="product"><a href="https://www.amazon.com/dp/B0B5ZTZL6G?tag=eloabder-20&linkCode=osi&th=1&psc=1"><img src="https://m.media-amazon.com/images/I/51rZYLnRlVL._SL500_.jpg" alt="Product Image"></a><p>Reinmoson Tea Strainers for Loose Tea, Extra Fine Mesh Tea Infuser, 304 Stainless Steel & Updated Slim Threaded Lid, Loose Leaf Tea Steeper for Black Tea, Rooibos, etc</p><p>$9.99</p><a href="https://www.amazon.com/dp/B0B5ZTZL6G?tag=eloabder-20&linkCode=osi&th=1&psc=1">View Product</a></div><div class="product"><a href="https://www.amazon.com/dp/B00SBTK5KW?tag=eloabder-20&linkCode=osi&th=1&psc=1"><img src="https://m.media-amazon.com/images/I/414cqIbd9eL._SL500_.jpg" alt="Product Image"></a><p>Tea Forte Single Steeps Loose Leaf Lotus Tea Sampler, Assorted Variety Tea Box, Serve Pouches,15 Count (Pack of 1)</p><p>$18.00 ($9.33 / Ounce)</p><a href="https://www.amazon.com/dp/B00SBTK5KW?tag=eloabder-20&linkCode=osi&th=1&psc=1">View Product</a></div><div class="product"><a href="https://www.amazon.com/dp/B08VMR4MXN?tag=eloabder-20&linkCode=osi&th=1&psc=1"><img src="https://m.media-amazon.com/images/I/51qQv4-VV3L._SL500_.jpg" alt="Product Image"></a><p>Twinings Tea Sampler Set 12 Flavors Assortment 48 Assorted Tea Bags with 20 Honey Sticks for Tea, Straws and Naturally Caffeine Free Herbal Tea Set…</p><p>$22.96 ($22.96 / Count)</p><a href="https://www.amazon.com/dp/B08VMR4MXN?tag=eloabder-20&linkCode=osi&th=1&psc=1">View Product</a></div><div class="product"><a href="https://www.amazon.com/dp/B074T2FWJY?tag=eloabder-20&linkCode=osi&th=1&psc=1"><img src="https://m.media-amazon.com/images/I/41n1uoomGAL._SL500_.jpg" alt="Product Image"></a><p>10Pcs Heart Tea Infuser for Loose Leaf Tea Steeper - Tea Diffusers for Loose Tea Leaf Steeper Tea Strainers for Loose Tea Infuser Spoon - Tea Steeper for Loose Tea Strainer Heart Shaped Tea Infuser</p><p>$9.98 ($1.00 / Count)</p><a href="https://www.amazon.com/dp/B074T2FWJY?tag=eloabder-20&linkCode=osi&th=1&psc=1">View Product</a></div><div class="product"><a href="https://www.amazon.com/dp/B074L4MZRY?tag=eloabder-20&linkCode=osi&th=1&psc=1"><img src="https://m.media-amazon.com/images/I/418v4F8ZhkL._SL500_.jpg" alt="Product Image"></a><p>VAHDAM Perfect Measure Loose Leaf Tea Spoon | Premium Quality Stainless Steel Tea Scoop | Perfect Measuring Teaspoons To Brew 1 Cup Of Loose Leaf Tea & Matcha</p><p>$7.99</p><a href="https://www.amazon.com/dp/B074L4MZRY?tag=eloabder-20&linkCode=osi&th=1&psc=1">View Product</a></div><div class="product"><a href="https://www.amazon.com/dp/B09FF6P7BL?tag=eloabder-20&linkCode=osi&th=1&psc=1"><img src="https://m.media-amazon.com/images/I/41oGPC0w7ML._SL500_.jpg" alt="Product Image"></a><p>Cute Tea Infuser by OTOTO - Loose Leaf Tea Steeper, Tea Accessories, Tea Diffusers, Tea Infuser for Loose Leaf Tea, Tea Strainers, Cute Gifts, Tea Gift Set, Kitchen Gifts, Cooking Gadgets</p><p>$14.95</p><a href="https://www.amazon.com/dp/B09FF6P7BL?tag=eloabder-20&linkCode=osi&th=1&psc=1">View Product</a></div><div class="product"><a href="https://www.amazon.com/dp/B072XP4FQK?tag=eloabder-20&linkCode=osi&th=1&psc=1"><img src="https://m.media-amazon.com/images/I/31Lfv+7oU6L._SL500_.jpg" alt="Product Image"></a><p>Tea Infuser (Set of 2 Pyramid & Square) with Tea Scoop | Ultra Fine Tea Strainer for Loose Leaf Tea | Stainless Steel Tea Steeper for a Superior Brewing Experience</p><p>$9.99</p><a href="https://www.amazon.com/dp/B072XP4FQK?tag=eloabder-20&linkCode=osi&th=1&psc=1">View Product</a></div><div class="product"><a href="https://www.amazon.com/dp/B0D2SCT4C4?tag=eloabder-20&linkCode=osi&th=1&psc=1"><img src="https://m.media-amazon.com/images/I/51vJnfc4-JL._SL500_.jpg" alt="Product Image"></a><p>Organic Tea Gift Set with Portable Kettle - 36 Piece Tea Gifts for Tea Lovers - Includes Insulated Mug, Assorted Organic Teas, Honey Sticks & Tea Accessories - Ultimate Brewing Experience</p><p>$56.90</p><a href="https://www.amazon.com/dp/B0D2SCT4C4?tag=eloabder-20&linkCode=osi&th=1&psc=1">View Product</a></div>
<div class="product"><a href="https://www.amazon.com/dp/B01NAV05XS?tag=eloabder-20&linkCode=osi&th=1&psc=1"><img src="https://m.media-amazon.com/images/I/51xpd-egLaL._SL500_.jpg" alt="Product Image"></a><p>Torani Variety Pack Caramel, French Vanilla, Vanilla & Hazelnut, 25.4 Ounces (Pack of 4)</p><p>$35.99 ($0.35 / Fl Oz)</p><a href="https://www.amazon.com/dp/B01NAV05XS?tag=eloabder-20&linkCode=osi&th=1&psc=1">View Product</a></div><div class="product"><a href="https://www.amazon.com/dp/B084NVN1J6?tag=eloabder-20&linkCode=osi&th=1&psc=1"><img src="https://m.media-amazon.com/images/I/51Vz7p8hhyL._SL500_.jpg" alt="Product Image"></a><p>Bones Coffee Company Cookies 'N Dreams Coffee Beans, Cookies & Cream Flavor, Low Acid Flavored Coffee, Made with Arabica Coffee Beans, Medium Roast Gourmet Coffee (12 oz)</p><p>$17.99 ($1.50 / Ounce)</p><a href="https://www.amazon.com/dp/B084NVN1J6?tag=eloabder-20&linkCode=osi&th=1&psc=1">View Product</a></div><div class="product"><a href="https://www.amazon.com/dp/B0C2DHCBD6?tag=eloabder-20&linkCode=osi&th=1&psc=1"><img src="https://m.media-amazon.com/images/I/51wa33jmF7L._SL500_.jpg" alt="Product Image"></a><p>Torani Puremade Sauce Variety Pack, 4 Flavors, 16.5 Ounces Bottle (Set of 4)</p><p>$25.99 ($0.39 / Ounce)</p><a href="https://www.amazon.com/dp/B0C2DHCBD6?tag=eloabder-20&linkCode=osi&th=1&psc=1">View Product</a></div><div class="product"><a href="https://www.amazon.com/dp/B000S75D66?tag=eloabder-20&linkCode=osi&th=1&psc=1"><img src="https://m.media-amazon.com/images/I/41AZMaoxbWL._SL500_.jpg" alt="Product Image"></a><p>illy Ground Coffee Moka - 100% Arabica Flavored Coffee Ground - Rich Aromatic Coffee Grounds Profile – Classico Medium Roast - Notes of Caramel, Orange Blossom & Jasmine - No Preservatives – 8.8 Ounce</p><p>$13.85 ($1.57 / Ounce)</p><a href="https://www.amazon.com/dp/B000S75D66?tag=eloabder-20&linkCode=osi&th=1&psc=1">View Product</a></div><div class="product"><a href="https://www.amazon.com/dp/B0BBY6V5T3?tag=eloabder-20&linkCode=osi&th=1&psc=1"><img src="https://m.media-amazon.com/images/I/515wvEFTD7L._SL500_.jpg" alt="Product Image"></a><p>Bones Coffee Company NEW World Tour Sample Pack | Ground Coffee Beans Sampler Gift Box Set | 4 oz Pack of 5 Assorted Single-Origin Gourmet Coffee Gifts | Medium Roast Coffee Beverages (Ground)</p><p>$34.99 ($1.75 / Ounce)</p><a href="https://www.amazon.com/dp/B0BBY6V5T3?tag=eloabder-20&linkCode=osi&th=1&psc=1">View Product</a></div>

<div class="product"><a href="https://www.amazon.com/dp/B01E4C982U?tag=eloabder-20&linkCode=osi&th=1&psc=1"><img src="https://m.media-amazon.com/images/I/51nAunBrSiL._SL500_.jpg" alt="Product Image"></a><p>Green Tea leaves Sencha, JAS Certified Organic, Japanese Tea, Uji-Kyoto, 80g Bag 【YAMASAN】</p><p>$14.70 ($5.25 / Ounce)</p><a href="https://www.amazon.com/dp/B01E4C982U?tag=eloabder-20&linkCode=osi&th=1&psc=1">View Product</a></div><div class="product"><a href="https://www.amazon.com/dp/B000SARJF6?tag=eloabder-20&linkCode=osi&th=1&psc=1"><img src="https://m.media-amazon.com/images/I/51hE2hmSzuL._SL500_.jpg" alt="Product Image"></a><p>Davidson's Tea Bulk, English Breakfast, 16 Ounce</p><p>$15.99 ($1.00 / Ounce)</p><a href="https://www.amazon.com/dp/B000SARJF6?tag=eloabder-20&linkCode=osi&th=1&psc=1">View Product</a></div><div class="product"><a href="https://www.amazon.com/dp/B008FOLQRE?tag=eloabder-20&linkCode=osi&th=1&psc=1"><img src="https://m.media-amazon.com/images/I/51F0rcvhhvL._SL500_.jpg" alt="Product Image"></a><p>Traditional Medicinals Organic Raspberry Leaf Herbal Tea, Eases Menstrual Cramps & Supports Healthy Pregnancy, (Pack of 1) - 16 Tea Bags</p><p>$4.92 ($5.79 / Ounce)</p><a href="https://www.amazon.com/dp/B008FOLQRE?tag=eloabder-20&linkCode=osi&th=1&psc=1">View Product</a></div><div class="product"><a href="https://www.amazon.com/dp/B00136MKEO?tag=eloabder-20&linkCode=osi&th=1&psc=1"><img src="https://m.media-amazon.com/images/I/41Ll68Q3iLL._SL500_.jpg" alt="Product Image"></a><p>Ahmad Tea Earl Grey Aromatic Loose Tea, Ceylon Caddy, 17.6 Oz</p><p>$14.87 ($0.84 / Ounce)</p><a href="https://www.amazon.com/dp/B00136MKEO?tag=eloabder-20&linkCode=osi&th=1&psc=1">View Product</a></div><div class="product"><a href="https://www.amazon.com/dp/B087G3NQGN?tag=eloabder-20&linkCode=osi&th=1&psc=1"><img src="https://m.media-amazon.com/images/I/51wev+SayvL._SL500_.jpg" alt="Product Image"></a><p>TIAN HU SHAN Premium Green Tea Loose Leaf 16 Ounce (454g)</p><p>$14.98 ($0.94 / Ounce)</p><a href="https://www.amazon.com/dp/B087G3NQGN?tag=eloabder-20&linkCode=osi&th=1&psc=1">View Product</a></div><div class="product"><a href="https://www.amazon.com/dp/B007Y94GN2?tag=eloabder-20&linkCode=osi&th=1&psc=1"><img src="https://m.media-amazon.com/images/I/51hqdPaNJYL._SL500_.jpg" alt="Product Image"></a><p>The Tao of Tea, Hibiscus Ginger Tea, Loose Leaf, 3.0 Ounce Tin to make 50 cups</p><p>$10.90 ($3.63 / Ounce)</p><a href="https://www.amazon.com/dp/B007Y94GN2?tag=eloabder-20&linkCode=osi&th=1&psc=1">View Product</a></div><div class="product"><a href="https://www.amazon.com/dp/B0D3WN5RG3?tag=eloabder-20&linkCode=osi&th=1&psc=1"><img src="https://m.media-amazon.com/images/I/5109jIe8NoL._SL500_.jpg" alt="Product Image"></a><p>Mevlana Ceylon Tea, Loose Leaf, 1 Lbs - Best Ceylon Black Tea Leaves from Sri Lanka - Loose Leaf Black Tea</p><p>$14.99 ($0.94 / Ounce)</p><a href="https://www.amazon.com/dp/B0D3WN5RG3?tag=eloabder-20&linkCode=osi&th=1&psc=1">View Product</a></div><div class="product"><a href="https://www.amazon.com/dp/B087G345SM?tag=eloabder-20&linkCode=osi&th=1&psc=1"><img src="https://m.media-amazon.com/images/I/51gQfgKqklL._SL500_.jpg" alt="Product Image"></a><p>TIAN HU SHAN Premium Oolong Tea Loose Leaf 14 Ounce (400g)</p><p>$14.99 ($1.07 / Ounce)</p><a href="https://www.amazon.com/dp/B087G345SM?tag=eloabder-20&linkCode=osi&th=1&psc=1">View Product</a></div>
<div class="product"><a href="https://www.amazon.com/dp/B08XWVFTKS?tag=eloabder-20&linkCode=osi&th=1&psc=1"><img src="https://m.media-amazon.com/images/I/41hJk3cTdnL._SL500_.jpg" alt="Product Image"></a><p>Lindt Gourmet Chocolate Truffles Gift Box, Assorted Chocolate Truffles, Great for gift giving, 14.7 Ounces</p><p>$24.99 ($1.70 / Ounce)</p><a href="https://www.amazon.com/dp/B08XWVFTKS?tag=eloabder-20&linkCode=osi&th=1&psc=1">View Product</a></div>
<div class="product"><a href="https://www.amazon.com/dp/B0CJ3XYPV3?tag=eloabder-20&linkCode=osi&th=1&psc=1"><img src="https://m.media-amazon.com/images/I/519ufxoFyDL._SL500_.jpg" alt="Product Image"></a><p>Blue House VARIETY Handcrafted Gourmet Caramel Candies Gift Box, Maple, Raspberry, Coffee, and Sea Salt</p><p>$26.98 ($1.35 / Count)</p><a href="https://www.amazon.com/dp/B0CJ3XYPV3?tag=eloabder-20&linkCode=osi&th=1&psc=1">View Product</a></div><div class="product"><a href="https://www.amazon.com/dp/B06VW4Z7B1?tag=eloabder-20&linkCode=osi&th=1&psc=1"><img src="https://m.media-amazon.com/images/I/516NdD4b5nL._SL500_.jpg" alt="Product Image"></a><p>BALI'S BEST Coffee Candy - Original Flavor | 1lb Jar | Rich, Smooth Taste | Indulge in Gourmet Coffee Delight - For Coffee Lovers, Delicious Treat for Any Occasion</p><p>$9.87 ($0.62 / Ounce)</p><a href="https://www.amazon.com/dp/B06VW4Z7B1?tag=eloabder-20&linkCode=osi&th=1&psc=1">View Product</a></div><div class="product"><a href="https://www.amazon.com/dp/B086N119VC?tag=eloabder-20&linkCode=osi&th=1&psc=1"><img src="https://m.media-amazon.com/images/I/41xKAcovvCS._SL500_.jpg" alt="Product Image"></a><p>Cerez Pazari Turkish Delight Candy with Assorted Mix Flavours 16 oz Gourmet Medium Size Snacks Gift Box | No Nuts Sweet Luxury Traditional Confectionery Vegan Lokum Loukoumi Approx.42 Pcs</p><p>$13.49 ($0.96 / Ounce)</p><a href="https://www.amazon.com/dp/B086N119VC?tag=eloabder-20&linkCode=osi&th=1&psc=1">View Product</a></div>
<div class="product"><a href="https://www.amazon.com/dp/B07CJLPR4P?tag=eloabder-20&linkCode=osi&th=1&psc=1"><img src="https://m.media-amazon.com/images/I/41vviwnqT4L._SL500_.jpg" alt="Product Image"></a><p>Funky Chunky Gourmet Popcorn Sampler Variety Pack with all 5 flavors: Sea Salt Caramel, Nutty Choco Pop, Peanut Butter Cup, Chip Zel Pop, and Chocolate Pretzel, 2 oz (5 Bags)</p><p>$20.00 ($2.00 / Ounce)</p><a href="https://www.amazon.com/dp/B07CJLPR4P?tag=eloabder-20&linkCode=osi&th=1&psc=1">View Product</a></div><div class="product"><a href="https://www.amazon.com/dp/B0CB1Q5YQ1?tag=eloabder-20&linkCode=osi&th=1&psc=1"><img src="https://m.media-amazon.com/images/I/61Xzv3ZgRIL._SL500_.jpg" alt="Product Image"></a><p>Italian Cracker Assortment - Pack of 30 - Snack Size Cracker Packs - Great Mother's Day Gift - Gourmet Artisan Cracker Variety Pack - Rosemary, Olive, Sesame, Poppy & Sesame, Pizza Flavors - Gourmet Crackers for Charcuterie Party - Cracker Gift Box - Kosher, Preservative Free</p><p>$29.99 ($34.01 / Ounce)</p><a href="https://www.amazon.com/dp/B0CB1Q5YQ1?tag=eloabder-20&linkCode=osi&th=1&psc=1">View Product</a></div><div class="product"><a href="https://www.amazon.com/dp/B0BLMMSPLW?tag=eloabder-20&linkCode=osi&th=1&psc=1"><img src="https://m.media-amazon.com/images/I/61jdT7ZVojL._SL500_.jpg" alt="Product Image"></a><p>International Snack Box, 30 Pcs Premium Foreign Rare Snack Food Gifts with Suprise Item,European Snacks for Adults and Kids for Easter Day</p><p>$39.95 ($0.62 / Ounce)</p><a href="https://www.amazon.com/dp/B0BLMMSPLW?tag=eloabder-20&linkCode=osi&th=1&psc=1">View Product</a></div><div class="product"><a href="https://www.amazon.com/dp/B07Z9SBTTC?tag=eloabder-20&linkCode=osi&th=1&psc=1"><img src="https://m.media-amazon.com/images/I/51P13LVLpjL._SL500_.jpg" alt="Product Image"></a><p>Sahale Snacks Glazed Mix Nut Blend Variety Pack, 1.5 Oz Grab & Go Bags (12 Total Packs) - Four Different Dry-Roasted Deluxe Mixed Nuts Blends Included - Non-GMO Kosher & Certified Gluten-Free Snacks</p><p>$42.20 ($2.34 / Ounce)</p><a href="https://www.amazon.com/dp/B07Z9SBTTC?tag=eloabder-20&linkCode=osi&th=1&psc=1">View Product</a></div><div class="product"><a href="https://www.amazon.com/dp/B00LAQ4Z1I?tag=eloabder-20&linkCode=osi&th=1&psc=1"><img src="https://m.media-amazon.com/images/I/41PkJ7khWFL._SL500_.jpg" alt="Product Image"></a><p>Sheila G's Brownie Brittle – Chocolate Chip & Salted Caramel Thin and Crispy Sweet Snacks (Pack of 20, 1 oz), Rich Gourmet Brownie Bites Dessert</p><p>$29.70 ($1.48 / Ounce)</p><a href="https://www.amazon.com/dp/B00LAQ4Z1I?tag=eloabder-20&linkCode=osi&th=1&psc=1">View Product</a></div><div class="product"><a href="https://www.amazon.com/dp/B09GW1NT5C?tag=eloabder-20&linkCode=osi&th=1&psc=1"><img src="https://m.media-amazon.com/images/I/613yB5WvmhL._SL500_.jpg" alt="Product Image"></a><p>CRAVEBOX Gourmet Specialty Snacks Box Care Package Boxes for College Students Adults Healthy Cookies Bar Organic Variety Gift Pack Assortment Basket Mix Sampler Treat Final Exam Office Men Women Halloween Back to School</p><p>$36.95 ($36.95 / Count)</p><a href="https://www.amazon.com/dp/B09GW1NT5C?tag=eloabder-20&linkCode=osi&th=1&psc=1">View Product</a></div>
<div class="product"><a href="https://www.amazon.com/dp/B00MPQ5ZOS?tag=eloabder-20&linkCode=osi&th=1&psc=1"><img src="https://m.media-amazon.com/images/I/51rC2bMIM5L._SL500_.jpg" alt="Product Image"></a><p>BetterBody Foods Organic Chia Seeds 2 lbs, 32 Oz, with Omega-3, Non-GMO, Gluten Free, Keto Diet Friendly, Vegan, Good Source of Fiber</p><p>$14.26 ($0.45 / Ounce)</p><a href="https://www.amazon.com/dp/B00MPQ5ZOS?tag=eloabder-20&linkCode=osi&th=1&psc=1">View Product</a></div><div class="product"><a href="https://www.amazon.com/dp/B000R7V3DE?tag=eloabder-20&linkCode=osi&th=1&psc=1"><img src="https://m.media-amazon.com/images/I/51YhGUGB+2L._SL500_.jpg" alt="Product Image"></a><p>Pacific Foods Organic Free Range Chicken Broth, 8 oz Carton (Pack of 4)</p><p>$3.39 ($0.11 / Fl Oz)</p><a href="https://www.amazon.com/dp/B000R7V3DE?tag=eloabder-20&linkCode=osi&th=1&psc=1">View Product</a></div><div class="product"><a href="https://www.amazon.com/dp/B073ZNGZ7F?tag=eloabder-20&linkCode=osi&th=1&psc=1"><img src="https://m.media-amazon.com/images/I/51PZf9bpVIL._SL500_.jpg" alt="Product Image"></a><p>BetterBody Foods Organic Quinoa, Vegan, Complete Plant Protein, Gluten Free, Low Glycemic Rice Replacement, 24 ounce</p><p>$15.63 ($0.65 / Fl Oz)</p><a href="https://www.amazon.com/dp/B073ZNGZ7F?tag=eloabder-20&linkCode=osi&th=1&psc=1">View Product</a></div><div class="product"><a href="https://www.amazon.com/dp/B01N3365YI?tag=eloabder-20&linkCode=osi&th=1&psc=1"><img src="https://m.media-amazon.com/images/I/41N0Mk2m0pL._SL500_.jpg" alt="Product Image"></a><p>NOW Foods, Organic Pumpkin Seeds, Raw and Unsalted, Excellent Source of Protein and Iron, Certified Non-GMO, Keto-Friendly Snack, 12-Ounce (Packaging May Vary)</p><p>$6.99 ($0.58 / Ounce)</p><a href="https://www.amazon.com/dp/B01N3365YI?tag=eloabder-20&linkCode=osi&th=1&psc=1">View Product</a></div><div class="product"><a href="https://www.amazon.com/dp/B0CMW5KTLL?tag=eloabder-20&linkCode=osi&th=1&psc=1"><img src="https://m.media-amazon.com/images/I/51skmBt-7dL._SL500_.jpg" alt="Product Image"></a><p>Kate’s Real Food Organic Granola Bars - Snack & Share Variety Pack (2.2 oz, Pack of 12) - Organic Energy Bars Made with Gluten Free Oats - Non GMO, Soy Free, Whole Grains, and All Natural</p><p>$33.88 ($1.28 / Ounce)</p><a href="https://www.amazon.com/dp/B0CMW5KTLL?tag=eloabder-20&linkCode=osi&th=1&psc=1">View Product</a></div><div class="product"><a href="https://www.amazon.com/dp/B008RLUXI8?tag=eloabder-20&linkCode=osi&th=1&psc=1"><img src="https://m.media-amazon.com/images/I/51cnqntGe8L._SL500_.jpg" alt="Product Image"></a><p>Annie's Organic Variety Pack, Cheddar Bunnies, Bunny Grahams and Cheddar Squares, 12 Pouches, 11 oz</p><p>$8.49 ($0.77 / Ounce)</p><a href="https://www.amazon.com/dp/B008RLUXI8?tag=eloabder-20&linkCode=osi&th=1&psc=1">View Product</a></div><div class="product"><a href="https://www.amazon.com/dp/B01IPZUZW4?tag=eloabder-20&linkCode=osi&th=1&psc=1"><img src="https://m.media-amazon.com/images/I/51F2XkB6b5L._SL500_.jpg" alt="Product Image"></a><p>BetterBody Foods Organic Cacao Powder, Rich Chocolate Flavor, Non-GMO, Gluten-Free, Cocoa, 16 ounce, 1 lb bag</p><p>$12.27 ($0.77 / Ounce)</p><a href="https://www.amazon.com/dp/B01IPZUZW4?tag=eloabder-20&linkCode=osi&th=1&psc=1">View Product</a></div><div class="product"><a href="https://www.amazon.com/dp/B016BC50VY?tag=eloabder-20&linkCode=osi&th=1&psc=1"><img src="https://m.media-amazon.com/images/I/51yOgUaWJ1L._SL500_.jpg" alt="Product Image"></a><p>Good Sense Roasted & Salted Organic Pumpkin Seeds (Pepitas), Non-GMO & All Natural, 6 Ounce Resealable Bag</p><p>$3.99 ($0.66 / Ounce)</p><a href="https://www.amazon.com/dp/B016BC50VY?tag=eloabder-20&linkCode=osi&th=1&psc=1">View Product</a></div><div class="product"><a href="https://www.amazon.com/dp/B0B5V77FSZ?tag=eloabder-20&linkCode=osi&th=1&psc=1"><img src="https://m.media-amazon.com/images/I/41qVxhNyX6L._SL500_.jpg" alt="Product Image"></a><p>Pacific Foods Organic Chicken and Wild Rice Soup, 16.3 oz Can</p><p>$2.87 ($0.18 / Ounce)</p><a href="https://www.amazon.com/dp/B0B5V77FSZ?tag=eloabder-20&linkCode=osi&th=1&psc=1">View Product</a></div>
<div class="product"><a href="https://www.amazon.com/dp/B00CBX8F3I?tag=eloabder-20&linkCode=osi&th=1&psc=1"><img src="https://m.media-amazon.com/images/I/51YgGi3uXNL._SL500_.jpg" alt="Product Image"></a><p>Glutino Gluten Free Table Crackers, Premium Squares, Original, 7 oz</p><p>$3.13 ($0.45 / Ounce)</p><a href="https://www.amazon.com/dp/B00CBX8F3I?tag=eloabder-20&linkCode=osi&th=1&psc=1">View Product</a></div><div class="product"><a href="https://www.amazon.com/dp/B0C64N6ZTC?tag=eloabder-20&linkCode=osi&th=1&psc=1"><img src="https://m.media-amazon.com/images/I/41jSEFaAtWL._SL500_.jpg" alt="Product Image"></a><p>Katz Gluten Free Toaster Pastries. Strawberry. Easy Breakfast Food Or Anytime Healthy Snacks For Adults & Kids. Gluten Free Snacks. Dairy Free, Nut Free, Peanut Free, Soy Free. Snacks For Adults Kosher Snacks. 8 OZ (Pack Of 2</p><p>$12.97 ($0.81 / Ounce)</p><a href="https://www.amazon.com/dp/B0C64N6ZTC?tag=eloabder-20&linkCode=osi&th=1&psc=1">View Product</a></div><div class="product"><a href="https://www.amazon.com/dp/B006OIWD7U?tag=eloabder-20&linkCode=osi&th=1&psc=1"><img src="https://m.media-amazon.com/images/I/51fcMhMMuFL._SL500_.jpg" alt="Product Image"></a><p>Kinnikinnick Gluten Free Angel Food Cake Mix, 16 Ounce</p><p>$9.00 ($0.56 / Ounce)</p><a href="https://www.amazon.com/dp/B006OIWD7U?tag=eloabder-20&linkCode=osi&th=1&psc=1">View Product</a></div><div class="product"><a href="https://www.amazon.com/dp/B00HKIBKQS?tag=eloabder-20&linkCode=osi&th=1&psc=1"><img src="https://m.media-amazon.com/images/I/41vcEf0YqVL._SL500_.jpg" alt="Product Image"></a><p>Lotus Foods Bulk Food Organic Millet & Brown Rice Ramen Noodles with Red Miso Soup, Gluten-Free Easy to Cook & Healthy Japanese Noodles with Instant Gourmet Broth, 2.8 Oz (Pack of 10)</p><p>$23.90 ($0.85 / Ounce)</p><a href="https://www.amazon.com/dp/B00HKIBKQS?tag=eloabder-20&linkCode=osi&th=1&psc=1">View Product</a></div><div class="product"><a href="https://www.amazon.com/dp/B09P8VQ62R?tag=eloabder-20&linkCode=osi&th=1&psc=1"><img src="https://m.media-amazon.com/images/I/517vF20bKYL._SL500_.jpg" alt="Product Image"></a><p>Gluten Free Sugar Free Butter Cookies 36 Count Traditional Danish Cookies, Premium Assorted Shortbread cookies for Diabetics (1 Pk, 11 Ounce)</p><p>$13.99 ($1.27 / Ounce)</p><a href="https://www.amazon.com/dp/B09P8VQ62R?tag=eloabder-20&linkCode=osi&th=1&psc=1">View Product</a></div><div class="product"><a href="https://www.amazon.com/dp/B07QFY8KVJ?tag=eloabder-20&linkCode=osi&th=1&psc=1"><img src="https://m.media-amazon.com/images/I/41A8K3x-WKL._SL500_.jpg" alt="Product Image"></a><p>Double Yolk Gluten Free Medium Egg Noodles,10 Ounce Bag (Pack of 2)</p><p>$20.00 ($1.00 / Ounce)</p><a href="https://www.amazon.com/dp/B07QFY8KVJ?tag=eloabder-20&linkCode=osi&th=1&psc=1">View Product</a></div><div class="product"><a href="https://www.amazon.com/dp/B017QPT0P2?tag=eloabder-20&linkCode=osi&th=1&psc=1"><img src="https://m.media-amazon.com/images/I/41bJSGh8ocS._SL500_.jpg" alt="Product Image"></a><p>Mom's Gluten Free Angel Food Cake Mix,1-Pack, Easy to Make, 12 Servings, Non GMO Delicious and Healthy Gluten Free Desserts</p><p>$9.99 ($0.55 / Ounce)</p><a href="https://www.amazon.com/dp/B017QPT0P2?tag=eloabder-20&linkCode=osi&th=1&psc=1">View Product</a></div>
<div class="product"><a href="https://www.amazon.com/dp/B08QG24L5V?tag=eloabder-20&linkCode=osi&th=1&psc=1"><img src="https://m.media-amazon.com/images/I/61+-HZ1es-L._SL500_.jpg" alt="Product Image"></a><p>Hellmann's Vegan Dressing and Spread Vegan 3 Ct for a Rich, Creamy Plant-Based Alternative to Mayo Same Great Taste, Plant Based, Free From Eggs 11.5 oz</p><p>$13.47 ($0.39 / Fl Oz)</p><a href="https://www.amazon.com/dp/B08QG24L5V?tag=eloabder-20&linkCode=osi&th=1&psc=1">View Product</a></div><div class="product"><a href="https://www.amazon.com/dp/B07PQ9D3WP?tag=eloabder-20&linkCode=osi&th=1&psc=1"><img src="https://m.media-amazon.com/images/I/519WO4YN0lL._SL500_.jpg" alt="Product Image"></a><p>Kapka Assorted Variety Indian Meals - 5 Pack - Ready to Eat Authentic Vegan Prepared Food - Just Add Water - Microwaveable Plant-Based Snacks for Breakfast, Lunch, Non-GMO, No Additives - 3.5oz Each</p><p>$22.99 ($1.31 / Ounce)</p><a href="https://www.amazon.com/dp/B07PQ9D3WP?tag=eloabder-20&linkCode=osi&th=1&psc=1">View Product</a></div><div class="product"><a href="https://www.amazon.com/dp/B093TNJY8D?tag=eloabder-20&linkCode=osi&th=1&psc=1"><img src="https://m.media-amazon.com/images/I/51imOXudzIL._SL500_.jpg" alt="Product Image"></a><p>TASTY BITE Mexican Protein Bowl, 8.8 Ounce, Pack of 6, Ready to Eat, Microwaveable, Vegan, 12g Plant Protein, Tangy Citrus</p><p>$21.96 ($0.42 / Ounce)</p><a href="https://www.amazon.com/dp/B093TNJY8D?tag=eloabder-20&linkCode=osi&th=1&psc=1">View Product</a></div><div class="product"><a href="https://www.amazon.com/dp/B0B23VJWWN?tag=eloabder-20&linkCode=osi&th=1&psc=1"><img src="https://m.media-amazon.com/images/I/519YN5vy+eL._SL500_.jpg" alt="Product Image"></a><p>Casa Verde | Variety flavours, 100% Natural food, Pack of 4, Real taste | 100% vegan & Non-GMO, Plant based, No preservatives</p><p>$26.99 ($0.77 / Ounce)</p><a href="https://www.amazon.com/dp/B0B23VJWWN?tag=eloabder-20&linkCode=osi&th=1&psc=1">View Product</a></div><div class="product"><a href="https://www.amazon.com/dp/B071JLJ9Q8?tag=eloabder-20&linkCode=osi&th=1&psc=1"><img src="https://m.media-amazon.com/images/I/51iqkJ5JbAL._SL500_.jpg" alt="Product Image"></a><p>Vegan Snacks Gift Basket for Adults Healthy Food Treats Variety Pack with Cookies, Protein Bars, Candy, Crispy Chips, Vegan Jerky, Fruit and Nut Blends - Ideal Vegan Snack Box Gift for Women & Men</p><p>$42.99 ($2.15 / Count)</p><a href="https://www.amazon.com/dp/B071JLJ9Q8?tag=eloabder-20&linkCode=osi&th=1&psc=1">View Product</a></div><div class="product"><a href="https://www.amazon.com/dp/B086PDWSNC?tag=eloabder-20&linkCode=osi&th=1&psc=1"><img src="https://m.media-amazon.com/images/I/51WO5dIKDjL._SL500_.jpg" alt="Product Image"></a><p>Kitchen & Love Best Sellers Variety Box 6-Pack | Vegan, Ready-to-Eat, No Refrigeration Required | Plant-Based, Gourmet Flavors</p><p>$27.99 ($0.59 / Ounce)</p><a href="https://www.amazon.com/dp/B086PDWSNC?tag=eloabder-20&linkCode=osi&th=1&psc=1">View Product</a></div><div class="product"><a href="https://www.amazon.com/dp/B08QG3CRNP?tag=eloabder-20&linkCode=osi&th=1&psc=1"><img src="https://m.media-amazon.com/images/I/617B3UIbxHL._SL500_.jpg" alt="Product Image"></a><p>Best Foods Vegan Dressing and Spread Vegan 1 ct for a Rich, Creamy Plant-Based Alternative to Mayo Same Great Taste, Plant Based, Free From Eggs 11.5 oz</p><p>$5.59 ($0.49 / Fl Oz)</p><a href="https://www.amazon.com/dp/B08QG3CRNP?tag=eloabder-20&linkCode=osi&th=1&psc=1">View Product</a></div><div class="product"><a href="https://www.amazon.com/dp/B09874VXSX?tag=eloabder-20&linkCode=osi&th=1&psc=1"><img src="https://m.media-amazon.com/images/I/51dRBp+9AzS._SL500_.jpg" alt="Product Image"></a><p>VEGAN VALLEY Cashew Nacho Cheeze Sauce, 14.5 oz - Shelf Stable, Tangy Vegan Nacho Cheeze -Certified Gluten-Free, Kosher, Dairy Free Cheeze -Non-GMO Plant-Based Cheeze Great As Vegan Pasta Sauce, Dip</p><p>$12.97 ($0.89 / Ounce)</p><a href="https://www.amazon.com/dp/B09874VXSX?tag=eloabder-20&linkCode=osi&th=1&psc=1">View Product</a></div><div class="product"><a href="https://www.amazon.com/dp/B076XR11WH?tag=eloabder-20&linkCode=osi&th=1&psc=1"><img src="https://m.media-amazon.com/images/I/41cpFCG2iiL._SL500_.jpg" alt="Product Image"></a><p>NOOCH IT! Fair Trade Dairy-Free Cashew Grated Cheeze | Vegan Parmesan ● Tasty Cheese Alternative | 4oz (Vegan "Parm", Gluten-Free)</p><p>$10.99 ($2.75 / Ounce)</p><a href="https://www.amazon.com/dp/B076XR11WH?tag=eloabder-20&linkCode=osi&th=1&psc=1">View Product</a></div>
<div class="product"><a href="https://www.amazon.com/dp/B09GFBR6MW?tag=eloabder-20&linkCode=osi&th=1&psc=1"><img src="https://m.media-amazon.com/images/I/51Jn8cqk0AL._SL500_.jpg" alt="Product Image"></a><p>Keto Almond Flour Crackers Variety Pack - Gluten Free, Low Carb, No Sugar</p><p>$14.99 ($2.22 / Ounce)</p><a href="https://www.amazon.com/dp/B09GFBR6MW?tag=eloabder-20&linkCode=osi&th=1&psc=1">View Product</a></div><div class="product"><a href="https://www.amazon.com/dp/B07TYW7CQ8?tag=eloabder-20&linkCode=osi&th=1&psc=1"><img src="https://m.media-amazon.com/images/I/51HQ0o0qxrL._SL500_.jpg" alt="Product Image"></a><p>Tillamook Country Smoker Keto Friendly Zero Sugar Smoked Sausages, Original, 10 Ounce</p><p>$11.49 ($1.15 / Ounce)</p><a href="https://www.amazon.com/dp/B07TYW7CQ8?tag=eloabder-20&linkCode=osi&th=1&psc=1">View Product</a></div><div class="product"><a href="https://www.amazon.com/dp/B09VXNV7ZZ?tag=eloabder-20&linkCode=osi&th=1&psc=1"><img src="https://m.media-amazon.com/images/I/51GQQjKLByL._SL500_.jpg" alt="Product Image"></a><p>Keto Strawberry Jam, No Sugar Added - Monk Fruit Sweetened, Gluten Free Spread from ChocZero, 12 oz</p><p>$9.99 ($0.83 / Ounce)</p><a href="https://www.amazon.com/dp/B09VXNV7ZZ?tag=eloabder-20&linkCode=osi&th=1&psc=1">View Product</a></div><div class="product"><a href="https://www.amazon.com/dp/B09GJ1RDS8?tag=eloabder-20&linkCode=osi&th=1&psc=1"><img src="https://m.media-amazon.com/images/I/61fQrPm63ML._SL500_.jpg" alt="Product Image"></a><p>Ratio Soft Baked Bars, Chocolate Brownie, 1g Sugar, Keto Friendly, 5.34 OZ (6 Bars)</p><p>$7.43 ($1.39 / Ounce)</p><a href="https://www.amazon.com/dp/B09GJ1RDS8?tag=eloabder-20&linkCode=osi&th=1&psc=1">View Product</a></div><div class="product"><a href="https://www.amazon.com/dp/B08ZS5VQ4P?tag=eloabder-20&linkCode=osi&th=1&psc=1"><img src="https://m.media-amazon.com/images/I/41bWBXP6BWL._SL500_.jpg" alt="Product Image"></a><p>Legendary Foods 20 gr Protein Pastry - Low Carb Tasty Protein Bar Alternative, Keto Friendly, No Sugar Added High Protein Breakfast Snacks, Gluten Free Keto Food - Brown Sugar Cinnamon (8-Pack)</p><p>$24.95 ($1.42 / Ounce)</p><a href="https://www.amazon.com/dp/B08ZS5VQ4P?tag=eloabder-20&linkCode=osi&th=1&psc=1">View Product</a></div><div class="product"><a href="https://www.amazon.com/dp/B08SHZGKD9?tag=eloabder-20&linkCode=osi&th=1&psc=1"><img src="https://m.media-amazon.com/images/I/51z4hGA4oGL._SL500_.jpg" alt="Product Image"></a><p>ChocZero Milk Chocolate Hazelnut Spread - Keto Friendly, No Sugar Added, Best Low Carb Dessert, Perfect Topping for Almond Flour Pancakes, Naturally Sweetened with Monk Fruit (1 jar, 12 oz)</p><p>$9.59 ($0.80 / Ounce)</p><a href="https://www.amazon.com/dp/B08SHZGKD9?tag=eloabder-20&linkCode=osi&th=1&psc=1">View Product</a></div><div class="product"><a href="https://www.amazon.com/dp/B078YD277Z?tag=eloabder-20&linkCode=osi&th=1&psc=1"><img src="https://m.media-amazon.com/images/I/413KVQlVNYL._SL500_.jpg" alt="Product Image"></a><p>Twin Peaks Low Carb, Keto Friendly Protein Puffs, Nacho Cheese (300g, 21g Protein, 2g Carbs)</p><p>$26.98 ($2.55 / Ounce)</p><a href="https://www.amazon.com/dp/B078YD277Z?tag=eloabder-20&linkCode=osi&th=1&psc=1">View Product</a></div><div class="product"><a href="https://www.amazon.com/dp/B09HYCR8H8?tag=eloabder-20&linkCode=osi&th=1&psc=1"><img src="https://m.media-amazon.com/images/I/51-9H1RUjjL._SL500_.jpg" alt="Product Image"></a><p>Ratio Coconut Almond Granola Cereal, 1g Sugar, Keto Friendly, 8 OZ Resealable Cereal Bag</p><p>$6.98 ($0.87 / Ounce)</p><a href="https://www.amazon.com/dp/B09HYCR8H8?tag=eloabder-20&linkCode=osi&th=1&psc=1">View Product</a></div><div class="product"><a href="https://www.amazon.com/dp/B09L78DG1T?tag=eloabder-20&linkCode=osi&th=1&psc=1"><img src="https://m.media-amazon.com/images/I/41zLTQtCMFL._SL500_.jpg" alt="Product Image"></a><p>Keto Biscuit Zero Carb Mix - Keto and Gluten Free Biscuit Baking Mix - 0g Net Carbs Per Biscuit - Sweetened with Allulose - No Erythritol, Easy to Bake - No Sugar Alcohols - No Nut Flours - Makes 12 Biscuits (23g Mix)</p><p>$12.99 ($1.33 / Ounce)</p><a href="https://www.amazon.com/dp/B09L78DG1T?tag=eloabder-20&linkCode=osi&th=1&psc=1">View Product</a></div>
<div class="product"><a href="https://www.amazon.com/dp/B07D3NS8NW?tag=eloabder-20&linkCode=osi&th=1&psc=1"><img src="https://m.media-amazon.com/images/I/5119qXbMHbL._SL500_.jpg" alt="Product Image"></a><p>Chomps Grass-Fed and Finished Original Beef Jerky Snack Sticks 10-Pack - Keto, Paleo, Whole30, 10g Lean Meat Protein, Gluten-Free, Zero Sugar Food, Non-GMO</p><p>$23.99 ($2.09 / Ounce)</p><a href="https://www.amazon.com/dp/B07D3NS8NW?tag=eloabder-20&linkCode=osi&th=1&psc=1">View Product</a></div><div class="product"><a href="https://www.amazon.com/dp/B01MD0T6G0?tag=eloabder-20&linkCode=osi&th=1&psc=1"><img src="https://m.media-amazon.com/images/I/410g9hhT61L._SL500_.jpg" alt="Product Image"></a><p>Paleo Powder Autoimmune Protocol All Purpose Seasoning | The Original Paleo Aip Seasoning Great for All Paleo Diets | Certified Keto Food, Paleo Whole 30, Aip Food, Gluten Free Seasoning</p><p>$10.99 ($2.75 / Ounce)</p><a href="https://www.amazon.com/dp/B01MD0T6G0?tag=eloabder-20&linkCode=osi&th=1&psc=1">View Product</a></div><div class="product"><a href="https://www.amazon.com/dp/B0844YJVX3?tag=eloabder-20&linkCode=osi&th=1&psc=1"><img src="https://m.media-amazon.com/images/I/51ejTPkppoL._SL500_.jpg" alt="Product Image"></a><p>Kevin's Natural Foods Paleo Simmer Sauce Variety Pack - Stir-Fry Sauce, Gluten Free, No Preservatives, Non-GMO - 3 Pack (Teriyaki/Thai Coconut/Korean BBQ)</p><p>$15.00 ($0.71 / Ounce)</p><a href="https://www.amazon.com/dp/B0844YJVX3?tag=eloabder-20&linkCode=osi&th=1&psc=1">View Product</a></div><div class="product"><a href="https://www.amazon.com/dp/B097CGVXGZ?tag=eloabder-20&linkCode=osi&th=1&psc=1"><img src="https://m.media-amazon.com/images/I/51q6lfDMpKL._SL500_.jpg" alt="Product Image"></a><p>Thunderbird Real Food Bars - Gluten Free, Paleo, Vegan Snack Food Bar Variety Pack - 102 Ounce</p><p>$18.99 ($1.86 / Ounce)</p><a href="https://www.amazon.com/dp/B097CGVXGZ?tag=eloabder-20&linkCode=osi&th=1&psc=1">View Product</a></div><div class="product"><a href="https://www.amazon.com/dp/B07B6N46RZ?tag=eloabder-20&linkCode=osi&th=1&psc=1"><img src="https://m.media-amazon.com/images/I/51VZNI8wYuL._SL500_.jpg" alt="Product Image"></a><p>Caveman Foods Dark Chocolate Almond Coconut (12 Count Box) 1.4 Ounce, Nutrition Bar , NON GMO, GULTEN Free, Paleo Friendly Dark Coconut Dark Chocolate Coconut bars</p><p>$18.55 ($1.10 / Ounce)</p><a href="https://www.amazon.com/dp/B07B6N46RZ?tag=eloabder-20&linkCode=osi&th=1&psc=1">View Product</a></div><div class="product"><a href="https://www.amazon.com/dp/B07TBB5XBT?tag=eloabder-20&linkCode=osi&th=1&psc=1"><img src="https://m.media-amazon.com/images/I/41C-Kn4zXqL._SL500_.jpg" alt="Product Image"></a><p>Paleo AIP Seasoned Breading Mix | Cassava Root with AIP Seasoning Paleo Mix for all Paleo Diets | Certified Keto Food, Gluten Free, No MSG, No Additives, No Anti-Caking Agents, No Added Sugar.</p><p>$11.99 ($1.50 / Ounce)</p><a href="https://www.amazon.com/dp/B07TBB5XBT?tag=eloabder-20&linkCode=osi&th=1&psc=1">View Product</a></div><div class="product"><a href="https://www.amazon.com/dp/B01II47Y94?tag=eloabder-20&linkCode=osi&th=1&psc=1"><img src="https://m.media-amazon.com/images/I/51qQs0vK2+L._SL500_.jpg" alt="Product Image"></a><p>Bearded Brothers Organic Vegan Protein Energy Bars - Gluten & Soy Free Paleo | Non GMO, Low Glycemic, Plant Based Protein, High Fiber | 12pk Six Flavor Variety</p><p>$30.99 ($1.70 / Ounce)</p><a href="https://www.amazon.com/dp/B01II47Y94?tag=eloabder-20&linkCode=osi&th=1&psc=1">View Product</a></div><div class="product"><a href="https://www.amazon.com/dp/B081XYV62N?tag=eloabder-20&linkCode=osi&th=1&psc=1"><img src="https://m.media-amazon.com/images/I/61EH9U076rL._SL500_.jpg" alt="Product Image"></a><p>Paleo Snacks Variety Pack for Adult | Healthy Snack Box [25 Count] Holiday Gift Basket Gluten Free | Mix of Whole Foods, Protein Bars, Crackers, Chips, Puffs, Fruit & Nuts by Snack Attack</p><p>$51.99</p><a href="https://www.amazon.com/dp/B081XYV62N?tag=eloabder-20&linkCode=osi&th=1&psc=1">View Product</a></div><div class="product"><a href="https://www.amazon.com/dp/B07NXF79QB?tag=eloabder-20&linkCode=osi&th=1&psc=1"><img src="https://m.media-amazon.com/images/I/41+l-WTpxlL._SL500_.jpg" alt="Product Image"></a><p>BetterBody Foods Avocado Oil Mayonnaise, Non-GMO Mayo Spread Made with Cage-Free Eggs, Paleo (15 Ounces)</p><p>$7.98 ($0.53 / Fl Oz)</p><a href="https://www.amazon.com/dp/B07NXF79QB?tag=eloabder-20&linkCode=osi&th=1&psc=1">View Product</a></div>
<div class="product"><a href="https://www.amazon.com/dp/B08R6DZXYV?tag=eloabder-20&linkCode=osi&th=1&psc=1"><img src="https://m.media-amazon.com/images/I/514+AzE-ZdL._SL500_.jpg" alt="Product Image"></a><p>The Only Bean - Crunchy Roasted Edamame Beans (Sea Salt) - Keto Snacks (2g Net) - High Protein Healthy Snacks (14g Protein) - Low Carb & Calorie, Gluten-Free Snack, Vegan Food - 4 oz (3 Pack)</p><p>$13.97 ($1.16 / Ounce)</p><a href="https://www.amazon.com/dp/B08R6DZXYV?tag=eloabder-20&linkCode=osi&th=1&psc=1">View Product</a></div><div class="product"><a href="https://www.amazon.com/dp/B081K2H9MT?tag=eloabder-20&linkCode=osi&th=1&psc=1"><img src="https://m.media-amazon.com/images/I/51AY70sTn+L._SL500_.jpg" alt="Product Image"></a><p>Natural Heaven Hearts of Palm Pasta, Angel Hair Noodles - Low Carb Pasta, Gluten-Free, Paleo, Keto Pasta Noodles, Plant-Based Healthy Food, 9 Oz</p><p>$7.98 ($0.89 / Ounce)</p><a href="https://www.amazon.com/dp/B081K2H9MT?tag=eloabder-20&linkCode=osi&th=1&psc=1">View Product</a></div><div class="product"><a href="https://www.amazon.com/dp/B010LWGDMA?tag=eloabder-20&linkCode=osi&th=1&psc=1"><img src="https://m.media-amazon.com/images/I/51a0+d-4GQL._SL500_.jpg" alt="Product Image"></a><p>Atkins Endulge Caramel Nut Chew Bar, Dessert Favorite, 1g Sugar, Good Source of Fiber, Low Sugar, 10 Count</p><p>$12.49 ($1.04 / Ounce)</p><a href="https://www.amazon.com/dp/B010LWGDMA?tag=eloabder-20&linkCode=osi&th=1&psc=1">View Product</a></div><div class="product"><a href="https://www.amazon.com/dp/B092L4RYLD?tag=eloabder-20&linkCode=osi&th=1&psc=1"><img src="https://m.media-amazon.com/images/I/51OTsRP+TZL._SL500_.jpg" alt="Product Image"></a><p>Legendary Foods 20 gr Protein Pastry, Low Carb, Tasty Protein Bar Alternative, Keto Friendly, No Sugar Added, High Protein Breakfast Snacks, Gluten Free Keto Food - Hot Fudge (8-Pack)</p><p>$26.99 ($1.53 / Ounce)</p><a href="https://www.amazon.com/dp/B092L4RYLD?tag=eloabder-20&linkCode=osi&th=1&psc=1">View Product</a></div><div class="product"><a href="https://www.amazon.com/dp/B0B3YG1RSV?tag=eloabder-20&linkCode=osi&th=1&psc=1"><img src="https://m.media-amazon.com/images/I/419gDC2KO3L._SL500_.jpg" alt="Product Image"></a><p>King Arthur Baking Keto Pizza Crust Mix, 1g Net Carbs Per Serving, Low Carb & Keto Friendly, 10.25 oz</p><p>$5.49 ($0.54 / Ounce)</p><a href="https://www.amazon.com/dp/B0B3YG1RSV?tag=eloabder-20&linkCode=osi&th=1&psc=1">View Product</a></div><div class="product"><a href="https://www.amazon.com/dp/B0CJ5MXM5F?tag=eloabder-20&linkCode=osi&th=1&psc=1"><img src="https://m.media-amazon.com/images/I/51sa1DKliOL._SL500_.jpg" alt="Product Image"></a><p>BeyondTwistz Low Carb Pretzels, Garlic Butter, Keto Friendly, 2g Net Carbs, 18g Protein, Powered By HealthSense® High Fiber Wheat Flour, Family Size 8oz Bag, Pack of 1</p><p>$12.99 ($1.62 / Ounce)</p><a href="https://www.amazon.com/dp/B0CJ5MXM5F?tag=eloabder-20&linkCode=osi&th=1&psc=1">View Product</a></div><div class="product"><a href="https://www.amazon.com/dp/B0C95KJ8K6?tag=eloabder-20&linkCode=osi&th=1&psc=1"><img src="https://m.media-amazon.com/images/I/51mYAdV0dDL._SL500_.jpg" alt="Product Image"></a><p>Mr. Tortilla Low Carb Keto Soft Taco Shells, Vegan Healthy Snacks & Bread Alternative, 1 Net Carb 15 Calories Delicious Small Batch Kosher Wraps -(Multigrain, 12 Count)</p><p>$5.99 ($0.50 / Count)</p><a href="https://www.amazon.com/dp/B0C95KJ8K6?tag=eloabder-20&linkCode=osi&th=1&psc=1">View Product</a></div>
<div class="product"><a href="https://www.amazon.com/dp/B0B7S2CQ8L?tag=eloabder-20&linkCode=osi&th=1&psc=1"><img src="https://m.media-amazon.com/images/I/41MUr4yS1EL._SL500_.jpg" alt="Product Image"></a><p>Legendary Foods High Protein Snack - Chocolate Sweet Roll, 20 Gr Protein Bar Alternative, Low Carb Food, Low Sugar - Gluten Free Keto Breakfast Snacks, Healthy Chocolate Flavored Rolls (10-pack)</p><p>$33.99 ($1.44 / Ounce)</p><a href="https://www.amazon.com/dp/B0B7S2CQ8L?tag=eloabder-20&linkCode=osi&th=1&psc=1">View Product</a></div><div class="product"><a href="https://www.amazon.com/dp/B0B2N5GHMG?tag=eloabder-20&linkCode=osi&th=1&psc=1"><img src="https://m.media-amazon.com/images/I/61SWf5ZeiCL._SL500_.jpg" alt="Product Image"></a><p>The Only Bean Crunchy Roasted Edamame - Healthy Snacks for Adults and Kids (Variety Pack), Low Calorie & Carb Keto Snack Food, Vegan Gluten Free High Protein Snacks (11g), Office Snack, 0.9oz 24 pack</p><p>$28.97 ($1.34 / Ounce)</p><a href="https://www.amazon.com/dp/B0B2N5GHMG?tag=eloabder-20&linkCode=osi&th=1&psc=1">View Product</a></div><div class="product"><a href="https://www.amazon.com/dp/B0CZT2LPZJ?tag=eloabder-20&linkCode=osi&th=1&psc=1"><img src="https://m.media-amazon.com/images/I/41XWEdSgdDL._SL500_.jpg" alt="Product Image"></a><p>Crisp Power High Protein Pretzel Crisps - 6 Pack x 1.75 oz Crunchy & Flavorful Plant-Based Snack. No Sugar, 28g Protein Per Pack in 3 Savory Flavors, Vegan, Keto Friendly, Non-GMO, Kosher Non-Dairy (1.75 Ounce (Pack of 6), Everything)</p><p>$19.90 ($1.88 / Ounce)</p><a href="https://www.amazon.com/dp/B0CZT2LPZJ?tag=eloabder-20&linkCode=osi&th=1&psc=1">View Product</a></div><div class="product"><a href="https://www.amazon.com/dp/B09GLBLPYG?tag=eloabder-20&linkCode=osi&th=1&psc=1"><img src="https://m.media-amazon.com/images/I/51i+PQS9qVL._SL500_.jpg" alt="Product Image"></a><p>Quest Nutrition Tortilla Style Protein Chips Variety Pack, Chili Lime, Nacho Cheese, Loaded Taco, Low Carb, High Protein, Gluten Free, 1.1 oz (Pack of 12)</p><p>$29.99 ($2.27 / Ounce)</p><a href="https://www.amazon.com/dp/B09GLBLPYG?tag=eloabder-20&linkCode=osi&th=1&psc=1">View Product</a></div><div class="product"><a href="https://www.amazon.com/dp/B086CHT1TM?tag=eloabder-20&linkCode=osi&th=1&psc=1"><img src="https://m.media-amazon.com/images/I/519WyQYsN0L._SL500_.jpg" alt="Product Image"></a><p>Quest Nutrition Lemon Cake Protein Bars, High Protein, Low Carb, Gluten Free, Keto Friendly, 12 Count (Pack of 1)</p><p>$22.99 ($0.90 / Ounce)</p><a href="https://www.amazon.com/dp/B086CHT1TM?tag=eloabder-20&linkCode=osi&th=1&psc=1">View Product</a></div>
<div class="product"><a href="https://www.amazon.com/dp/B093CGRM2T?tag=eloabder-20&linkCode=osi&th=1&psc=1"><img src="https://m.media-amazon.com/images/I/41HZ8Kc174L._SL500_.jpg" alt="Product Image"></a><p>Farmers' Market Charcuterie Gift for Summer, Wisconsin Cheese, Hickory Smoked Meat, Shelf Stable, Gourmet Meat and Cheese Platter, Small Spicy</p><p>$29.99</p><a href="https://www.amazon.com/dp/B093CGRM2T?tag=eloabder-20&linkCode=osi&th=1&psc=1">View Product</a></div>




Aucun résultat trouvé.
<div class="product"><a href="https://www.amazon.com/dp/B07BQXJ123?tag=eloabder-20&linkCode=osi&th=1&psc=1"><img src="https://m.media-amazon.com/images/I/41h4IsgjbZL._SL500_.jpg" alt="Product Image"></a><p>Squirrel Brand Sweet Brown Butter Cashews, 3.5 Ounces Resealable Bag, Gluten Free, Vegetarian</p><p>$2.74 ($0.78 / Fl Oz)</p><a href="https://www.amazon.com/dp/B07BQXJ123?tag=eloabder-20&linkCode=osi&th=1&psc=1">View Product</a></div><div class="product"><a href="https://www.amazon.com/dp/B003P02EGU?tag=eloabder-20&linkCode=osi&th=1&psc=1"><img src="https://m.media-amazon.com/images/I/51aUMBXF71L._SL500_.jpg" alt="Product Image"></a><p>Sparkling Ice, Black Raspberry Sparkling Water, Zero Sugar Flavored Water, with Vitamins and Antioxidants, Low Calorie Beverage, 17 fl oz Bottles (Pack of 12)</p><p>$9.98 ($0.05 / Fl Oz)</p><a href="https://www.amazon.com/dp/B003P02EGU?tag=eloabder-20&linkCode=osi&th=1&psc=1">View Product</a></div><div class="product"><a href="https://www.amazon.com/dp/B0C6RG22VN?tag=eloabder-20&linkCode=osi&th=1&psc=1"><img src="https://m.media-amazon.com/images/I/31fjAuuWWNL._SL500_.jpg" alt="Product Image"></a><p>Bauducco Vanilla Wafers - Crispy Wafer Cookies With 3 Delicious, Indulgent, Decadent Layers of Vanilla Flavored Cream - Delicious Sweet Snack or Desert - 5.0 oz (Pack of 1)</p><p>$1.59 ($0.32 / Ounce)</p><a href="https://www.amazon.com/dp/B0C6RG22VN?tag=eloabder-20&linkCode=osi&th=1&psc=1">View Product</a></div><div class="product"><a href="https://www.amazon.com/dp/B09W5ZVDD2?tag=eloabder-20&linkCode=osi&th=1&psc=1"><img src="https://m.media-amazon.com/images/I/41SSfHVmdrL._SL500_.jpg" alt="Product Image"></a><p>Cinnamon Toast Crunch Creamy Cinnamon Spread, 10 Ounce</p><p>$2.48 ($0.25 / Ounce)</p><a href="https://www.amazon.com/dp/B09W5ZVDD2?tag=eloabder-20&linkCode=osi&th=1&psc=1">View Product</a></div><div class="product"><a href="https://www.amazon.com/dp/B00L2MWLMK?tag=eloabder-20&linkCode=osi&th=1&psc=1"><img src="https://m.media-amazon.com/images/I/51dBawJ2u9L._SL500_.jpg" alt="Product Image"></a><p>Duncan Hines Dark Chocolate Fudge Brownie Mix, 18.2 OZ</p><p>$1.54 ($0.08 / Ounce)</p><a href="https://www.amazon.com/dp/B00L2MWLMK?tag=eloabder-20&linkCode=osi&th=1&psc=1">View Product</a></div><div class="product"><a href="https://www.amazon.com/dp/B004M15U12?tag=eloabder-20&linkCode=osi&th=1&psc=1"><img src="https://m.media-amazon.com/images/I/51WF3t7pADL._SL500_.jpg" alt="Product Image"></a><p>PLANTERS Deluxe Salted Whole Cashews, Party Snacks, Plant-Based Protein, Quick Snack for Adults, After School Snack, Roasted Cashew Flavored with Sea Salt, Bulk Nuts, Kosher, 1 lb 2.25oz Canister</p><p>$9.98 ($0.55 / Ounce)</p><a href="https://www.amazon.com/dp/B004M15U12?tag=eloabder-20&linkCode=osi&th=1&psc=1">View Product</a></div><div class="product"><a href="https://www.amazon.com/dp/B078J62RYJ?tag=eloabder-20&linkCode=osi&th=1&psc=1"><img src="https://m.media-amazon.com/images/I/51AXLNUF66L._SL500_.jpg" alt="Product Image"></a><p>PLANTERS Deluxe Mixed Nuts, Cashews, Almonds, Pecans, Pistachios, Hazelnuts, Roasted with Sea Salt, Party Snacks, Plant-Based Protein, Quick Snack for Adults, After School Snack, 27oz Container</p><p>$17.51 ($0.65 / Ounce)</p><a href="https://www.amazon.com/dp/B078J62RYJ?tag=eloabder-20&linkCode=osi&th=1&psc=1">View Product</a></div><div class="product"><a href="https://www.amazon.com/dp/B0BSB1D65T?tag=eloabder-20&linkCode=osi&th=1&psc=1"><img src="https://m.media-amazon.com/images/I/51u9sSRdlIL._SL500_.jpg" alt="Product Image"></a><p>PLANTERS Cashews Cinnamon & Brown Sugar, Party Snacks, 5 Oz Bag</p><p>$3.50 ($0.70 / Ounce)</p><a href="https://www.amazon.com/dp/B0BSB1D65T?tag=eloabder-20&linkCode=osi&th=1&psc=1">View Product</a></div><div class="product"><a href="https://www.amazon.com/dp/B0BN4LZ5P3?tag=eloabder-20&linkCode=osi&th=1&psc=1"><img src="https://m.media-amazon.com/images/I/51OLBHQEeSL._SL500_.jpg" alt="Product Image"></a><p>Planters Dry Roasted Bold & Savory Peanuts, Party Snacks, Plant-Based Protein, 16 Oz Jar</p><p>$2.98 ($0.19 / Ounce)</p><a href="https://www.amazon.com/dp/B0BN4LZ5P3?tag=eloabder-20&linkCode=osi&th=1&psc=1">View Product</a></div>

<div class="product"><a href="https://www.amazon.com/dp/B0CJQJYYVQ?tag=eloabder-20&linkCode=osi&th=1&psc=1"><img src="https://m.media-amazon.com/images/I/51mbf3FOrUL._SL500_.jpg" alt="Product Image"></a><p>Dried Fruit and Nuts Gift Baskets, 9 Healthy Varieties of Nuts & Dried Fruit Gifts, Gourmet Prime Candy Basket Delivery, Family Edible Food Ideas for All, Anniversary, Birthday, Care Package, Corporate Gifts</p><p>$24.99 ($24.99 / Count)</p><a href="https://www.amazon.com/dp/B0CJQJYYVQ?tag=eloabder-20&linkCode=osi&th=1&psc=1">View Product</a></div><div class="product"><a href="https://www.amazon.com/dp/B0BRYN42RF?tag=eloabder-20&linkCode=osi&th=1&psc=1"><img src="https://m.media-amazon.com/images/I/61sztsxabsL._SL500_.jpg" alt="Product Image"></a><p>Dried Fruit & Nuts Gift Basket Arrangement Platter, Gourmet Food Snack Box, For Fathers Day, Birthday Care Package, Healthy Kosher - Her Him - 12 Snackberry Assortment (Single)</p><p>$24.99 ($1.03 / Ounce)</p><a href="https://www.amazon.com/dp/B0BRYN42RF?tag=eloabder-20&linkCode=osi&th=1&psc=1">View Product</a></div><div class="product"><a href="https://www.amazon.com/dp/B0CZ4H5N2S?tag=eloabder-20&linkCode=osi&th=1&psc=1"><img src="https://m.media-amazon.com/images/I/51NLO50v2cL._SL500_.jpg" alt="Product Image"></a><p>Variety Dried Fuit Gift Basket, Fathers Day Gift Basket, Gift Box for Birthday. Anniversary, Get Well Gift, Gift for Him, Her and Family, Snackberry (1 Pack)</p><p>$9.99 ($0.62 / Ounce)</p><a href="https://www.amazon.com/dp/B0CZ4H5N2S?tag=eloabder-20&linkCode=osi&th=1&psc=1">View Product</a></div><div class="product"><a href="https://www.amazon.com/dp/B09HW1C373?tag=eloabder-20&linkCode=osi&th=1&psc=1"><img src="https://m.media-amazon.com/images/I/418cDyDC0eL._SL500_.jpg" alt="Product Image"></a><p>Farm Fresh Assorted Nuts Gift Basket - Artfully Arranged Gourmet Nuts and Dried Fruit Collection - Prime Arrangement Platter - Makes a Delicious, Healthy Gift Basket For Holidays, Parties, Corporate Gifts, and More</p><p>$12.99 ($12.99 / Count)</p><a href="https://www.amazon.com/dp/B09HW1C373?tag=eloabder-20&linkCode=osi&th=1&psc=1">View Product</a></div><div class="product"><a href="https://www.amazon.com/dp/B0CRD2MWB9?tag=eloabder-20&linkCode=osi&th=1&psc=1"><img src="https://m.media-amazon.com/images/I/51tT9Jj4hKL._SL500_.jpg" alt="Product Image"></a><p>Happy Birthday Dried Fruit & Nuts Gift Basket Arrangement Platter, Gourmet Food Snack Box, Birthday Care Package, Healthy Kosher, Her Him (9 Assortments)</p><p>$19.99 ($19.99 / Count)</p><a href="https://www.amazon.com/dp/B0CRD2MWB9?tag=eloabder-20&linkCode=osi&th=1&psc=1">View Product</a></div><div class="product"><a href="https://www.amazon.com/dp/B0CHCJK5GN?tag=eloabder-20&linkCode=osi&th=1&psc=1"><img src="https://m.media-amazon.com/images/I/61dpK7BoYbL._SL500_.jpg" alt="Product Image"></a><p>Broadway Basketeers Deluxe Thank You Dried Fruit And Nuts Gift Basket - A Premium Healthy Appreciation Gift - Corporate, Family & Friends</p><p>$32.06</p><a href="https://www.amazon.com/dp/B0CHCJK5GN?tag=eloabder-20&linkCode=osi&th=1&psc=1">View Product</a></div>
<div class="product"><a href="https://www.amazon.com/dp/B078SZHZ82?tag=eloabder-20&linkCode=osi&th=1&psc=1"><img src="https://m.media-amazon.com/images/I/51S82IO04jL._SL500_.jpg" alt="Product Image"></a><p>DEL MONTE FRESH CUT BLUE LAKE Cut Green Beans Canned Vegetables,14.5 Ounce (Pack of 12)</p><p>$12.99 ($0.07 / Ounce)</p><a href="https://www.amazon.com/dp/B078SZHZ82?tag=eloabder-20&linkCode=osi&th=1&psc=1">View Product</a></div>
<div class="product"><a href="https://www.amazon.com/dp/B0C94YG17L?tag=eloabder-20&linkCode=osi&th=1&psc=1"><img src="https://m.media-amazon.com/images/I/51VfC5jp4OL._SL500_.jpg" alt="Product Image"></a><p>Hickory Farms Farmhouse Sausage & Cheese Medium Gift Box | Gourmet Food Basket | Charcuterie | Father's Day Gift | Perfect For Family, Birthday, Sympathy, Congratulations, Retirement, Thinking of You, Father's Day Gift</p><p>$34.99 ($34.99 / Count)</p><a href="https://www.amazon.com/dp/B0C94YG17L?tag=eloabder-20&linkCode=osi&th=1&psc=1">View Product</a></div><div class="product"><a href="https://www.amazon.com/dp/B00K35V3F8?tag=eloabder-20&linkCode=osi&th=1&psc=1"><img src="https://m.media-amazon.com/images/I/41bd0TKnKfL._SL500_.jpg" alt="Product Image"></a><p>Farmers' Market Charcuterie Gift for Summer, Wisconsin Cheese, Hickory Smoked Meat, Shelf Stable, Gourmet Meat and Cheese Platter, Large Original</p><p>$39.99</p><a href="https://www.amazon.com/dp/B00K35V3F8?tag=eloabder-20&linkCode=osi&th=1&psc=1">View Product</a></div><div class="product"><a href="https://www.amazon.com/dp/B0994V3KXV?tag=eloabder-20&linkCode=osi&th=1&psc=1"><img src="https://m.media-amazon.com/images/I/61Zr7E45qvL._SL500_.jpg" alt="Product Image"></a><p>Wisconsin Cheese Company - Specialty 100% Wisconsin Cheese Block Assortment 4 oz. (Pack of 7 Blocks) Cheddar, Pepper Jack, Swiss, Gouda, Cheddar Salami, Smoked Cheddar & Tomato Basil Cheese - Cheese Sampler Gift Set</p><p>$39.99 ($1.43 / Ounce)</p><a href="https://www.amazon.com/dp/B0994V3KXV?tag=eloabder-20&linkCode=osi&th=1&psc=1">View Product</a></div><div class="product"><a href="https://www.amazon.com/dp/B009Y7I2F0?tag=eloabder-20&linkCode=osi&th=1&psc=1"><img src="https://m.media-amazon.com/images/I/41VgrnxieeL._SL500_.jpg" alt="Product Image"></a><p>Wisconsin Cheese Company - 100% Wisconsin Cheddar & Pepper Jack Cheese and Cracker Gift Basket. Large Gourmet Gift Box Assortment. Great for Charcuterie Boards & Gifts.</p><p>$29.99 ($2.11 / Ounce)</p><a href="https://www.amazon.com/dp/B009Y7I2F0?tag=eloabder-20&linkCode=osi&th=1&psc=1">View Product</a></div><div class="product"><a href="https://www.amazon.com/dp/B00FY43IJ2?tag=eloabder-20&linkCode=osi&th=1&psc=1"><img src="https://m.media-amazon.com/images/I/41QN9RXV4RL._SL500_.jpg" alt="Product Image"></a><p>California Delicious Gourmet Cheeseboard Gift, 8 piece set</p><p>$47.98 ($6.00 / Count)</p><a href="https://www.amazon.com/dp/B00FY43IJ2?tag=eloabder-20&linkCode=osi&th=1&psc=1">View Product</a></div><div class="product"><a href="https://www.amazon.com/dp/B0CRM55TF8?tag=eloabder-20&linkCode=osi&th=1&psc=1"><img src="https://m.media-amazon.com/images/I/51Vz3kt14-L._SL500_.jpg" alt="Product Image"></a><p>Farmers' Market Cheese Block Assortment 7oz 6-Pack, Shelf Stable, Pasteurized, Locally Sourced Wisconsin Cheese (Assortment, 6 Count)</p><p>$29.99 ($0.71 / Ounce)</p><a href="https://www.amazon.com/dp/B0CRM55TF8?tag=eloabder-20&linkCode=osi&th=1&psc=1">View Product</a></div>
<div class="product"><a href="https://www.amazon.com/dp/B006GXQHKW?tag=eloabder-20&linkCode=osi&th=1&psc=1"><img src="https://m.media-amazon.com/images/I/41gffgWPG4L._SL500_.jpg" alt="Product Image"></a><p>Old Wisconsin Premium Summer Sausage, 100% Natural Meat, Charcuterie, Ready to Eat, High Protein, Low Carb, Keto, Gluten Free, Original Flavor, 8 Ounce</p><p>$6.09 ($0.76 / Count)</p><a href="https://www.amazon.com/dp/B006GXQHKW?tag=eloabder-20&linkCode=osi&th=1&psc=1">View Product</a></div><div class="product"><a href="https://www.amazon.com/dp/B07PNM9SNJ?tag=eloabder-20&linkCode=osi&th=1&psc=1"><img src="https://m.media-amazon.com/images/I/51XUGii8qrL._SL500_.jpg" alt="Product Image"></a><p>Meat Shredz - Premium Dried Pulled Pork (Variety, 6 Pack) | Gluten Free | High Protein & Low Sugar | Bacon Bits | Dehydrated Backpacking & Camping Food | Shredded, Dried Jerky Chew Snack</p><p>$42.95 ($52.06 / lb)</p><a href="https://www.amazon.com/dp/B07PNM9SNJ?tag=eloabder-20&linkCode=osi&th=1&psc=1">View Product</a></div><div class="product"><a href="https://www.amazon.com/dp/B0CVQWPGC5?tag=eloabder-20&linkCode=osi&th=1&psc=1"><img src="https://m.media-amazon.com/images/I/41M9k0m4dOL._SL500_.jpg" alt="Product Image"></a><p>Olympic Delights Premium Meats and Cheese Gift Box by Dan the Sausageman featuring Summer Sausage, Stuffed Olives, Crackers and Mustard</p><p>$68.95</p><a href="https://www.amazon.com/dp/B0CVQWPGC5?tag=eloabder-20&linkCode=osi&th=1&psc=1">View Product</a></div><div class="product"><a href="https://www.amazon.com/dp/B000FIUQAQ?tag=eloabder-20&linkCode=osi&th=1&psc=1"><img src="https://m.media-amazon.com/images/I/51-jFNA-ZgL._SL500_.jpg" alt="Product Image"></a><p>Hormel Premium No Salt Added Canned Chunk Chicken Breast in Water, 5 Ounce (Pack of 12)</p><p>$25.44 ($0.42 / Ounce)</p><a href="https://www.amazon.com/dp/B000FIUQAQ?tag=eloabder-20&linkCode=osi&th=1&psc=1">View Product</a></div><div class="product"><a href="https://www.amazon.com/dp/B07Y936YWY?tag=eloabder-20&linkCode=osi&th=1&psc=1"><img src="https://m.media-amazon.com/images/I/51cpUvuRIzL._SL500_.jpg" alt="Product Image"></a><p>Jack Link's Beef Jerky, Sweet & Hot, ½ Pounder Bag - Flavorful Meat Snack, 9g of Protein and 80 Calories, Made with Premium Beef - 96 Percent Fat Free, No Added MSG or Nitrates/Nitrites</p><p>$9.99 ($1.25 / Ounce)</p><a href="https://www.amazon.com/dp/B07Y936YWY?tag=eloabder-20&linkCode=osi&th=1&psc=1">View Product</a></div><div class="product"><a href="https://www.amazon.com/dp/B000FK7G20?tag=eloabder-20&linkCode=osi&th=1&psc=1"><img src="https://m.media-amazon.com/images/I/414A4Q9AvAL._SL500_.jpg" alt="Product Image"></a><p>Swanson White and Dark Premium Chunk Canned Chicken Breast in Water, Fully Cooked Chicken, 9.75 OZ Can (Case of 12)</p><p>$35.76 ($0.31 / Ounce)</p><a href="https://www.amazon.com/dp/B000FK7G20?tag=eloabder-20&linkCode=osi&th=1&psc=1">View Product</a></div>
<div class="product"><a href="https://www.amazon.com/dp/B072126PMY?tag=eloabder-20&linkCode=osi&th=1&psc=1"><img src="https://m.media-amazon.com/images/I/51nw4J9x8YL._SL500_.jpg" alt="Product Image"></a><p>Simple Mills Almond Flour Baking Mix, Artisan Bread Mix - Gluten Free, Plant Based, Paleo Friendly, 10.4 Ounce (Pack of 3)</p><p>$23.97 ($0.77 / Ounce)</p><a href="https://www.amazon.com/dp/B072126PMY?tag=eloabder-20&linkCode=osi&th=1&psc=1">View Product</a></div><div class="product"><a href="https://www.amazon.com/dp/B081VPXGJS?tag=eloabder-20&linkCode=osi&th=1&psc=1"><img src="https://m.media-amazon.com/images/I/51j0-+rAaZL._SL500_.jpg" alt="Product Image"></a><p>Essential Baking Company Organic Artisan Sourdough Bread, 18.2 Ounce (Pack of 3)</p><p>$28.65 ($0.52 / Ounce)</p><a href="https://www.amazon.com/dp/B081VPXGJS?tag=eloabder-20&linkCode=osi&th=1&psc=1">View Product</a></div><div class="product"><a href="https://www.amazon.com/dp/B08HSPX7LM?tag=eloabder-20&linkCode=osi&th=1&psc=1"><img src="https://m.media-amazon.com/images/I/41RUhxZCnNL._SL500_.jpg" alt="Product Image"></a><p>Giusto's Vita-Grain All-Natural Artisan Malted Unbleached Bread Flour, 5lb Bag</p><p>$10.95 ($0.14 / Ounce)</p><a href="https://www.amazon.com/dp/B08HSPX7LM?tag=eloabder-20&linkCode=osi&th=1&psc=1">View Product</a></div>
<div class="product"><a href="https://www.amazon.com/dp/B001DDD4DS?tag=eloabder-20&linkCode=osi&th=1&psc=1"><img src="https://m.media-amazon.com/images/I/51osI10x5HL._SL500_.jpg" alt="Product Image"></a><p>Mantova Flavored Extra Virgin Olive Oil Variety Pack: Garlic, Basil, Chili, Lemon Organic Extra Virgin Olive Oil, 8.5-Ounce Per Bottle (Pack of 4) Great Gift Item</p><p>$36.99 ($1.09 / Fl Oz)</p><a href="https://www.amazon.com/dp/B001DDD4DS?tag=eloabder-20&linkCode=osi&th=1&psc=1">View Product</a></div><div class="product"><a href="https://www.amazon.com/dp/B001DDD4E2?tag=eloabder-20&linkCode=osi&th=1&psc=1"><img src="https://m.media-amazon.com/images/I/51cFWLj1kiL._SL500_.jpg" alt="Product Image"></a><p>Mantova Grand’Aroma Flavored Extra Virgin Olive Oils, Variety Gift Set, made in Italy, cold-pressed, 100% natural, heart-healthy, for grilling, barbequing, smoking, and cooking, 8.5 oz (Pack of 4)</p><p>$39.99 ($1.18 / Fl Oz)</p><a href="https://www.amazon.com/dp/B001DDD4E2?tag=eloabder-20&linkCode=osi&th=1&psc=1">View Product</a></div><div class="product"><a href="https://www.amazon.com/dp/B087S41Y1W?tag=eloabder-20&linkCode=osi&th=1&psc=1"><img src="https://m.media-amazon.com/images/I/518tVUgnUkL._SL500_.jpg" alt="Product Image"></a><p>Benissimo Herb Infused Cooking Oil Chef Pack, All Natural Italiano, Roasted Garlic, Mediterranean Garlic, Balsamic Garlic</p><p>$26.99 ($0.79 / Fl Oz)</p><a href="https://www.amazon.com/dp/B087S41Y1W?tag=eloabder-20&linkCode=osi&th=1&psc=1">View Product</a></div><div class="product"><a href="https://www.amazon.com/dp/B08CY8R7TF?tag=eloabder-20&linkCode=osi&th=1&psc=1"><img src="https://m.media-amazon.com/images/I/61pbDfsr-8L._SL500_.jpg" alt="Product Image"></a><p>Infused Extra Virgin Olive Oil Gift Box Set, First Cold Pressed, Variety Pack, 4 bottles x 8.5 fl.oz (250ml), Naturally Infused for Dipping & Tasting, (Gift Box Included), Chili, Garlic, Basil, Rosemary, BASSO1904</p><p>$35.99 ($1.06 / Fl Oz)</p><a href="https://www.amazon.com/dp/B08CY8R7TF?tag=eloabder-20&linkCode=osi&th=1&psc=1">View Product</a></div><div class="product"><a href="https://www.amazon.com/dp/B009HRQ47U?tag=eloabder-20&linkCode=osi&th=1&psc=1"><img src="https://m.media-amazon.com/images/I/41PaTko-dvL._SL500_.jpg" alt="Product Image"></a><p>TruffleHunter - English, Black & White Truffle Oil Set - 3.38 Oz x 3</p><p>$29.70 ($0.10 / Fl Oz)</p><a href="https://www.amazon.com/dp/B009HRQ47U?tag=eloabder-20&linkCode=osi&th=1&psc=1">View Product</a></div><div class="product"><a href="https://www.amazon.com/dp/B07ZZLZBF8?tag=eloabder-20&linkCode=osi&th=1&psc=1"><img src="https://m.media-amazon.com/images/I/51fpIYH949L._SL500_.jpg" alt="Product Image"></a><p>Viva Oliva Six 60ml (2oz) Variety Gift Set - Premium Flavored Extra Virgin Olive Oils (Tuscan Herb, Basil, Mushroom & Sage) and All Natural Balsamic Vinegars (18 Year Traditional, Grapefruit, Black Mission Fig)</p><p>$43.95 ($3.61 / Fl Oz)</p><a href="https://www.amazon.com/dp/B07ZZLZBF8?tag=eloabder-20&linkCode=osi&th=1&psc=1">View Product</a></div><div class="product"><a href="https://www.amazon.com/dp/B0B2LS1J8F?tag=eloabder-20&linkCode=osi&th=1&psc=1"><img src="https://m.media-amazon.com/images/I/41q4RRhEqPL._SL500_.jpg" alt="Product Image"></a><p>Infused Olive Oil Gift Sets - Organic Puglia Olive Oil Sampler Gift Set. Ideal for Italian Gifts and Edible Gift Baskets. Gourmet Olive Oil Gift Box of 5 x 3.45 Fl.Oz.</p><p>$53.80 ($3.16 / Fl Oz)</p><a href="https://www.amazon.com/dp/B0B2LS1J8F?tag=eloabder-20&linkCode=osi&th=1&psc=1">View Product</a></div><div class="product"><a href="https://www.amazon.com/dp/B08P967SSX?tag=eloabder-20&linkCode=osi&th=1&psc=1"><img src="https://m.media-amazon.com/images/I/51HyprLyr5L._SL500_.jpg" alt="Product Image"></a><p>Viva Oliva Four 60ml (2oz) Variety Gift Set - Premium Flavored Extra Virgin Olive Oils (Tuscan Herb & Basil) and All Natural Balsamic Vinegars (18 Year Traditional & Black Mission Fig)</p><p>$33.95 ($4.18 / Fl Oz)</p><a href="https://www.amazon.com/dp/B08P967SSX?tag=eloabder-20&linkCode=osi&th=1&psc=1">View Product</a></div><div class="product"><a href="https://www.amazon.com/dp/B0078DPMQY?tag=eloabder-20&linkCode=osi&th=1&psc=1"><img src="https://m.media-amazon.com/images/I/31qLwvo1tML._SL500_.jpg" alt="Product Image"></a><p>Benissimo Oil Roasted Garlic, 8.1 Ounces</p><p>$11.99 ($1.48 / Ounce)</p><a href="https://www.amazon.com/dp/B0078DPMQY?tag=eloabder-20&linkCode=osi&th=1&psc=1">View Product</a></div>
<div class="product"><a href="https://www.amazon.com/dp/B07MGKCV5Y?tag=eloabder-20&linkCode=osi&th=1&psc=1"><img src="https://m.media-amazon.com/images/I/31tE+o2DanL._SL500_.jpg" alt="Product Image"></a><p>Iberia All Natural Distilled White Vinegar, 1 Gallon - 5% Acidity</p><p>$12.99 ($0.10 / Fl Oz)</p><a href="https://www.amazon.com/dp/B07MGKCV5Y?tag=eloabder-20&linkCode=osi&th=1&psc=1">View Product</a></div><div class="product"><a href="https://www.amazon.com/dp/B07985NMQD?tag=eloabder-20&linkCode=osi&th=1&psc=1"><img src="https://m.media-amazon.com/images/I/41ElEDybjlL._SL500_.jpg" alt="Product Image"></a><p>Lucy's Family Owned - Natural Distilled White Vinegar, 1 Gallon (128 oz) - 5% Acidity (White Vinegar, 1 Gallon (128 fl oz.))</p><p>$17.99 ($0.14 / Fl Oz)</p><a href="https://www.amazon.com/dp/B07985NMQD?tag=eloabder-20&linkCode=osi&th=1&psc=1">View Product</a></div><div class="product"><a href="https://www.amazon.com/dp/B07F7MXPWD?tag=eloabder-20&linkCode=osi&th=1&psc=1"><img src="https://m.media-amazon.com/images/I/51GKn4NVqTL._SL500_.jpg" alt="Product Image"></a><p>Soeos Chinkiang Vinegar 16.9 fl oz (500ml), 3 Years Aged, Naturally Fermented, Mature Aged Black Vinegar, Chinese Black Vinegar, Zhenjiang Vinegar, Black Rice Vinegar, Black Vinegar Chinese.</p><p>$13.99 ($0.83 / Fl Oz)</p><a href="https://www.amazon.com/dp/B07F7MXPWD?tag=eloabder-20&linkCode=osi&th=1&psc=1">View Product</a></div><div class="product"><a href="https://www.amazon.com/dp/B001I7MVG0?tag=eloabder-20&linkCode=osi&th=1&psc=1"><img src="https://m.media-amazon.com/images/I/41HHUOECW2L._SL500_.jpg" alt="Product Image"></a><p>Bragg Organic Raw Apple Cider Vinegar, 32 Ounce - 1 Pack</p><p>$5.99 ($0.19 / Fl Oz)</p><a href="https://www.amazon.com/dp/B001I7MVG0?tag=eloabder-20&linkCode=osi&th=1&psc=1">View Product</a></div><div class="product"><a href="https://www.amazon.com/dp/B07W9HX3MV?tag=eloabder-20&linkCode=osi&th=1&psc=1"><img src="https://m.media-amazon.com/images/I/413FdgpxYrL._SL500_.jpg" alt="Product Image"></a><p>Calyptus 45% Pure Super Concentrated Vinegar | Dilutes to 9 Gallons | 9x Power Concentrate Vinegar | 1 Gallon</p><p>$26.99 ($0.21 / Fl Oz)</p><a href="https://www.amazon.com/dp/B07W9HX3MV?tag=eloabder-20&linkCode=osi&th=1&psc=1">View Product</a></div><div class="product"><a href="https://www.amazon.com/dp/B0052BFNLS?tag=eloabder-20&linkCode=osi&th=1&psc=1"><img src="https://m.media-amazon.com/images/I/31Tfk-0-ybL._SL500_.jpg" alt="Product Image"></a><p>Pompeian Gourmet Red Wine Vinegar, Perfect for Salad Dressings, Marinades & Sauces, Naturally Gluten Free, 30 Ounce</p><p>$4.91 ($0.16 / Fl Oz)</p><a href="https://www.amazon.com/dp/B0052BFNLS?tag=eloabder-20&linkCode=osi&th=1&psc=1">View Product</a></div><div class="product"><a href="https://www.amazon.com/dp/B00AAL6W2Y?tag=eloabder-20&linkCode=osi&th=1&psc=1"><img src="https://m.media-amazon.com/images/I/51dfgVE7orL._SL500_.jpg" alt="Product Image"></a><p>Mantova Organic Flavored Balsamic Vinegar of Modena 4-Variety Pack: Fig, Pear, Pomegranate, & Raspberry; Perfect for Gift Basket, Add to Pasta, Salad, Ice Cream and Cocktails, 8.5 oz per bottle</p><p>$27.99 ($0.82 / Fl Oz)</p><a href="https://www.amazon.com/dp/B00AAL6W2Y?tag=eloabder-20&linkCode=osi&th=1&psc=1">View Product</a></div><div class="product"><a href="https://www.amazon.com/dp/B0BGYTGT7X?tag=eloabder-20&linkCode=osi&th=1&psc=1"><img src="https://m.media-amazon.com/images/I/41huHEExA1L._SL500_.jpg" alt="Product Image"></a><p>Bragg Organic Apple Cider Vinegar With the Mother– Raw, Unfiltered All Natural Ingredients (64 Fl Oz (Pack of 1))</p><p>$13.68 ($0.21 / Fl Oz)</p><a href="https://www.amazon.com/dp/B0BGYTGT7X?tag=eloabder-20&linkCode=osi&th=1&psc=1">View Product</a></div><div class="product"><a href="https://www.amazon.com/dp/B08TZY2TZ8?tag=eloabder-20&linkCode=osi&th=1&psc=1"><img src="https://m.media-amazon.com/images/I/41YwKPQA9rL._SL500_.jpg" alt="Product Image"></a><p>Due Vittorie Oro Gold Balsamic Vinegar of Modena. Highest score from The Consortium of Modena With Cork Pourer - 8.45fl oz / 250ml</p><p>$17.00 ($2.01 / Fl Oz)</p><a href="https://www.amazon.com/dp/B08TZY2TZ8?tag=eloabder-20&linkCode=osi&th=1&psc=1">View Product</a></div>
<div class="product"><a href="https://www.amazon.com/dp/B07HMJWCNL?tag=eloabder-20&linkCode=osi&th=1&psc=1"><img src="https://m.media-amazon.com/images/I/51ayBrtgPUL._SL500_.jpg" alt="Product Image"></a><p>TRUFF Original Black Truffle Hot Sauce, Gourmet Hot Sauce with Ripe Chili Peppers, Black Truffle Oil, Agave Nectar, Unique Flavor Experience in a Bottle, 6 oz.</p><p>$14.99</p><a href="https://www.amazon.com/dp/B07HMJWCNL?tag=eloabder-20&linkCode=osi&th=1&psc=1">View Product</a></div><div class="product"><a href="https://www.amazon.com/dp/B083QT1TPX?tag=eloabder-20&linkCode=osi&th=1&psc=1"><img src="https://m.media-amazon.com/images/I/41mYuAlAFNL._SL500_.jpg" alt="Product Image"></a><p>TRUFF Hot Sauce Variety Pack, Gourmet Hot Sauce Set of Original, Hotter and Limited White Edition, Unique Flavor Experiences with Truffle, 3-Bottle Bundle, 3ct 6oz bottles</p><p>$67.99 ($3.78 / Ounce)</p><a href="https://www.amazon.com/dp/B083QT1TPX?tag=eloabder-20&linkCode=osi&th=1&psc=1">View Product</a></div><div class="product"><a href="https://www.amazon.com/dp/B0BV19S7TR?tag=eloabder-20&linkCode=osi&th=1&psc=1"><img src="https://m.media-amazon.com/images/I/51iGXyqK-pL._SL500_.jpg" alt="Product Image"></a><p>Le Sauce & Co., White Wine Lemon Garlic Gourmet Finishing Sauce (2-pack), Steakhouse Quality Gourmet Sauce, Lemon Sauce, Garlic Sauce, White Wine Sauce, Steak Sauce, Chicken sauce, Lemon Sauce, Cream Sauce,</p><p>$13.94 ($1.55 / Ounce)</p><a href="https://www.amazon.com/dp/B0BV19S7TR?tag=eloabder-20&linkCode=osi&th=1&psc=1">View Product</a></div><div class="product"><a href="https://www.amazon.com/dp/B078JBZBW5?tag=eloabder-20&linkCode=osi&th=1&psc=1"><img src="https://m.media-amazon.com/images/I/51J1qgzr8uL._SL500_.jpg" alt="Product Image"></a><p>Melinda’s Hot Sauce Variety Pack - Extra Spicy Gourmet Hot Sauce Gift Set with Variety of Heat Levels - Includes XXXXtra Reserve, Garlic Habanero, Extra Hot, Mango, Ghost Pepper- 5 oz, 5 Pack</p><p>$21.99 ($0.88 / Fl Oz)</p><a href="https://www.amazon.com/dp/B078JBZBW5?tag=eloabder-20&linkCode=osi&th=1&psc=1">View Product</a></div><div class="product"><a href="https://www.amazon.com/dp/B0BL864XMH?tag=eloabder-20&linkCode=osi&th=1&psc=1"><img src="https://m.media-amazon.com/images/I/51+63Ag8ApL._SL500_.jpg" alt="Product Image"></a><p>Dave's Gourmet Creamy Hot Sauce Variety 4-Pack - Moderate Heat for Flavoring Your Favorite Food</p><p>$30.99 ($0.97 / Ounce)</p><a href="https://www.amazon.com/dp/B0BL864XMH?tag=eloabder-20&linkCode=osi&th=1&psc=1">View Product</a></div>
<div class="product"><a href="https://www.amazon.com/dp/B07WT6GP2F?tag=eloabder-20&linkCode=osi&th=1&psc=1"><img src="https://m.media-amazon.com/images/I/41mEgBeglEL._SL500_.jpg" alt="Product Image"></a><p>Lindt Mini Pralines, Assorted Chocolate Pralines with Premium Filling, Great for gift giving, 6.2 oz Box</p><p>$16.49 ($2.66 / Ounce)</p><a href="https://www.amazon.com/dp/B07WT6GP2F?tag=eloabder-20&linkCode=osi&th=1&psc=1">View Product</a></div><div class="product"><a href="https://www.amazon.com/dp/B01BDI89SW?tag=eloabder-20&linkCode=osi&th=1&psc=1"><img src="https://m.media-amazon.com/images/I/61w5wYyxzKL._SL500_.jpg" alt="Product Image"></a><p>Ferrero Collection, 24 Count, Premium Gourmet Assorted Hazelnut Milk Chocolate, Dark Chocolate and Coconut, 9.1 oz</p><p>$11.97 ($1.32 / Ounce)</p><a href="https://www.amazon.com/dp/B01BDI89SW?tag=eloabder-20&linkCode=osi&th=1&psc=1">View Product</a></div><div class="product"><a href="https://www.amazon.com/dp/B0BHTWFQ5X?tag=eloabder-20&linkCode=osi&th=1&psc=1"><img src="https://m.media-amazon.com/images/I/41K-mIm1WNL._SL500_.jpg" alt="Product Image"></a><p>Lindt LINDOR Assorted Chocolate Truffles 90 Count Gift Box, Chocolate Candy with Smooth, Melting Truffle Center, 38.4 oz. Box</p><p>$33.95 ($0.88 / Ounce)</p><a href="https://www.amazon.com/dp/B0BHTWFQ5X?tag=eloabder-20&linkCode=osi&th=1&psc=1">View Product</a></div><div class="product"><a href="https://www.amazon.com/dp/B00UXI3PLU?tag=eloabder-20&linkCode=osi&th=1&psc=1"><img src="https://m.media-amazon.com/images/I/41Jw-Ek4+CL._SL500_.jpg" alt="Product Image"></a><p>Lindt LINDOR Milk Chocolate Candy Truffles, Milk Chocolate with Melting Truffle Center, 15.2 oz. Bag</p><p>$12.18 ($0.80 / Ounce)</p><a href="https://www.amazon.com/dp/B00UXI3PLU?tag=eloabder-20&linkCode=osi&th=1&psc=1">View Product</a></div>
<div class="product"><a href="https://www.amazon.com/dp/B000SDKDM4?tag=eloabder-20&linkCode=osi&th=1&psc=1"><img src="https://m.media-amazon.com/images/I/41L+oJp7MmL._SL500_.jpg" alt="Product Image"></a><p>Lavazza Super Crema Whole Bean Coffee Blend, light-Medium Espresso Roast, 2.2 Pound (Pack of 1) ,Premium Quality, Aromatic, Mild and creamy</p><p>$18.49 ($0.53 / Ounce)</p><a href="https://www.amazon.com/dp/B000SDKDM4?tag=eloabder-20&linkCode=osi&th=1&psc=1">View Product</a></div><div class="product"><a href="https://www.amazon.com/dp/B0721BGRS9?tag=eloabder-20&linkCode=osi&th=1&psc=1"><img src="https://m.media-amazon.com/images/I/41tHHVMfguL._SL500_.jpg" alt="Product Image"></a><p>Amazon Fresh, Dark Roast, Whole Bean Coffee, 32 Oz</p><p>$19.18 ($0.60 / Ounce)</p><a href="https://www.amazon.com/dp/B0721BGRS9?tag=eloabder-20&linkCode=osi&th=1&psc=1">View Product</a></div><div class="product"><a href="https://www.amazon.com/dp/B003GV7JFE?tag=eloabder-20&linkCode=osi&th=1&psc=1"><img src="https://m.media-amazon.com/images/I/41IKY6hLa9L._SL500_.jpg" alt="Product Image"></a><p>Eight O'Clock Coffee Whole Bean, The Original, 42 Ounce</p><p>$13.98</p><a href="https://www.amazon.com/dp/B003GV7JFE?tag=eloabder-20&linkCode=osi&th=1&psc=1">View Product</a></div><div class="product"><a href="https://www.amazon.com/dp/B07171HMF5?tag=eloabder-20&linkCode=osi&th=1&psc=1"><img src="https://m.media-amazon.com/images/I/41EBDHFVYVL._SL500_.jpg" alt="Product Image"></a><p>Mt. Comfort Coffee Organic Peru Medium Roast, 2.5 Pounds - Flavor Notes of Nutty, Chocolate, & Citrus - Sourced From Small, Peruvian Coffee Farms - Roasted Whole Beans</p><p>$23.19 ($0.58 / Ounce)</p><a href="https://www.amazon.com/dp/B07171HMF5?tag=eloabder-20&linkCode=osi&th=1&psc=1">View Product</a></div><div class="product"><a href="https://www.amazon.com/dp/B006Y7WAHE?tag=eloabder-20&linkCode=osi&th=1&psc=1"><img src="https://m.media-amazon.com/images/I/31VxnI1AuQL._SL500_.jpg" alt="Product Image"></a><p>Cameron's Coffee Roasted Whole Bean Coffee, Breakfast Blend, 32 Ounce, (Pack of 1)</p><p>$10.98 ($0.34 / Ounce)</p><a href="https://www.amazon.com/dp/B006Y7WAHE?tag=eloabder-20&linkCode=osi&th=1&psc=1">View Product</a></div><div class="product"><a href="https://www.amazon.com/dp/B0002E2GQU?tag=eloabder-20&linkCode=osi&th=1&psc=1"><img src="https://m.media-amazon.com/images/I/41f+StbrprL._SL500_.jpg" alt="Product Image"></a><p>Lavazza Crema E Aroma Whole Bean Coffee Blend, 2.2-Pound Bag , Balanced medium roast with an intense, earthy flavor and long lasting crema, Non-GMO</p><p>$17.99 ($0.51 / Ounce)</p><a href="https://www.amazon.com/dp/B0002E2GQU?tag=eloabder-20&linkCode=osi&th=1&psc=1">View Product</a></div><div class="product"><a href="https://www.amazon.com/dp/B005OJ4X32?tag=eloabder-20&linkCode=osi&th=1&psc=1"><img src="https://m.media-amazon.com/images/I/31GzxEGJ-1L._SL500_.jpg" alt="Product Image"></a><p>Lavazza Espresso Barista Gran Crema Whole Bean Coffee Blend, Medium Espresso Roast, Oz Bag (Packaging May Vary) - 2.2 LB, 35.2 Ounce</p><p>$17.99 ($0.51 / Ounce)</p><a href="https://www.amazon.com/dp/B005OJ4X32?tag=eloabder-20&linkCode=osi&th=1&psc=1">View Product</a></div><div class="product"><a href="https://www.amazon.com/dp/B003YVRX5W?tag=eloabder-20&linkCode=osi&th=1&psc=1"><img src="https://m.media-amazon.com/images/I/41Ioxmr1WhL._SL500_.jpg" alt="Product Image"></a><p>Tim Hortons Whole Bean Original, Medium Roast Coffee, Made with 100% Arabica Beans, 32 Ounce Bag</p><p>$15.68 ($0.49 / Ounce)</p><a href="https://www.amazon.com/dp/B003YVRX5W?tag=eloabder-20&linkCode=osi&th=1&psc=1">View Product</a></div><div class="product"><a href="https://www.amazon.com/dp/B016RY0LWO?tag=eloabder-20&linkCode=osi&th=1&psc=1"><img src="https://m.media-amazon.com/images/I/41I6lHKpWrL._SL500_.jpg" alt="Product Image"></a><p>Lavazza Espresso Italiano Whole Bean Coffee Blend, Medium Roast,Premium Quality Arabic, 2.2 Pound (Pack of 1) (Packaging may vary)</p><p>$14.98 ($0.43 / Ounce)</p><a href="https://www.amazon.com/dp/B016RY0LWO?tag=eloabder-20&linkCode=osi&th=1&psc=1">View Product</a></div>
<div class="product"><a href="https://www.amazon.com/dp/B09ZMVM3XJ?tag=eloabder-20&linkCode=osi&th=1&psc=1"><img src="https://m.media-amazon.com/images/I/51IRO3xhEKL._SL500_.jpg" alt="Product Image"></a><p>Gardenika Organic Loose Leaf Tea Sampler – 8 Pack, 1 LB – Herbal and Naturally Caffeine-Free Set - Ayurvedic Assortment Blend</p><p>$29.95 ($29.95 / Count)</p><a href="https://www.amazon.com/dp/B09ZMVM3XJ?tag=eloabder-20&linkCode=osi&th=1&psc=1">View Product</a></div><div class="product"><a href="https://www.amazon.com/dp/B0CVTGJHK9?tag=eloabder-20&linkCode=osi&th=1&psc=1"><img src="https://m.media-amazon.com/images/I/51J-jqFqytL._SL500_.jpg" alt="Product Image"></a><p>Lyon DIY Tea Blending Set-16 Tin Variety Pack-Premium Herbal Tea & Exotic Floral/Fruit Flavor Infusers - Create 75+ Cups w/Assorted Teas, Oolong, Chamomile, Rose, Peach & More</p><p>$44.95 ($6.25 / Ounce)</p><a href="https://www.amazon.com/dp/B0CVTGJHK9?tag=eloabder-20&linkCode=osi&th=1&psc=1">View Product</a></div><div class="product"><a href="https://www.amazon.com/dp/B01AJBV0US?tag=eloabder-20&linkCode=osi&th=1&psc=1"><img src="https://m.media-amazon.com/images/I/516u5DAm7GL._SL500_.jpg" alt="Product Image"></a><p>Tiesta Tea - Lavender Chamomile | Soft Chamomile Herbal Tea | Premium Loose Leaf Tea Blend | Non Caffeinated Herbal Tea | Make Hot or Iced Tea & Brews Up to 25 Cups - 0.9 Ounce Resealable Pouch</p><p>$4.99 ($5.54 / Ounce)</p><a href="https://www.amazon.com/dp/B01AJBV0US?tag=eloabder-20&linkCode=osi&th=1&psc=1">View Product</a></div><div class="product"><a href="https://www.amazon.com/dp/B08VF85JJF?tag=eloabder-20&linkCode=osi&th=1&psc=1"><img src="https://m.media-amazon.com/images/I/517Ac4bB6FL._SL500_.jpg" alt="Product Image"></a><p>Tiesta Tea Top 8 Favorites Sampler Set, Up to 80 Cups, High to No Caffeine, Hot & Iced Tea, Loose Leaf Tea Variety Pack with Green, Herbal, Black & Chai Tea, 8 Sample Pouches</p><p>$22.95 ($3.59 / Ounce)</p><a href="https://www.amazon.com/dp/B08VF85JJF?tag=eloabder-20&linkCode=osi&th=1&psc=1">View Product</a></div><div class="product"><a href="https://www.amazon.com/dp/B08MWDTNTZ?tag=eloabder-20&linkCode=osi&th=1&psc=1"><img src="https://m.media-amazon.com/images/I/51M1TNYBU7L._SL500_.jpg" alt="Product Image"></a><p>Tetley British Blend Premium Black Tea, 320 Tea Bags, Rainforest Alliance Certified, 320 Count (Pack of 1)</p><p>$15.92 ($0.05 / Count)</p><a href="https://www.amazon.com/dp/B08MWDTNTZ?tag=eloabder-20&linkCode=osi&th=1&psc=1">View Product</a></div><div class="product"><a href="https://www.amazon.com/dp/B086R8PDZV?tag=eloabder-20&linkCode=osi&th=1&psc=1"><img src="https://m.media-amazon.com/images/I/41nHau5YdVL._SL500_.jpg" alt="Product Image"></a><p>Buddha Teas - Organic Mushroom Wellness Blend - Herbal Tea - For Health & Wellbeing - With Antioxidants & Minerals - Clean Ingredients - Caffeine Free - OU Kosher & Non-GMO - 18 Tea Bags (Pack of 1).</p><p>$8.25 ($0.46 / Count)</p><a href="https://www.amazon.com/dp/B086R8PDZV?tag=eloabder-20&linkCode=osi&th=1&psc=1">View Product</a></div><div class="product"><a href="https://www.amazon.com/dp/B07CGW59KH?tag=eloabder-20&linkCode=osi&th=1&psc=1"><img src="https://m.media-amazon.com/images/I/611h06lvlUL._SL500_.jpg" alt="Product Image"></a><p>Loose Leaf Tea Sampler Create Your Own Tea Blend Starter Kit w/Sencha, Rooibos, China Black, & Ginger, Lavender, Rose, Lemongrass, Hibiscus Spices</p><p>$29.99</p><a href="https://www.amazon.com/dp/B07CGW59KH?tag=eloabder-20&linkCode=osi&th=1&psc=1">View Product</a></div><div class="product"><a href="https://www.amazon.com/dp/B0CT8JGNB8?tag=eloabder-20&linkCode=osi&th=1&psc=1"><img src="https://m.media-amazon.com/images/I/411PWQNU6BL._SL500_.jpg" alt="Product Image"></a><p>120 Premium Turmeric, Ginger, Cinnamon Blend Tea Bags, 100% Natural & No Additives & Caffeine Free.</p><p>$14.95 ($0.12 / Count)</p><a href="https://www.amazon.com/dp/B0CT8JGNB8?tag=eloabder-20&linkCode=osi&th=1&psc=1">View Product</a></div><div class="product"><a href="https://www.amazon.com/dp/B00OS96DVY?tag=eloabder-20&linkCode=osi&th=1&psc=1"><img src="https://m.media-amazon.com/images/I/51-sK6ajnML._SL500_.jpg" alt="Product Image"></a><p>Harney & Sons Tower of London Black Tea with Vanilla, Black Currant, Caramel, and Honey | 30 sachets, Historic Royal Palaces Collection</p><p>$10.33 ($3.90 / Ounce)</p><a href="https://www.amazon.com/dp/B00OS96DVY?tag=eloabder-20&linkCode=osi&th=1&psc=1">View Product</a></div><div class="product"><a href="https://www.amazon.com/dp/B0BHYBHVJ6?tag=eloabder-20&linkCode=osi&th=1&psc=1"><img src="https://m.media-amazon.com/images/I/51F9trJcmdL._SL500_.jpg" alt="Product Image"></a><p>Organic Sleep Blend Herbal Tea - 50 Packets - Natural Chamomile, Peppermint, Fennel And Tulsi Teabags - USDA Certified 100% Non-GMO - Decaffeinated Designer Gift Tin</p><p>$8.69 ($0.17 / Count)</p><a href="https://www.amazon.com/dp/B0BHYBHVJ6?tag=eloabder-20&linkCode=osi&th=1&psc=1">View Product</a></div>
<div class="product"><a href="https://www.amazon.com/dp/B0BVXD8CX3?tag=eloabder-20&linkCode=osi&th=1&psc=1"><img src="https://m.media-amazon.com/images/I/51hkEiL7c8L._SL500_.jpg" alt="Product Image"></a><p>Simply Organic Herbs, Spices and Seasonings Assorted Variety Sampler Gift Set - By Veher (24-Pack)</p><p>$142.95 ($5.96 / Ounce)</p><a href="https://www.amazon.com/dp/B0BVXD8CX3?tag=eloabder-20&linkCode=osi&th=1&psc=1">View Product</a></div><div class="product"><a href="https://www.amazon.com/dp/B094WXH3KP?tag=eloabder-20&linkCode=osi&th=1&psc=1"><img src="https://m.media-amazon.com/images/I/51mqUk3dM1L._SL500_.jpg" alt="Product Image"></a><p>eonou Encore Seasonings and Spices 10 pk - Premium Cooking Spices and Herbs (Oregano, Rosemary, Basil, Parsley, Italian Seasoning, Cumin, Steak Spice, Chopped Onion, Onion Powder, Thyme)</p><p>$19.99 ($2.00 / Count)</p><a href="https://www.amazon.com/dp/B094WXH3KP?tag=eloabder-20&linkCode=osi&th=1&psc=1">View Product</a></div><div class="product"><a href="https://www.amazon.com/dp/B072N9BLHS?tag=eloabder-20&linkCode=osi&th=1&psc=1"><img src="https://m.media-amazon.com/images/I/519zkN7EgWL._SL500_.jpg" alt="Product Image"></a><p>The Spice Way Herbes De Provence - | 4oz | fresh herbs and spice seasoning</p><p>$6.99 ($1.75 / Ounce)</p><a href="https://www.amazon.com/dp/B072N9BLHS?tag=eloabder-20&linkCode=osi&th=1&psc=1">View Product</a></div><div class="product"><a href="https://www.amazon.com/dp/B0761Z81ZK?tag=eloabder-20&linkCode=osi&th=1&psc=1"><img src="https://m.media-amazon.com/images/I/51tYgb8ntBL._SL500_.jpg" alt="Product Image"></a><p>McCormick Grill Mates Roasted Garlic & Herb Seasoning, 9.25 oz</p><p>$7.43 ($0.80 / Ounce)</p><a href="https://www.amazon.com/dp/B0761Z81ZK?tag=eloabder-20&linkCode=osi&th=1&psc=1">View Product</a></div><div class="product"><a href="https://www.amazon.com/dp/B00CQ7K9J2?tag=eloabder-20&linkCode=osi&th=1&psc=1"><img src="https://m.media-amazon.com/images/I/317BBm1p-TL._SL500_.jpg" alt="Product Image"></a><p>Bragg Sprinkle Herbs and Spices - Salt Free Seasoning, 1.5oz, Single</p><p>$6.99 ($4.66 / Ounce)</p><a href="https://www.amazon.com/dp/B00CQ7K9J2?tag=eloabder-20&linkCode=osi&th=1&psc=1">View Product</a></div><div class="product"><a href="https://www.amazon.com/dp/B003H2S2KI?tag=eloabder-20&linkCode=osi&th=1&psc=1"><img src="https://m.media-amazon.com/images/I/41mr0wk+3mL._SL500_.jpg" alt="Product Image"></a><p>Badia Herbs De Provence, 8 Ounces</p><p>$6.26 ($0.78 / Ounce)</p><a href="https://www.amazon.com/dp/B003H2S2KI?tag=eloabder-20&linkCode=osi&th=1&psc=1">View Product</a></div><div class="product"><a href="https://www.amazon.com/dp/B0BQ4VRJBL?tag=eloabder-20&linkCode=osi&th=1&psc=1"><img src="https://m.media-amazon.com/images/I/41ZxLNNd8mL._SL500_.jpg" alt="Product Image"></a><p>Weber Roasted Garlic & Herb Seasoning, 5.5 Ounce Shaker</p><p>$2.82 ($0.51 / Ounce)</p><a href="https://www.amazon.com/dp/B0BQ4VRJBL?tag=eloabder-20&linkCode=osi&th=1&psc=1">View Product</a></div><div class="product"><a href="https://www.amazon.com/dp/B08KRC7V7J?tag=eloabder-20&linkCode=osi&th=1&psc=1"><img src="https://m.media-amazon.com/images/I/4170CYnZ9WL._SL500_.jpg" alt="Product Image"></a><p>McCormick Salt Free Garlic and Herb Seasoning, 4.37 oz</p><p>$4.68 ($1.07 / Ounce)</p><a href="https://www.amazon.com/dp/B08KRC7V7J?tag=eloabder-20&linkCode=osi&th=1&psc=1">View Product</a></div><div class="product"><a href="https://www.amazon.com/dp/B00IX4WUTY?tag=eloabder-20&linkCode=osi&th=1&psc=1"><img src="https://m.media-amazon.com/images/I/51TAH1ijkqS._SL500_.jpg" alt="Product Image"></a><p>Bragg Sprinkle Herbs and Spices Seasoning, 1.5oz, 3 Pack</p><p>$20.27 ($13.51 / Ounce)</p><a href="https://www.amazon.com/dp/B00IX4WUTY?tag=eloabder-20&linkCode=osi&th=1&psc=1">View Product</a></div>
<div class="product"><a href="https://www.amazon.com/dp/B0BWSKYV63?tag=eloabder-20&linkCode=osi&th=1&psc=1"><img src="https://m.media-amazon.com/images/I/51Q5Je2yRhL._SL500_.jpg" alt="Product Image"></a><p>Welch's Fruit Snacks, Mixed Fruit, Perfect Easter Basket Stuffers, Gluten Free, Bulk Pack, Individual Single Serve Bags, 0.8 oz (Pack of 40)</p><p>$7.99 ($0.25 / Ounce)</p><a href="https://www.amazon.com/dp/B0BWSKYV63?tag=eloabder-20&linkCode=osi&th=1&psc=1">View Product</a></div><div class="product"><a href="https://www.amazon.com/dp/B08826B2XL?tag=eloabder-20&linkCode=osi&th=1&psc=1"><img src="https://m.media-amazon.com/images/I/61DT5pSYXFL._SL500_.jpg" alt="Product Image"></a><p>Frito Lay Ultimate Classic Snacks Package, Variety Assortment of Chips, Cookies, Crackers, & Nuts, (Pack of 40) (Packaging May Vary)</p><p>$26.91</p><a href="https://www.amazon.com/dp/B08826B2XL?tag=eloabder-20&linkCode=osi&th=1&psc=1">View Product</a></div><div class="product"><a href="https://www.amazon.com/dp/B013OY25GA?tag=eloabder-20&linkCode=osi&th=1&psc=1"><img src="https://m.media-amazon.com/images/I/51FlSjX95aL._SL500_.jpg" alt="Product Image"></a><p>Snack Pack Chocolate and Vanilla Flavored Pudding Cups Family Pack, 12 Count Pudding Cups (6 Pack)</p><p>$3.27 ($0.01 / Ounce)</p><a href="https://www.amazon.com/dp/B013OY25GA?tag=eloabder-20&linkCode=osi&th=1&psc=1">View Product</a></div><div class="product"><a href="https://www.amazon.com/dp/B0BWSLB73Z?tag=eloabder-20&linkCode=osi&th=1&psc=1"><img src="https://m.media-amazon.com/images/I/51RWXG4OG6L._SL500_.jpg" alt="Product Image"></a><p>Welch's Fruit Snacks, Fruit Punch & Island Fruits Variety Pack, Perfect for School Lunches, Gluten Free, Bulk Pack, 0.8 oz Individual Single Serve Bags (Pack of 40)</p><p>$8.49 ($0.21 / Count)</p><a href="https://www.amazon.com/dp/B0BWSLB73Z?tag=eloabder-20&linkCode=osi&th=1&psc=1">View Product</a></div><div class="product"><a href="https://www.amazon.com/dp/B09FFXR2VV?tag=eloabder-20&linkCode=osi&th=1&psc=1"><img src="https://m.media-amazon.com/images/I/51SZiftXwcL._SL500_.jpg" alt="Product Image"></a><p>The Only Bean Crunchy Dry Roasted Edamame Snacks (Sea Salt), Keto Snack Food, High Protein (11g) Healthy Snacks, Low Carb Gluten Free Office Vegan Food 100 Calorie Snack Pack, 0.9oz 10 Pack</p><p>$12.72 ($1.41 / Ounce)</p><a href="https://www.amazon.com/dp/B09FFXR2VV?tag=eloabder-20&linkCode=osi&th=1&psc=1">View Product</a></div><div class="product"><a href="https://www.amazon.com/dp/B072151Q32?tag=eloabder-20&linkCode=osi&th=1&psc=1"><img src="https://m.media-amazon.com/images/I/41Rlgfdz90L._SL500_.jpg" alt="Product Image"></a><p>Dole Fruit Bowls No Sugar Added Variety Pack Snacks, Peaches, Mandarin Oranges & Cherry Mixed Fruit, 4oz 12 Cups, Gluten & Dairy Free, Bulk Lunch Snacks for Kids & Adults</p><p>$6.74 ($0.56 / Count)</p><a href="https://www.amazon.com/dp/B072151Q32?tag=eloabder-20&linkCode=osi&th=1&psc=1">View Product</a></div><div class="product"><a href="https://www.amazon.com/dp/B084RDDFGR?tag=eloabder-20&linkCode=osi&th=1&psc=1"><img src="https://m.media-amazon.com/images/I/41eLMpoHGkL._SL500_.jpg" alt="Product Image"></a><p>Kellogg's Rice Krispies Treats, Crispy Marshmallow Squares, Original, School Lunch Snack, 41.9oz Case (54 Count)</p><p>$13.49 ($0.32 / Ounce)</p><a href="https://www.amazon.com/dp/B084RDDFGR?tag=eloabder-20&linkCode=osi&th=1&psc=1">View Product</a></div><div class="product"><a href="https://www.amazon.com/dp/B00G2XNSWQ?tag=eloabder-20&linkCode=osi&th=1&psc=1"><img src="https://m.media-amazon.com/images/I/411XH1pQP8L._SL500_.jpg" alt="Product Image"></a><p>Nutella & GO! Bulk 12 Pack, Hazelnut and Cocoa Spread with Breadsticks, Snack Cups for Kids, 1.8 oz Each</p><p>$11.99 ($0.56 / Ounce)</p><a href="https://www.amazon.com/dp/B00G2XNSWQ?tag=eloabder-20&linkCode=osi&th=1&psc=1">View Product</a></div><div class="product"><a href="https://www.amazon.com/dp/B00KR7PKTC?tag=eloabder-20&linkCode=osi&th=1&psc=1"><img src="https://m.media-amazon.com/images/I/414UW7g-s5L._SL500_.jpg" alt="Product Image"></a><p>Cheez-It Cheese Crackers, Baked Snack Crackers, Lunch Snacks, Variety Pack, 12.1oz Box (12 Packs)</p><p>$5.82 ($0.48 / Ounce)</p><a href="https://www.amazon.com/dp/B00KR7PKTC?tag=eloabder-20&linkCode=osi&th=1&psc=1">View Product</a></div><div class="product"><a href="https://www.amazon.com/dp/B078D7MGY5?tag=eloabder-20&linkCode=osi&th=1&psc=1"><img src="https://m.media-amazon.com/images/I/41ttxloA1AL._SL500_.jpg" alt="Product Image"></a><p>Pringles Potato Crisps Chips, Lunch Snacks, On-the-Go Snacks, Snack Stacks, Variety Pack, 19.3oz Box (27 Cups)</p><p>$12.99 ($0.67 / Ounce)</p><a href="https://www.amazon.com/dp/B078D7MGY5?tag=eloabder-20&linkCode=osi&th=1&psc=1">View Product</a></div>
<div class="product"><a href="https://www.amazon.com/dp/B0C5YLP6PC?tag=eloabder-20&linkCode=osi&th=1&psc=1"><img src="https://m.media-amazon.com/images/I/41Ru-8CxkhL._SL500_.jpg" alt="Product Image"></a><p>3 Pack, Gluten Free Potato Gnocchi, Cooks in 2-3 minutes, (3 x 1 lb), Italian Gnocchi, Product of Italy, NON GMO, Eggs Free, Vegan, by L'Oro Del Sud</p><p>$17.99 ($1.12 / Ounce)</p><a href="https://www.amazon.com/dp/B0C5YLP6PC?tag=eloabder-20&linkCode=osi&th=1&psc=1">View Product</a></div><div class="product"><a href="https://www.amazon.com/dp/B09Q98H64R?tag=eloabder-20&linkCode=osi&th=1&psc=1"><img src="https://m.media-amazon.com/images/I/5101NV4WQOL._SL500_.jpg" alt="Product Image"></a><p>Kraft Gluten Free Original Mac & Cheese Macaroni and Cheese Dinner, 4 ct Pack, 1.9 oz Cups</p><p>$6.49 ($0.85 / Ounce)</p><a href="https://www.amazon.com/dp/B09Q98H64R?tag=eloabder-20&linkCode=osi&th=1&psc=1">View Product</a></div><div class="product"><a href="https://www.amazon.com/dp/B0BRBWXDTK?tag=eloabder-20&linkCode=osi&th=1&psc=1"><img src="https://m.media-amazon.com/images/I/41Di2iNnMJL._SL500_.jpg" alt="Product Image"></a><p>Katz Gluten Free Oatmeal Crème Pies| Dairy Free, Nut Free, Soy Free, Gluten Free | Kosher (1 Pack 6.3 Ounce)</p><p>$12.99 ($2.16 / Ounce)</p><a href="https://www.amazon.com/dp/B0BRBWXDTK?tag=eloabder-20&linkCode=osi&th=1&psc=1">View Product</a></div><div class="product"><a href="https://www.amazon.com/dp/B01JJ9H1Q8?tag=eloabder-20&linkCode=osi&th=1&psc=1"><img src="https://m.media-amazon.com/images/I/41EC1yykptL._SL500_.jpg" alt="Product Image"></a><p>King Arthur, Measure for Measure Flour, Certified Gluten-Free, Non-GMO Project Verified, Certified Kosher, 3 Pounds, Packaging May Vary</p><p>$8.62 ($0.18 / Ounce)</p><a href="https://www.amazon.com/dp/B01JJ9H1Q8?tag=eloabder-20&linkCode=osi&th=1&psc=1">View Product</a></div><div class="product"><a href="https://www.amazon.com/dp/B07CL1SRNB?tag=eloabder-20&linkCode=osi&th=1&psc=1"><img src="https://m.media-amazon.com/images/I/51jpv3MCzgL._SL500_.jpg" alt="Product Image"></a><p>Snyder's of Hanover, Gluten Free Pretzels, 8 Oz</p><p>$4.89 ($0.61 / Ounce)</p><a href="https://www.amazon.com/dp/B07CL1SRNB?tag=eloabder-20&linkCode=osi&th=1&psc=1">View Product</a></div><div class="product"><a href="https://www.amazon.com/dp/B004TSXNIA?tag=eloabder-20&linkCode=osi&th=1&psc=1"><img src="https://m.media-amazon.com/images/I/5137tUox+SL._SL500_.jpg" alt="Product Image"></a><p>Annie's Gluten Free Cocoa and Vanilla Bunny Cookies, 6.75 oz</p><p>$4.22 ($0.62 / Ounce)</p><a href="https://www.amazon.com/dp/B004TSXNIA?tag=eloabder-20&linkCode=osi&th=1&psc=1">View Product</a></div><div class="product"><a href="https://www.amazon.com/dp/B00GI9B84O?tag=eloabder-20&linkCode=osi&th=1&psc=1"><img src="https://m.media-amazon.com/images/I/41e7kO-b3WS._SL500_.jpg" alt="Product Image"></a><p>Mom's Place Gluten Free Beef Stroganoff Mix</p><p>$5.99 ($5.99 / Count)</p><a href="https://www.amazon.com/dp/B00GI9B84O?tag=eloabder-20&linkCode=osi&th=1&psc=1">View Product</a></div><div class="product"><a href="https://www.amazon.com/dp/B0BXQWVL1Q?tag=eloabder-20&linkCode=osi&th=1&psc=1"><img src="https://m.media-amazon.com/images/I/413idrGl7fL._SL500_.jpg" alt="Product Image"></a><p>Simple Mills Almond Flour Snack Bars (Chocolate Brownie) with Organic Coconut Oil, Chia Seeds, Sunflower Seeds, and Flax Seeds, 6oz, 1 Count</p><p>$4.50 ($0.75 / Ounce)</p><a href="https://www.amazon.com/dp/B0BXQWVL1Q?tag=eloabder-20&linkCode=osi&th=1&psc=1">View Product</a></div><div class="product"><a href="https://www.amazon.com/dp/B09Z9QV2CT?tag=eloabder-20&linkCode=osi&th=1&psc=1"><img src="https://m.media-amazon.com/images/I/41pnXqKjS7L._SL500_.jpg" alt="Product Image"></a><p>Mom's Place Gluten Free Biscuits & Gravy Mix</p><p>$8.99 ($0.67 / Ounce)</p><a href="https://www.amazon.com/dp/B09Z9QV2CT?tag=eloabder-20&linkCode=osi&th=1&psc=1">View Product</a></div>
<div class="product"><a href="https://www.amazon.com/dp/B0BNZF5CCM?tag=eloabder-20&linkCode=osi&th=1&psc=1"><img src="https://m.media-amazon.com/images/I/61ZB1KesX-L._SL500_.jpg" alt="Product Image"></a><p>Midi International Snack Box | Premium Exotic Foreign Snacks | Unique Snack Food Gifts Included | Purple Theme Box | Candies from Around the World | 12 Full-Size + 1 Bonus Snacks</p><p>$14.95 ($14.95 / Count)</p><a href="https://www.amazon.com/dp/B0BNZF5CCM?tag=eloabder-20&linkCode=osi&th=1&psc=1">View Product</a></div><div class="product"><a href="https://www.amazon.com/dp/B08W72N8SM?tag=eloabder-20&linkCode=osi&th=1&psc=1"><img src="https://m.media-amazon.com/images/I/61UC7bprqkL._SL500_.jpg" alt="Product Image"></a><p>Midi International Snack Box | Premium Exotic Foreign Snacks | Unique Snack Food Gifts Included | Fantastic Space Theme | Candies from Around the World | 12 Full-Size + 1 Bonus Snacks</p><p>$14.99 ($1.25 / Count)</p><a href="https://www.amazon.com/dp/B08W72N8SM?tag=eloabder-20&linkCode=osi&th=1&psc=1">View Product</a></div><div class="product"><a href="https://www.amazon.com/dp/B0C6PRVVJY?tag=eloabder-20&linkCode=osi&th=1&psc=1"><img src="https://m.media-amazon.com/images/I/61o8Z3EzSnL._SL500_.jpg" alt="Product Image"></a><p>International Exotic Snack Box Variety Pack, 22 Count Premium Foreign Rare Snack Food Gifts with Suprise Item for Fun, Mystery Box of Snacks, European Snacks for Adults and Kids</p><p>$29.95</p><a href="https://www.amazon.com/dp/B0C6PRVVJY?tag=eloabder-20&linkCode=osi&th=1&psc=1">View Product</a></div><div class="product"><a href="https://www.amazon.com/dp/B09T7B3QFJ?tag=eloabder-20&linkCode=osi&th=1&psc=1"><img src="https://m.media-amazon.com/images/I/61Xx7pPJCkL._SL500_.jpg" alt="Product Image"></a><p>Universal Yums International Snack Box | Variety Pack Of Chips, Candy, Chocolates, And Snacks From Around The World | Foreign Snacks For Office, Family, Gifts, And Parties | (50 Exotic Snacks)</p><p>$49.50</p><a href="https://www.amazon.com/dp/B09T7B3QFJ?tag=eloabder-20&linkCode=osi&th=1&psc=1">View Product</a></div><div class="product"><a href="https://www.amazon.com/dp/B08W71KXLS?tag=eloabder-20&linkCode=osi&th=1&psc=1"><img src="https://m.media-amazon.com/images/I/61dcTJQFmBL._SL500_.jpg" alt="Product Image"></a><p>Midi International Snack Box | Premium Exotic Foreign Snacks | Unique Snack Food Gifts Included | Picnic Box Theme | Candies from Around the World | 12 Full-Size + 1 Bonus Snacks</p><p>$14.99 ($14.99 / Count)</p><a href="https://www.amazon.com/dp/B08W71KXLS?tag=eloabder-20&linkCode=osi&th=1&psc=1">View Product</a></div><div class="product"><a href="https://www.amazon.com/dp/B09TG6WCBC?tag=eloabder-20&linkCode=osi&th=1&psc=1"><img src="https://m.media-amazon.com/images/I/61lmk368l0L._SL500_.jpg" alt="Product Image"></a><p>Midi International Snack Box (Fairy Tale Themed) | Snacks Variety Pack of International Treats | Foreign Snack Box Offering Unique Experience | Mix Care Pack of Turkish Candies | 12 Full-Size Snacks</p><p>$14.99 ($1.00 / Ounce)</p><a href="https://www.amazon.com/dp/B09TG6WCBC?tag=eloabder-20&linkCode=osi&th=1&psc=1">View Product</a></div><div class="product"><a href="https://www.amazon.com/dp/B0BNZCVDYQ?tag=eloabder-20&linkCode=osi&th=1&psc=1"><img src="https://m.media-amazon.com/images/I/61aTXvWjbSL._SL500_.jpg" alt="Product Image"></a><p>Midi International Snack Box | Premium Exotic Foreign Snacks | Unique Snack Food Gifts Included | Orange Nebula Space Theme | Candies from Around the World | 12 Full-Size + 1 Bonus Snacks</p><p>$14.99 ($14.99 / Count)</p><a href="https://www.amazon.com/dp/B0BNZCVDYQ?tag=eloabder-20&linkCode=osi&th=1&psc=1">View Product</a></div><div class="product"><a href="https://www.amazon.com/dp/B0CK8DWXS2?tag=eloabder-20&linkCode=osi&th=1&psc=1"><img src="https://m.media-amazon.com/images/I/511Z-FX62TL._SL500_.jpg" alt="Product Image"></a><p>Mega International Snack Box | Premium Exotic Foreign Snacks | Unique Snack Food Gifts Included | Try Extraordinary Turkish Snacks | Candies from Around the World | 32+1 Full-Size Snacks</p><p>$39.95 ($1.00 / Ounce)</p><a href="https://www.amazon.com/dp/B0CK8DWXS2?tag=eloabder-20&linkCode=osi&th=1&psc=1">View Product</a></div><div class="product"><a href="https://www.amazon.com/dp/B0CGRMR7VN?tag=eloabder-20&linkCode=osi&th=1&psc=1"><img src="https://m.media-amazon.com/images/I/51PgWRUNnkL._SL500_.jpg" alt="Product Image"></a><p>Turkish Foreign Snack Box, Gourmet Turkish Food Gift Box, Variety of Unique Sweets and Savory Snacks from Turkey - International Snacks Box - Full Sized Snacks - 24ct</p><p>$23.99 ($1.00 / Count)</p><a href="https://www.amazon.com/dp/B0CGRMR7VN?tag=eloabder-20&linkCode=osi&th=1&psc=1">View Product</a></div>
<div class="product"><a href="https://www.amazon.com/dp/B001EQ5NHE?tag=eloabder-20&linkCode=osi&th=1&psc=1"><img src="https://m.media-amazon.com/images/I/51Kg06c5YuL._SL500_.jpg" alt="Product Image"></a><p>Spam Classic, 12 Ounce Can (Pack of 12)</p><p>$28.32 ($0.20 / Ounce)</p><a href="https://www.amazon.com/dp/B001EQ5NHE?tag=eloabder-20&linkCode=osi&th=1&psc=1">View Product</a></div><div class="product"><a href="https://www.amazon.com/dp/B08DQ6422D?tag=eloabder-20&linkCode=osi&th=1&psc=1"><img src="https://m.media-amazon.com/images/I/51-xOj2EbVL._SL500_.jpg" alt="Product Image"></a><p>Del Monte Cut Blue Lake Green Beans With No Added Salt 14.5 Oz,(Pack of 4)</p><p>$5.28 ($0.09 / Ounce)</p><a href="https://www.amazon.com/dp/B08DQ6422D?tag=eloabder-20&linkCode=osi&th=1&psc=1">View Product</a></div><div class="product"><a href="https://www.amazon.com/dp/B089PMW6C3?tag=eloabder-20&linkCode=osi&th=1&psc=1"><img src="https://m.media-amazon.com/images/I/41fKtFm2RAL._SL500_.jpg" alt="Product Image"></a><p>SpaghettiOs Canned Pasta with Meatballs, 15.6 oz Can (Pack of 12)</p><p>$11.44 ($0.06 / Ounce)</p><a href="https://www.amazon.com/dp/B089PMW6C3?tag=eloabder-20&linkCode=osi&th=1&psc=1">View Product</a></div><div class="product"><a href="https://www.amazon.com/dp/B006VS7C60?tag=eloabder-20&linkCode=osi&th=1&psc=1"><img src="https://m.media-amazon.com/images/I/51adZb-RUeL._SL500_.jpg" alt="Product Image"></a><p>Campbell’s Pork and Beans, 11 Oz Can (Case of 24)</p><p>$20.64 ($0.08 / Ounce)</p><a href="https://www.amazon.com/dp/B006VS7C60?tag=eloabder-20&linkCode=osi&th=1&psc=1">View Product</a></div><div class="product"><a href="https://www.amazon.com/dp/B00CPDWTBI?tag=eloabder-20&linkCode=osi&th=1&psc=1"><img src="https://m.media-amazon.com/images/I/61M2-LCC5uL._SL500_.jpg" alt="Product Image"></a><p>DEL MONTE FRESH CUT Whole New Canned Potatoes, Canned Vegetables, 12 Pack, 14.5 oz Can</p><p>$17.76 ($0.10 / Ounce)</p><a href="https://www.amazon.com/dp/B00CPDWTBI?tag=eloabder-20&linkCode=osi&th=1&psc=1">View Product</a></div><div class="product"><a href="https://www.amazon.com/dp/B00TFPKEZM?tag=eloabder-20&linkCode=osi&th=1&psc=1"><img src="https://m.media-amazon.com/images/I/51VTHItyaXL._SL500_.jpg" alt="Product Image"></a><p>Del Monte Canned Fresh Cut French Style Green Beans, 8 Ounce (Pack of 12)</p><p>$16.68 ($0.17 / Ounce)</p><a href="https://www.amazon.com/dp/B00TFPKEZM?tag=eloabder-20&linkCode=osi&th=1&psc=1">View Product</a></div><div class="product"><a href="https://www.amazon.com/dp/B08WR5J62L?tag=eloabder-20&linkCode=osi&th=1&psc=1"><img src="https://m.media-amazon.com/images/I/51QjonsN18L._SL500_.jpg" alt="Product Image"></a><p>Chicken of the Sea Chunk Light Tuna in Water, Wild Caught Tuna, 5-Ounce Cans (Pack of 10)</p><p>$8.90 ($2.85 / lb)</p><a href="https://www.amazon.com/dp/B08WR5J62L?tag=eloabder-20&linkCode=osi&th=1&psc=1">View Product</a></div><div class="product"><a href="https://www.amazon.com/dp/B01MQ6BDM0?tag=eloabder-20&linkCode=osi&th=1&psc=1"><img src="https://m.media-amazon.com/images/I/51chxbCoRfL._SL500_.jpg" alt="Product Image"></a><p>Libby's Vienna Sausage in Chicken Broth, Canned Sausage, 4.6 OZ (Pack of 24)</p><p>$23.52 ($0.98 / Count)</p><a href="https://www.amazon.com/dp/B01MQ6BDM0?tag=eloabder-20&linkCode=osi&th=1&psc=1">View Product</a></div><div class="product"><a href="https://www.amazon.com/dp/B01NBFQ8TF?tag=eloabder-20&linkCode=osi&th=1&psc=1"><img src="https://m.media-amazon.com/images/I/41ijyPglLPL._SL500_.jpg" alt="Product Image"></a><p>Bush's Best Baked Beans, Country Style with Bacon and Brown Sugar, 8.3 OZ (Pack of 12)</p><p>$20.28 ($1.69 / Count)</p><a href="https://www.amazon.com/dp/B01NBFQ8TF?tag=eloabder-20&linkCode=osi&th=1&psc=1">View Product</a></div><div class="product"><a href="https://www.amazon.com/dp/B019YHSNGC?tag=eloabder-20&linkCode=osi&th=1&psc=1"><img src="https://m.media-amazon.com/images/I/51oHYkvLL0L._SL500_.jpg" alt="Product Image"></a><p>Bumble Bee Chunk Light Tuna In Water, 5 oz Cans (Pack of 24) - Wild Caught Skipjack Tuna - 23g Protein Per Serving - MSC Certified Sustainable Seafood, Non-GMO, Gluten Free, Kosher</p><p>$23.36 ($0.19 / Ounce)</p><a href="https://www.amazon.com/dp/B019YHSNGC?tag=eloabder-20&linkCode=osi&th=1&psc=1">View Product</a></div>
<div class="product"><a href="https://www.amazon.com/dp/B07KQNNW9K?tag=eloabder-20&linkCode=osi&th=1&psc=1"><img src="https://m.media-amazon.com/images/I/51EVSxp535L._SL500_.jpg" alt="Product Image"></a><p>HORMEL COMPLEATS Protein Variety Pack Microwave Trays (Pack of 5)</p><p>$14.99 ($0.33 / Ounce)</p><a href="https://www.amazon.com/dp/B07KQNNW9K?tag=eloabder-20&linkCode=osi&th=1&psc=1">View Product</a></div><div class="product"><a href="https://www.amazon.com/dp/B000V1JVAI?tag=eloabder-20&linkCode=osi&th=1&psc=1"><img src="https://m.media-amazon.com/images/I/51moeAwg0qL._SL500_.jpg" alt="Product Image"></a><p>HORMEL COMPLEATS Meatloaf & Gravy With Mashed Potatoes Microwave Tray, 9 oz. (6 Pack)</p><p>$13.68 ($0.25 / Ounce)</p><a href="https://www.amazon.com/dp/B000V1JVAI?tag=eloabder-20&linkCode=osi&th=1&psc=1">View Product</a></div><div class="product"><a href="https://www.amazon.com/dp/B001E55YXS?tag=eloabder-20&linkCode=osi&th=1&psc=1"><img src="https://m.media-amazon.com/images/I/51f7Q-awP2L._SL500_.jpg" alt="Product Image"></a><p>HORMEL COMPLEATS Beef Pot Roast Microwave Tray, 9 Ounce (Pack of 6)</p><p>$13.68 ($0.25 / Ounce)</p><a href="https://www.amazon.com/dp/B001E55YXS?tag=eloabder-20&linkCode=osi&th=1&psc=1">View Product</a></div><div class="product"><a href="https://www.amazon.com/dp/B001E52XGO?tag=eloabder-20&linkCode=osi&th=1&psc=1"><img src="https://m.media-amazon.com/images/I/513-IE78MvL._SL500_.jpg" alt="Product Image"></a><p>HORMEL COMPLEATS Turkey & Dressing Microwave Tray, 10 oz. (6 Pack)</p><p>$13.68 ($0.23 / Ounce)</p><a href="https://www.amazon.com/dp/B001E52XGO?tag=eloabder-20&linkCode=osi&th=1&psc=1">View Product</a></div><div class="product"><a href="https://www.amazon.com/dp/B01JLWGOCA?tag=eloabder-20&linkCode=osi&th=1&psc=1"><img src="https://m.media-amazon.com/images/I/41JtN2c2Y3L._SL500_.jpg" alt="Product Image"></a><p>Idahoan Four Cheese Mashed Potatoes, Made with Gluten-Free 100-Percent Real Idaho Potatoes, 1.5 oz Cup (Pack of 10)</p><p>$11.23 ($0.75 / Ounce)</p><a href="https://www.amazon.com/dp/B01JLWGOCA?tag=eloabder-20&linkCode=osi&th=1&psc=1">View Product</a></div><div class="product"><a href="https://www.amazon.com/dp/B08P3SVWFR?tag=eloabder-20&linkCode=osi&th=1&psc=1"><img src="https://m.media-amazon.com/images/I/51Q7KX85dtL._SL500_.jpg" alt="Product Image"></a><p>StarKist Premium White Chicken - 2.6 oz Pouch (Pack of 12)</p><p>$15.06 ($0.48 / Ounce)</p><a href="https://www.amazon.com/dp/B08P3SVWFR?tag=eloabder-20&linkCode=osi&th=1&psc=1">View Product</a></div><div class="product"><a href="https://www.amazon.com/dp/B001E52WAG?tag=eloabder-20&linkCode=osi&th=1&psc=1"><img src="https://m.media-amazon.com/images/I/51dV9dBtkEL._SL500_.jpg" alt="Product Image"></a><p>Dinty Moore Beef Stew, 9-Ounce Packages (Pack of 6)</p><p>$17.34 ($0.32 / Ounce)</p><a href="https://www.amazon.com/dp/B001E52WAG?tag=eloabder-20&linkCode=osi&th=1&psc=1">View Product</a></div><div class="product"><a href="https://www.amazon.com/dp/B0BTQWY5LL?tag=eloabder-20&linkCode=osi&th=1&psc=1"><img src="https://m.media-amazon.com/images/I/61dN-t0ureL._SL500_.jpg" alt="Product Image"></a><p>MISS OLIVE'S Variety Pack Microwavable Low Sodium Ready Meals (Bundle of 6)-1 of each flavor</p><p>$26.49 ($0.63 / Ounce)</p><a href="https://www.amazon.com/dp/B0BTQWY5LL?tag=eloabder-20&linkCode=osi&th=1&psc=1">View Product</a></div><div class="product"><a href="https://www.amazon.com/dp/B0111Y7PO2?tag=eloabder-20&linkCode=osi&th=1&psc=1"><img src="https://m.media-amazon.com/images/I/51ReJtj0zJL._SL500_.jpg" alt="Product Image"></a><p>HORMEL COMPLEATS Rice & Chicken Microwave Tray, 7.5 Ounces (Pack of 7)</p><p>$15.96 ($0.30 / Ounce)</p><a href="https://www.amazon.com/dp/B0111Y7PO2?tag=eloabder-20&linkCode=osi&th=1&psc=1">View Product</a></div><div class="product"><a href="https://www.amazon.com/dp/B09GL33XZG?tag=eloabder-20&linkCode=osi&th=1&psc=1"><img src="https://m.media-amazon.com/images/I/41tbj+XvZLL._SL500_.jpg" alt="Product Image"></a><p>HMR Ultimate Entrée Pack | Pre-packaged Lunch or Dinner to Support Weight Loss | Pack of 17 Ready to Eat Meals | 10-20 grams of Protein per Entrée | Low Calorie Food | 7-8oz Servings per Meal</p><p>$89.99</p><a href="https://www.amazon.com/dp/B09GL33XZG?tag=eloabder-20&linkCode=osi&th=1&psc=1">View Product</a></div>
<div class="product"><a href="https://www.amazon.com/dp/B00I9VBMLI?tag=eloabder-20&linkCode=osi&th=1&psc=1"><img src="https://m.media-amazon.com/images/I/51kyWWI+vRL._SL500_.jpg" alt="Product Image"></a><p>Chef Boyardee Beef Ravioli, 15 oz, 4 Pack</p><p>$4.48 ($0.07 / Count)</p><a href="https://www.amazon.com/dp/B00I9VBMLI?tag=eloabder-20&linkCode=osi&th=1&psc=1">View Product</a></div>
<div class="product"><a href="https://www.amazon.com/dp/B0CJCXLDSP?tag=eloabder-20&linkCode=osi&th=1&psc=1"><img src="https://m.media-amazon.com/images/I/41uUHvJRp2L._SL500_.jpg" alt="Product Image"></a><p>ARM & HAMMER Baking Soda Made in USA, Ideal for Baking, Pure & Natural, 2.7lb Bag</p><p>$7.99 ($0.18 / Ounce)</p><a href="https://www.amazon.com/dp/B0CJCXLDSP?tag=eloabder-20&linkCode=osi&th=1&psc=1">View Product</a></div><div class="product"><a href="https://www.amazon.com/dp/B07JFLXZQV?tag=eloabder-20&linkCode=osi&th=1&psc=1"><img src="https://m.media-amazon.com/images/I/41mGwlHTcmL._SL500_.jpg" alt="Product Image"></a><p>Vanilla Bean Paste for Baking and Cooking - Gourmet Madagascar Bourbon Blend made with Real Vanilla Seeds - 4 Ounces</p><p>$14.99 ($3.75 / Ounce)</p><a href="https://www.amazon.com/dp/B07JFLXZQV?tag=eloabder-20&linkCode=osi&th=1&psc=1">View Product</a></div><div class="product"><a href="https://www.amazon.com/dp/B0046EJ570?tag=eloabder-20&linkCode=osi&th=1&psc=1"><img src="https://m.media-amazon.com/images/I/31TFd1IdsRL._SL500_.jpg" alt="Product Image"></a><p>Watkins All Natural Original Gourmet Baking Vanilla, with Pure Vanilla Extract, 11 Fl Oz (Pack of 1) - Packaging May Vary</p><p>$12.35 ($1.12 / Fl Oz)</p><a href="https://www.amazon.com/dp/B0046EJ570?tag=eloabder-20&linkCode=osi&th=1&psc=1">View Product</a></div><div class="product"><a href="https://www.amazon.com/dp/B00PMUNEK6?tag=eloabder-20&linkCode=osi&th=1&psc=1"><img src="https://m.media-amazon.com/images/I/41LZqR+JNZL._SL500_.jpg" alt="Product Image"></a><p>10 Organic Madagascar Vanilla Beans Whole Grade A Vanilla Pods for Vanilla Extract and Baking</p><p>$11.04 ($1.10 / Count)</p><a href="https://www.amazon.com/dp/B00PMUNEK6?tag=eloabder-20&linkCode=osi&th=1&psc=1">View Product</a></div><div class="product"><a href="https://www.amazon.com/dp/B0CBW3D9T7?tag=eloabder-20&linkCode=osi&th=1&psc=1"><img src="https://m.media-amazon.com/images/I/414XubDDPPL._SL500_.jpg" alt="Product Image"></a><p>Scratch Diastatic Malt Powder for Baking - (10oz) Dried Barley Malt for Baking Bread - Bread Improver - Premium Baking Ingredients for Breads, Pizzas, Pretzels, Desserts, Shakes and More</p><p>$8.95 ($0.90 / Ounce)</p><a href="https://www.amazon.com/dp/B0CBW3D9T7?tag=eloabder-20&linkCode=osi&th=1&psc=1">View Product</a></div><div class="product"><a href="https://www.amazon.com/dp/B00VEJOUXE?tag=eloabder-20&linkCode=osi&th=1&psc=1"><img src="https://m.media-amazon.com/images/I/41HmZhMPH1L._SL500_.jpg" alt="Product Image"></a><p>Bob's Red Mill Baking Soda - 1 Pound (Pack of 4), Non GMO, Gluten Free, Vegan, Kosher, Paleo Friendly</p><p>$13.10 ($0.20 / Ounce)</p><a href="https://www.amazon.com/dp/B00VEJOUXE?tag=eloabder-20&linkCode=osi&th=1&psc=1">View Product</a></div><div class="product"><a href="https://www.amazon.com/dp/B0CG7C5X2F?tag=eloabder-20&linkCode=osi&th=1&psc=1"><img src="https://m.media-amazon.com/images/I/41cN3OdncVL._SL500_.jpg" alt="Product Image"></a><p>Micro Ingredients Baking Soda Powder, 6lbs | Pure Sodium Bicarbonate | Bulk Food Grade Supply | Great for Cleaning, Cooking, Laundry, or Personal Care | Non-GMO, Filler Free</p><p>$13.95 ($0.15 / Ounce)</p><a href="https://www.amazon.com/dp/B0CG7C5X2F?tag=eloabder-20&linkCode=osi&th=1&psc=1">View Product</a></div><div class="product"><a href="https://www.amazon.com/dp/B075456XMK?tag=eloabder-20&linkCode=osi&th=1&psc=1"><img src="https://m.media-amazon.com/images/I/31YCnL21+nL._SL500_.jpg" alt="Product Image"></a><p>Pure Original Ingredients Baking Soda (2 lb) Sodium Bicarbonate (NaHCO3), Always Pure, No Fillers Or Additives.</p><p>$11.99 ($0.37 / Ounce)</p><a href="https://www.amazon.com/dp/B075456XMK?tag=eloabder-20&linkCode=osi&th=1&psc=1">View Product</a></div><div class="product"><a href="https://www.amazon.com/dp/B08FYKMRGT?tag=eloabder-20&linkCode=osi&th=1&psc=1"><img src="https://m.media-amazon.com/images/I/41TdlxCI0EL._SL500_.jpg" alt="Product Image"></a><p>King Arthur, Baking Sugar Alternative, Made with Plant-Based Ingredients, Keto-Friendly, 1-to-1 Substitute for Granulated Sugar, 12 Ounces</p><p>$9.95 ($0.83 / Ounce)</p><a href="https://www.amazon.com/dp/B08FYKMRGT?tag=eloabder-20&linkCode=osi&th=1&psc=1">View Product</a></div><div class="product"><a href="https://www.amazon.com/dp/B07KKL5Q68?tag=eloabder-20&linkCode=osi&th=1&psc=1"><img src="https://m.media-amazon.com/images/I/41G0eZnHIxL._SL500_.jpg" alt="Product Image"></a><p>Pure Original Ingredients Baking Soda (1 Gallon) Aluminum Free, Cooking, Baking, Cleaning</p><p>$30.99 ($0.19 / Ounce)</p><a href="https://www.amazon.com/dp/B07KKL5Q68?tag=eloabder-20&linkCode=osi&th=1&psc=1">View Product</a></div>
<div class="product"><a href="https://www.amazon.com/dp/B0029K0U90?tag=eloabder-20&linkCode=osi&th=1&psc=1"><img src="https://m.media-amazon.com/images/I/412vWjuj9tL._SL500_.jpg" alt="Product Image"></a><p>Mrs. Wages Pasta Sauce Canning Mix 5 Ounce (Pack of 6)</p><p>$19.32 ($0.64 / Ounce)</p><a href="https://www.amazon.com/dp/B0029K0U90?tag=eloabder-20&linkCode=osi&th=1&psc=1">View Product</a></div><div class="product"><a href="https://www.amazon.com/dp/B0005ZWUDU?tag=eloabder-20&linkCode=osi&th=1&psc=1"><img src="https://m.media-amazon.com/images/I/411oE+5BGYL._SL500_.jpg" alt="Product Image"></a><p>Classico Roasted Garlic Tomato Spaghetti Pasta Sauce (24 oz Jar)</p><p>$2.98 ($0.12 / Ounce)</p><a href="https://www.amazon.com/dp/B0005ZWUDU?tag=eloabder-20&linkCode=osi&th=1&psc=1">View Product</a></div><div class="product"><a href="https://www.amazon.com/dp/B00H3TKG6O?tag=eloabder-20&linkCode=osi&th=1&psc=1"><img src="https://m.media-amazon.com/images/I/41dtGUjEl7L._SL500_.jpg" alt="Product Image"></a><p>Classico Family Favorites Traditional Pasta Sauce (24 oz Jar)</p><p>$2.16 ($0.09 / Ounce)</p><a href="https://www.amazon.com/dp/B00H3TKG6O?tag=eloabder-20&linkCode=osi&th=1&psc=1">View Product</a></div><div class="product"><a href="https://www.amazon.com/dp/B088N719GQ?tag=eloabder-20&linkCode=osi&th=1&psc=1"><img src="https://m.media-amazon.com/images/I/412O4vvfLcL._SL500_.jpg" alt="Product Image"></a><p>Prego Traditional Pasta Sauce, 45 Oz Jar</p><p>$4.23 ($0.09 / Ounce)</p><a href="https://www.amazon.com/dp/B088N719GQ?tag=eloabder-20&linkCode=osi&th=1&psc=1">View Product</a></div><div class="product"><a href="https://www.amazon.com/dp/B00IAE65L6?tag=eloabder-20&linkCode=osi&th=1&psc=1"><img src="https://m.media-amazon.com/images/I/41keFWtHEbL._SL500_.jpg" alt="Product Image"></a><p>Prego Traditional Pasta Sauce, 67 Oz Jar</p><p>$5.36 ($0.08 / Ounce)</p><a href="https://www.amazon.com/dp/B00IAE65L6?tag=eloabder-20&linkCode=osi&th=1&psc=1">View Product</a></div><div class="product"><a href="https://www.amazon.com/dp/B0CRXQZMWN?tag=eloabder-20&linkCode=osi&th=1&psc=1"><img src="https://m.media-amazon.com/images/I/41GWdkqzH0L._SL500_.jpg" alt="Product Image"></a><p>Prego Creamy Roasted Garlic Pesto Pasta Sauce, 14.5 oz Jar</p><p>$2.79 ($0.19 / Ounce)</p><a href="https://www.amazon.com/dp/B0CRXQZMWN?tag=eloabder-20&linkCode=osi&th=1&psc=1">View Product</a></div><div class="product"><a href="https://www.amazon.com/dp/B0033TSDKY?tag=eloabder-20&linkCode=osi&th=1&psc=1"><img src="https://m.media-amazon.com/images/I/416ipEt-ErS._SL500_.jpg" alt="Product Image"></a><p>Classico Four Cheese Alfredo Pasta Sauce (15 oz Jar)</p><p>$3.13 ($0.21 / Ounce)</p><a href="https://www.amazon.com/dp/B0033TSDKY?tag=eloabder-20&linkCode=osi&th=1&psc=1">View Product</a></div><div class="product"><a href="https://www.amazon.com/dp/B000Q3R6V2?tag=eloabder-20&linkCode=osi&th=1&psc=1"><img src="https://m.media-amazon.com/images/I/51DwtNnipoL._SL500_.jpg" alt="Product Image"></a><p>Hunt's Traditional Pasta Sauce, 24 oz</p><p>$1.34 ($0.06 / Ounce)</p><a href="https://www.amazon.com/dp/B000Q3R6V2?tag=eloabder-20&linkCode=osi&th=1&psc=1">View Product</a></div><div class="product"><a href="https://www.amazon.com/dp/B00XXGW39Y?tag=eloabder-20&linkCode=osi&th=1&psc=1"><img src="https://m.media-amazon.com/images/I/41FycYZ91BL._SL500_.jpg" alt="Product Image"></a><p>Classico Vodka Sauce Tomato Spaghetti Pasta Sauce (24 oz Jar)</p><p>$2.52 ($0.10 / Fl Oz)</p><a href="https://www.amazon.com/dp/B00XXGW39Y?tag=eloabder-20&linkCode=osi&th=1&psc=1">View Product</a></div><div class="product"><a href="https://www.amazon.com/dp/B07JVJR966?tag=eloabder-20&linkCode=osi&th=1&psc=1"><img src="https://m.media-amazon.com/images/I/412rjNSU1HL._SL500_.jpg" alt="Product Image"></a><p>Prego Traditional Pasta Sauce, 24 Oz Jar (Case of 12)</p><p>$29.76 ($0.10 / Fl Oz)</p><a href="https://www.amazon.com/dp/B07JVJR966?tag=eloabder-20&linkCode=osi&th=1&psc=1">View Product</a></div>
<div class="product"><a href="https://www.amazon.com/dp/B07GBS8GVH?tag=eloabder-20&linkCode=osi&th=1&psc=1"><img src="https://m.media-amazon.com/images/I/51Xpb2UbnAS._SL500_.jpg" alt="Product Image"></a><p>BEN'S ORIGINAL Ready Rice Whole Grain Brown Rice, Easy Dinner Side, 8.8 OZ Pouch (Pack of 6)</p><p>$13.08 ($0.25 / Ounce)</p><a href="https://www.amazon.com/dp/B07GBS8GVH?tag=eloabder-20&linkCode=osi&th=1&psc=1">View Product</a></div><div class="product"><a href="https://www.amazon.com/dp/B000YPKPV0?tag=eloabder-20&linkCode=osi&th=1&psc=1"><img src="https://m.media-amazon.com/images/I/51RKdJy7-TL._SL500_.jpg" alt="Product Image"></a><p>Rice-A-Roni Long grain & wild rice with herbs, 4.3 Ounce Pack of 12</p><p>$12.00 ($0.23 / Ounce)</p><a href="https://www.amazon.com/dp/B000YPKPV0?tag=eloabder-20&linkCode=osi&th=1&psc=1">View Product</a></div><div class="product"><a href="https://www.amazon.com/dp/B004NRLAVY?tag=eloabder-20&linkCode=osi&th=1&psc=1"><img src="https://m.media-amazon.com/images/I/51l35npdSyL._SL500_.jpg" alt="Product Image"></a><p>Nishiki Premium Rice, Medium Grain,15 Pound (Pack of 1)</p><p>$20.19 ($0.08 / Ounce)</p><a href="https://www.amazon.com/dp/B004NRLAVY?tag=eloabder-20&linkCode=osi&th=1&psc=1">View Product</a></div><div class="product"><a href="https://www.amazon.com/dp/B00MMTQAF6?tag=eloabder-20&linkCode=osi&th=1&psc=1"><img src="https://m.media-amazon.com/images/I/41uID5vVhuL._SL500_.jpg" alt="Product Image"></a><p>Mahatma Extra Long Grain White Rice, 10 Pound, Gluten-Free and Non-GMO, Rice Bulk Bag (Pack of 1)</p><p>$9.98 ($0.06 / Ounce)</p><a href="https://www.amazon.com/dp/B00MMTQAF6?tag=eloabder-20&linkCode=osi&th=1&psc=1">View Product</a></div><div class="product"><a href="https://www.amazon.com/dp/B00I330QEQ?tag=eloabder-20&linkCode=osi&th=1&psc=1"><img src="https://m.media-amazon.com/images/I/41eu-3nevsL._SL500_.jpg" alt="Product Image"></a><p>Authentic Royal - Naturally Aged Long Grain Indian White Basmati Rice - 15 lbs</p><p>$15.03 ($0.06 / Ounce)</p><a href="https://www.amazon.com/dp/B00I330QEQ?tag=eloabder-20&linkCode=osi&th=1&psc=1">View Product</a></div><div class="product"><a href="https://www.amazon.com/dp/B00CLGUKKG?tag=eloabder-20&linkCode=osi&th=1&psc=1"><img src="https://m.media-amazon.com/images/I/41mEtyqtEVL._SL500_.jpg" alt="Product Image"></a><p>Mahatma Whole-Grain Brown Rice, 32-Ounce Bag of Rice, Stovetop or Microwave Rice</p><p>$2.68 ($0.08 / Ounce)</p><a href="https://www.amazon.com/dp/B00CLGUKKG?tag=eloabder-20&linkCode=osi&th=1&psc=1">View Product</a></div><div class="product"><a href="https://www.amazon.com/dp/B0087HFXJ6?tag=eloabder-20&linkCode=osi&th=1&psc=1"><img src="https://m.media-amazon.com/images/I/51eYTUAUKZL._SL500_.jpg" alt="Product Image"></a><p>RiceSelect Royal Blend, Blend Of Texmati White, Brown, Red, And Wild Rice, Premium Gluten Free Rice, Non-GMO, 21 Ounce Jar</p><p>$6.98 ($0.33 / Ounce)</p><a href="https://www.amazon.com/dp/B0087HFXJ6?tag=eloabder-20&linkCode=osi&th=1&psc=1">View Product</a></div><div class="product"><a href="https://www.amazon.com/dp/B07HKTD2BD?tag=eloabder-20&linkCode=osi&th=1&psc=1"><img src="https://m.media-amazon.com/images/I/519+60cp2dL._SL500_.jpg" alt="Product Image"></a><p>Nishiki Premium 7 Grains Mix, 2 Pound</p><p>$14.49 ($0.45 / Ounce)</p><a href="https://www.amazon.com/dp/B07HKTD2BD?tag=eloabder-20&linkCode=osi&th=1&psc=1">View Product</a></div><div class="product"><a href="https://www.amazon.com/dp/B00G9U46DW?tag=eloabder-20&linkCode=osi&th=1&psc=1"><img src="https://m.media-amazon.com/images/I/51Xpb2UbnAS._SL500_.jpg" alt="Product Image"></a><p>BEN'S ORIGINAL Ready Rice Whole Grain Brown Rice, Easy Dinner Side, 8.8 OZ Pouch (Pack of 12)</p><p>$26.16 ($0.25 / Ounce)</p><a href="https://www.amazon.com/dp/B00G9U46DW?tag=eloabder-20&linkCode=osi&th=1&psc=1">View Product</a></div>
<div class="product"><a href="https://www.amazon.com/dp/B0D4KLB4HP?tag=eloabder-20&linkCode=osi&th=1&psc=1"><img src="https://m.media-amazon.com/images/I/51r7s+M2jqL._SL500_.jpg" alt="Product Image"></a><p>Chronos Condiment 150 bundle pack - 50 Single Serve Pouches of Each: Ketchup, Mustard, and Mayo - 150 Pack, Great for Picnics, Boxed Lunch, BBQ, Travel, and Parties</p><p>$21.97</p><a href="https://www.amazon.com/dp/B0D4KLB4HP?tag=eloabder-20&linkCode=osi&th=1&psc=1">View Product</a></div><div class="product"><a href="https://www.amazon.com/dp/B003XLOOCS?tag=eloabder-20&linkCode=osi&th=1&psc=1"><img src="https://m.media-amazon.com/images/I/51x0jDzOLjL._SL500_.jpg" alt="Product Image"></a><p>Heinz Tomato Ketchup, Relish, and Mustard Picnic Pack, 3 Count</p><p>$5.98 ($0.11 / Ounce)</p><a href="https://www.amazon.com/dp/B003XLOOCS?tag=eloabder-20&linkCode=osi&th=1&psc=1">View Product</a></div><div class="product"><a href="https://www.amazon.com/dp/B0992VW16R?tag=eloabder-20&linkCode=osi&th=1&psc=1"><img src="https://m.media-amazon.com/images/I/51eFgOarc1L._SL500_.jpg" alt="Product Image"></a><p>Grab-n-Go Condiment Packs - 50 Single Serve Pouches of Each: Ketchup, Mustard, Relish, and Mayo - Great for Picnics, Boxed Lunch, BBQ, Travel, Picnic and Parties (200 Condiment Packets Total)</p><p>$29.99 ($0.15 / Count)</p><a href="https://www.amazon.com/dp/B0992VW16R?tag=eloabder-20&linkCode=osi&th=1&psc=1">View Product</a></div><div class="product"><a href="https://www.amazon.com/dp/B0D3J9HHS2?tag=eloabder-20&linkCode=osi&th=1&psc=1"><img src="https://m.media-amazon.com/images/I/51VkOjMAkXL._SL500_.jpg" alt="Product Image"></a><p>Heinz Condiment Packets Variety 100 Pack- 25 Heinz Ketchup Packets, 25 Mayonnaise Packets, 25 Mustard Packets, and 25 Relish Packets. Ketchup Heinz, Mayo Packets.</p><p>$19.99 ($0.20 / Count)</p><a href="https://www.amazon.com/dp/B0D3J9HHS2?tag=eloabder-20&linkCode=osi&th=1&psc=1">View Product</a></div><div class="product"><a href="https://www.amazon.com/dp/B091DCC2CH?tag=eloabder-20&linkCode=osi&th=1&psc=1"><img src="https://m.media-amazon.com/images/I/415Iq4kWRXL._SL500_.jpg" alt="Product Image"></a><p>Hellmann's Real Mayonnaise Squeeze Bottle 3 Count a Rich Creamy Condiment Gluten Free, Made With 100% Cage-Free Eggs 20 oz</p><p>$11.90 ($0.20 / Fl Oz)</p><a href="https://www.amazon.com/dp/B091DCC2CH?tag=eloabder-20&linkCode=osi&th=1&psc=1">View Product</a></div><div class="product"><a href="https://www.amazon.com/dp/B0CMR2DML7?tag=eloabder-20&linkCode=osi&th=1&psc=1"><img src="https://m.media-amazon.com/images/I/61dFhpega1L._SL500_.jpg" alt="Product Image"></a><p>Crait Individual Condiment Packets Variety Pack of 50 Hot Sauce Packets with Mayo Packets, Ketchup Packets and Yellow Mustard Packets Single Serve</p><p>$15.00 ($0.30 / Count)</p><a href="https://www.amazon.com/dp/B0CMR2DML7?tag=eloabder-20&linkCode=osi&th=1&psc=1">View Product</a></div><div class="product"><a href="https://www.amazon.com/dp/B0D3JCR2XS?tag=eloabder-20&linkCode=osi&th=1&psc=1"><img src="https://m.media-amazon.com/images/I/51RtTP7u7aL._SL500_.jpg" alt="Product Image"></a><p>Hot Sauce Variety Pack of 48 Condiment Packets. 4 Each of 12 Flavors. Texas Pete Hot Sauce Packets, Mini Condiments, Mini Hot Sauce, Condiment Packets Variety Pack, Single Serve</p><p>$17.99 ($0.37 / Count)</p><a href="https://www.amazon.com/dp/B0D3JCR2XS?tag=eloabder-20&linkCode=osi&th=1&psc=1">View Product</a></div><div class="product"><a href="https://www.amazon.com/dp/B00XK3IYUW?tag=eloabder-20&linkCode=osi&th=1&psc=1"><img src="https://m.media-amazon.com/images/I/51T9Vgtx+bL._SL500_.jpg" alt="Product Image"></a><p>Heinz Condiment Packets Ketchup and Mustard (100 Total; 50 Each Flavor)</p><p>$13.10 ($0.60 / Ounce)</p><a href="https://www.amazon.com/dp/B00XK3IYUW?tag=eloabder-20&linkCode=osi&th=1&psc=1">View Product</a></div>
<div class="product"><a href="https://www.amazon.com/dp/B09DYZSHJR?tag=eloabder-20&linkCode=osi&th=1&psc=1"><img src="https://m.media-amazon.com/images/I/31fEqU5FfOL._SL500_.jpg" alt="Product Image"></a><p>DaVinci Gourmet Honey Syrup, 25.4 Fluid Ounce (Pack of 1)</p><p>$9.99 ($0.39 / Fl Oz)</p><a href="https://www.amazon.com/dp/B09DYZSHJR?tag=eloabder-20&linkCode=osi&th=1&psc=1">View Product</a></div><div class="product"><a href="https://www.amazon.com/dp/B09GW7TXH3?tag=eloabder-20&linkCode=osi&th=1&psc=1"><img src="https://m.media-amazon.com/images/I/31hUGuR-NsL._SL500_.jpg" alt="Product Image"></a><p>Glorybee, Premium Honey Syrup, Real Honey, No Artifical colors or flavors, 25.4 fl oz</p><p>$10.73 ($0.42 / Fl Oz)</p><a href="https://www.amazon.com/dp/B09GW7TXH3?tag=eloabder-20&linkCode=osi&th=1&psc=1">View Product</a></div><div class="product"><a href="https://www.amazon.com/dp/B07C1138N5?tag=eloabder-20&linkCode=osi&th=1&psc=1"><img src="https://m.media-amazon.com/images/I/31bISVR+FkL._SL500_.jpg" alt="Product Image"></a><p>Monin - Honey Syrup, Smooth Sweet Honey Flavor, Great for Teas, Lemonades, Cocktails, & Coffee, Gluten-Free, Non-GMO (1 Liter)</p><p>$19.13 ($0.57 / Fl Oz)</p><a href="https://www.amazon.com/dp/B07C1138N5?tag=eloabder-20&linkCode=osi&th=1&psc=1">View Product</a></div><div class="product"><a href="https://www.amazon.com/dp/B0D43FMJ8V?tag=eloabder-20&linkCode=osi&th=1&psc=1"><img src="https://m.media-amazon.com/images/I/41P8d3eueDL._SL500_.jpg" alt="Product Image"></a><p>Torani Salted Honey Butter Syrup for Coffee 25.4 Ounces Coffee Syrups and Flavors with Jimoco Pump Syrup Dispenser</p><p>$17.95 ($0.71 / Fl Oz)</p><a href="https://www.amazon.com/dp/B0D43FMJ8V?tag=eloabder-20&linkCode=osi&th=1&psc=1">View Product</a></div><div class="product"><a href="https://www.amazon.com/dp/B00IRRJBRQ?tag=eloabder-20&linkCode=osi&th=1&psc=1"><img src="https://m.media-amazon.com/images/I/31a3OJgvluL._SL500_.jpg" alt="Product Image"></a><p>Torani Honey Sweetener, 25.4 Ounce (Pack of 4)</p><p>$25.47 ($0.25 / Fl Oz)</p><a href="https://www.amazon.com/dp/B00IRRJBRQ?tag=eloabder-20&linkCode=osi&th=1&psc=1">View Product</a></div><div class="product"><a href="https://www.amazon.com/dp/B0BSMPDPZ9?tag=eloabder-20&linkCode=osi&th=1&psc=1"><img src="https://m.media-amazon.com/images/I/41A+L9ilEXL._SL500_.jpg" alt="Product Image"></a><p>Monin - Hot Honey Syrup, Robust Sweet & Spicy Flavors, Great for Lemonades, Teas, Cocktails, Culinary Recipes, & More, No Artificial Sweeteners, Gluten-Free, Non-GMO, Clean Label (1 Liter)</p><p>$17.99 ($0.53 / Fl Oz)</p><a href="https://www.amazon.com/dp/B0BSMPDPZ9?tag=eloabder-20&linkCode=osi&th=1&psc=1">View Product</a></div><div class="product"><a href="https://www.amazon.com/dp/B078YFLF9K?tag=eloabder-20&linkCode=osi&th=1&psc=1"><img src="https://m.media-amazon.com/images/I/41Gx-mwendL._SL500_.jpg" alt="Product Image"></a><p>Tippleman's Ginger Honey Syrup - Craft Cocktail Mixer - All Natural Complex Syrup for Cocktails and Non-Alcoholic Beverages - Margarita, Whiskey Sour, or Sweet Iced Tea - Makes 17 Cocktails</p><p>$24.99 ($1.92 / Fl Oz)</p><a href="https://www.amazon.com/dp/B078YFLF9K?tag=eloabder-20&linkCode=osi&th=1&psc=1">View Product</a></div><div class="product"><a href="https://www.amazon.com/dp/B07CWFJV6C?tag=eloabder-20&linkCode=osi&th=1&psc=1"><img src="https://m.media-amazon.com/images/I/41cmu+ltDxL._SL500_.jpg" alt="Product Image"></a><p>Robitussin Maximum Strength Honey Cough + Chest Congestion DM, Cough Medicine for Cough and Chest Congestion Relief Made with Real Honey- 4 Fl Oz Bottle</p><p>$11.74 ($2.94 / Fl Oz)</p><a href="https://www.amazon.com/dp/B07CWFJV6C?tag=eloabder-20&linkCode=osi&th=1&psc=1">View Product</a></div><div class="product"><a href="https://www.amazon.com/dp/B005S1LP28?tag=eloabder-20&linkCode=osi&th=1&psc=1"><img src="https://m.media-amazon.com/images/I/41DkU4bxBrL._SL500_.jpg" alt="Product Image"></a><p>Monin - Organic Honey Sweetener, Low-Calorie Liquid Sweetener, Sugar Substitute, Coffee Syrup, Made with Organic Honey, Simple Syrup for Cocktails, Iced Tea, & More, Clean Label (1 Liter)</p><p>$26.99 ($0.80 / Fl Oz)</p><a href="https://www.amazon.com/dp/B005S1LP28?tag=eloabder-20&linkCode=osi&th=1&psc=1">View Product</a></div>
<div class="product"><a href="https://www.amazon.com/dp/B0D3FYHWP7?tag=eloabder-20&linkCode=osi&th=1&psc=1"><img src="https://m.media-amazon.com/images/I/41W51dqWhAL._SL500_.jpg" alt="Product Image"></a><p>Blueprint Bryan Johnson Nutty Butter - Macadamia Nuts and Walnuts - Just 3 Ingredients - No Palm Oil - Keto and Low Carb Snack - No Added Sugar, Vegan, Non GMO, Keto and Paleo Friendly (8.8 ounces)</p><p>$11.00 ($1.25 / Ounce)</p><a href="https://www.amazon.com/dp/B0D3FYHWP7?tag=eloabder-20&linkCode=osi&th=1&psc=1">View Product</a></div><div class="product"><a href="https://www.amazon.com/dp/B0B34J7HHD?tag=eloabder-20&linkCode=osi&th=1&psc=1"><img src="https://m.media-amazon.com/images/I/31UpKhqk2QL._SL500_.jpg" alt="Product Image"></a><p>Octonuts Dry Roasted Pure Cashew 16oz Nut Butter 16oz - Pure Creamy Nut Butter - Gluten Free, Vegan, Kosher, Paleo, Non-GMO Nut Butters Single Ingredient</p><p>$11.99 ($0.75 / Ounce)</p><a href="https://www.amazon.com/dp/B0B34J7HHD?tag=eloabder-20&linkCode=osi&th=1&psc=1">View Product</a></div><div class="product"><a href="https://www.amazon.com/dp/B09NP7D465?tag=eloabder-20&linkCode=osi&th=1&psc=1"><img src="https://m.media-amazon.com/images/I/51+XSeELM2L._SL500_.jpg" alt="Product Image"></a><p>Crazy Go Nuts Walnut Butter - Plain w/ Sea Salt - Healthy Snacks, Keto, Vegan, Low Carb, Gluten Free, Superfood - Natural, Non-GMO, ALA, Omega 3 Fatty Acids, Good Fats and Antioxidants - 9.25 oz (1-Pack)</p><p>$10.99 ($1.19 / Ounce)</p><a href="https://www.amazon.com/dp/B09NP7D465?tag=eloabder-20&linkCode=osi&th=1&psc=1">View Product</a></div><div class="product"><a href="https://www.amazon.com/dp/B00KHAG1BK?tag=eloabder-20&linkCode=osi&th=1&psc=1"><img src="https://m.media-amazon.com/images/I/41nZVovN5oL._SL500_.jpg" alt="Product Image"></a><p>JUSTIN'S Classic Gluten-Free Almond Butter Squeeze Packs, 1.15 Ounce (Pack of 10)</p><p>$13.40 ($1.17 / Ounce)</p><a href="https://www.amazon.com/dp/B00KHAG1BK?tag=eloabder-20&linkCode=osi&th=1&psc=1">View Product</a></div><div class="product"><a href="https://www.amazon.com/dp/B01M06S98E?tag=eloabder-20&linkCode=osi&th=1&psc=1"><img src="https://m.media-amazon.com/images/I/41fCsKiYMdL._SL500_.jpg" alt="Product Image"></a><p>Organic Power Fuel Crunchy Nut Butter by NuttZo | 7 Nuts & Seeds Blend, Paleo, Non-GMO, Gluten-Free, Vegan, Kosher | 1g Sugar, 6g Protein | 26oz Jar</p><p>$21.99 ($0.85 / Ounce)</p><a href="https://www.amazon.com/dp/B01M06S98E?tag=eloabder-20&linkCode=osi&th=1&psc=1">View Product</a></div><div class="product"><a href="https://www.amazon.com/dp/B07CGZ2RJQ?tag=eloabder-20&linkCode=osi&th=1&psc=1"><img src="https://m.media-amazon.com/images/I/41eZiTYDVgL._SL500_.jpg" alt="Product Image"></a><p>Vör Pure Macadamia Nut Butter Spread (11oz) | Only One Ingredient</p><p>$18.99 ($1.73 / Ounce)</p><a href="https://www.amazon.com/dp/B07CGZ2RJQ?tag=eloabder-20&linkCode=osi&th=1&psc=1">View Product</a></div><div class="product"><a href="https://www.amazon.com/dp/B00X7W96OO?tag=eloabder-20&linkCode=osi&th=1&psc=1"><img src="https://m.media-amazon.com/images/I/41jU7bL5rFL._SL500_.jpg" alt="Product Image"></a><p>MaraNatha Creamy Roasted Caramel Almond Butter, No Stir, 12 Ounce Jar</p><p>$6.94 ($0.58 / Ounce)</p><a href="https://www.amazon.com/dp/B00X7W96OO?tag=eloabder-20&linkCode=osi&th=1&psc=1">View Product</a></div>
<div class="product"><a href="https://www.amazon.com/dp/B01CUS63OG?tag=eloabder-20&linkCode=osi&th=1&psc=1"><img src="https://m.media-amazon.com/images/I/51o0FJwMj8L._SL500_.jpg" alt="Product Image"></a><p>Anna and Sarah Tropical Dried Fruit Mix 2 Lbs</p><p>$17.99 ($9.00 / lb)</p><a href="https://www.amazon.com/dp/B01CUS63OG?tag=eloabder-20&linkCode=osi&th=1&psc=1">View Product</a></div><div class="product"><a href="https://www.amazon.com/dp/B09LZ7YCF7?tag=eloabder-20&linkCode=osi&th=1&psc=1"><img src="https://m.media-amazon.com/images/I/41XMLNKxlML._SL500_.jpg" alt="Product Image"></a><p>Dried Pineapple Chunks, 1 Pound. Dehydrated Pineapple Chunk, Dehydrated Pineapple Bulk, Dried Pineapple Bits. All Natural, Non-GMO, Lightly Sweetened Dried Pineapples, 16 oz.</p><p>$9.99 ($0.62 / oz)</p><a href="https://www.amazon.com/dp/B09LZ7YCF7?tag=eloabder-20&linkCode=osi&th=1&psc=1">View Product</a></div><div class="product"><a href="https://www.amazon.com/dp/B000M69QRU?tag=eloabder-20&linkCode=osi&th=1&psc=1"><img src="https://m.media-amazon.com/images/I/51EyH2xvyyS._SL500_.jpg" alt="Product Image"></a><p>Ocean Spray Craisins Dried Cranberries, Original, 48 Ounce</p><p>$7.62 ($0.16 / Fl Oz)</p><a href="https://www.amazon.com/dp/B000M69QRU?tag=eloabder-20&linkCode=osi&th=1&psc=1">View Product</a></div><div class="product"><a href="https://www.amazon.com/dp/B09YTMZ1GP?tag=eloabder-20&linkCode=osi&th=1&psc=1"><img src="https://m.media-amazon.com/images/I/51+y56cVq0L._SL500_.jpg" alt="Product Image"></a><p>Oregon Farm Fresh Snacks Dried Fruit Mix – 24oz Healthy Snacks - Fresh and Natural Fruit Trail Mix – Mixed Fruit Snacks for Adults and Kids – Ideal for Breakfast, Cakes, Snacks</p><p>$17.99 ($0.75 / Ounce)</p><a href="https://www.amazon.com/dp/B09YTMZ1GP?tag=eloabder-20&linkCode=osi&th=1&psc=1">View Product</a></div><div class="product"><a href="https://www.amazon.com/dp/B08Z5QXBK1?tag=eloabder-20&linkCode=osi&th=1&psc=1"><img src="https://m.media-amazon.com/images/I/51a0Oclr3nS._SL500_.jpg" alt="Product Image"></a><p>Dried Cherries Tart Cherry, 1lb. Montmorency Tart Cherries, Dried Sour Cherries Fresh, Montmorency Dried Tart Cherries, Dried Cherries, All-Natural Whole Sour Cherry 16 oz.</p><p>$14.28 ($0.89 / oz)</p><a href="https://www.amazon.com/dp/B08Z5QXBK1?tag=eloabder-20&linkCode=osi&th=1&psc=1">View Product</a></div><div class="product"><a href="https://www.amazon.com/dp/B00F34772M?tag=eloabder-20&linkCode=osi&th=1&psc=1"><img src="https://m.media-amazon.com/images/I/51AsgKQIMiL._SL500_.jpg" alt="Product Image"></a><p>A Gift Inside Sweet Bloom Dried Fruit Deluxe Tray Basket Arrangement for Holiday Birthday Healthy Snack Business Kosher</p><p>$33.20</p><a href="https://www.amazon.com/dp/B00F34772M?tag=eloabder-20&linkCode=osi&th=1&psc=1">View Product</a></div><div class="product"><a href="https://www.amazon.com/dp/B01N057EEP?tag=eloabder-20&linkCode=osi&th=1&psc=1"><img src="https://m.media-amazon.com/images/I/51MrelYxkML._SL500_.jpg" alt="Product Image"></a><p>Mavuno Harvest Organic Dried Fruit Variety Pack | Dried Mango, Pineapple, and Jackfruit | Healthy, Vegan, No Sugar Added, Non GMO Snacks for Kids & Adults | 2 Ounce, Pack of 3</p><p>$13.99 ($2.33 / Ounce)</p><a href="https://www.amazon.com/dp/B01N057EEP?tag=eloabder-20&linkCode=osi&th=1&psc=1">View Product</a></div><div class="product"><a href="https://www.amazon.com/dp/B08JWR4M3F?tag=eloabder-20&linkCode=osi&th=1&psc=1"><img src="https://m.media-amazon.com/images/I/41rjnxAN2FL._SL500_.jpg" alt="Product Image"></a><p>Sunrise Fresh Dried Sweet Cherries, Unsweetened, No Sugar Added, Fresh Fruit Flavor, 1 lb Bag</p><p>$14.49 ($0.91 / oz)</p><a href="https://www.amazon.com/dp/B08JWR4M3F?tag=eloabder-20&linkCode=osi&th=1&psc=1">View Product</a></div><div class="product"><a href="https://www.amazon.com/dp/B08YP8NQP4?tag=eloabder-20&linkCode=osi&th=1&psc=1"><img src="https://m.media-amazon.com/images/I/51GM51afRIS._SL500_.jpg" alt="Product Image"></a><p>Whole Dried Blueberries, No Sugar Added, Bulk, Dehydrated, Dried Unsweetened Blueberries, All Natural, Non-GMO, 1 Pound. - 16 oz.</p><p>$17.44 ($1.09 / oz)</p><a href="https://www.amazon.com/dp/B08YP8NQP4?tag=eloabder-20&linkCode=osi&th=1&psc=1">View Product</a></div>
<div class="product"><a href="https://www.amazon.com/dp/B084T1VWP5?tag=eloabder-20&linkCode=osi&th=1&psc=1"><img src="https://m.media-amazon.com/images/I/51o0utHF41L._SL500_.jpg" alt="Product Image"></a><p>Planters Pop & Pour Dry Roasted Sunflower Seeds, (4 - 5.85 oz. Jars)</p><p>$7.96 ($0.34 / Ounce)</p><a href="https://www.amazon.com/dp/B084T1VWP5?tag=eloabder-20&linkCode=osi&th=1&psc=1">View Product</a></div><div class="product"><a href="https://www.amazon.com/dp/B07TZX3KQZ?tag=eloabder-20&linkCode=osi&th=1&psc=1"><img src="https://m.media-amazon.com/images/I/41OvCvu5E9L._SL500_.jpg" alt="Product Image"></a><p>Yupik Organic Super 6 Seeds Mix, 2.2 lb, Non-GMO, Vegan</p><p>$11.99 ($0.34 / Ounce)</p><a href="https://www.amazon.com/dp/B07TZX3KQZ?tag=eloabder-20&linkCode=osi&th=1&psc=1">View Product</a></div><div class="product"><a href="https://www.amazon.com/dp/B07W7ZZJQB?tag=eloabder-20&linkCode=osi&th=1&psc=1"><img src="https://m.media-amazon.com/images/I/51jbKA5l0CL._SL500_.jpg" alt="Product Image"></a><p>Southern Style Nuts Gourmet Hunter Mix, 23 Ounces, Sesame Sticks, Peanuts, Sunflower Kernels, Almonds, Cashews, and Pepitas</p><p>$7.92 ($0.34 / Ounce)</p><a href="https://www.amazon.com/dp/B07W7ZZJQB?tag=eloabder-20&linkCode=osi&th=1&psc=1">View Product</a></div><div class="product"><a href="https://www.amazon.com/dp/B089LJB5F5?tag=eloabder-20&linkCode=osi&th=1&psc=1"><img src="https://m.media-amazon.com/images/I/51kS4PKIyZL._SL500_.jpg" alt="Product Image"></a><p>Fisher Oven Roasted Never Fried Deluxe Mixed Nuts, 24 Ounces (Pack of 1), Almonds, Cashews, Pecans, Pistachios, Snacks for Adults, Made With Sea Salt, No Added Oil, Artificial Ingredients or Preservatives, Trail Mix, Gluten Free</p><p>$17.09 ($0.71 / Ounce)</p><a href="https://www.amazon.com/dp/B089LJB5F5?tag=eloabder-20&linkCode=osi&th=1&psc=1">View Product</a></div><div class="product"><a href="https://www.amazon.com/dp/B077HZW2FX?tag=eloabder-20&linkCode=osi&th=1&psc=1"><img src="https://m.media-amazon.com/images/I/51AQx+2kfEL._SL500_.jpg" alt="Product Image"></a><p>BetterBody Foods Superfood Organic Super Seeds - Blend of Organic Chia Seeds, Milled Flax Seed, Hemp Hearts, Add to Smoothies Shakes & More, 1lb, 16 oz</p><p>$10.66 ($0.67 / Ounce)</p><a href="https://www.amazon.com/dp/B077HZW2FX?tag=eloabder-20&linkCode=osi&th=1&psc=1">View Product</a></div><div class="product"><a href="https://www.amazon.com/dp/B00PPKSZO8?tag=eloabder-20&linkCode=osi&th=1&psc=1"><img src="https://m.media-amazon.com/images/I/41Q7alFU8RL._SL500_.jpg" alt="Product Image"></a><p>PLANTERS Unsalted Mixed Nuts, Cashews, Almonds, Hazelnuts, Pecans, Pistachios no Shell, Party Snacks, Plant-Based Protein, Quick Snack for Adults, After School Snack, Kosher, 2.16lb Container</p><p>$17.26 ($0.50 / Fl Oz)</p><a href="https://www.amazon.com/dp/B00PPKSZO8?tag=eloabder-20&linkCode=osi&th=1&psc=1">View Product</a></div><div class="product"><a href="https://www.amazon.com/dp/B0CHLKJ7JM?tag=eloabder-20&linkCode=osi&th=1&psc=1"><img src="https://m.media-amazon.com/images/I/51sXps1S2KL._SL500_.jpg" alt="Product Image"></a><p>KIND Seeds Fruit & Nuts Snack Bar, Orange Cranberry | 5g Protein, High Fiber, Gluten Free Bars, 1.4 OZ, 12 Count</p><p>$14.96 ($1.25 / Count)</p><a href="https://www.amazon.com/dp/B0CHLKJ7JM?tag=eloabder-20&linkCode=osi&th=1&psc=1">View Product</a></div><div class="product"><a href="https://www.amazon.com/dp/B0CHLD9ZKL?tag=eloabder-20&linkCode=osi&th=1&psc=1"><img src="https://m.media-amazon.com/images/I/51l78v8NL9L._SL500_.jpg" alt="Product Image"></a><p>KIND Seeds Fruit & Nuts Snack Bar, Strawberry Sunflower Seed | 5g Protein, High Fiber, Gluten Free Bars, 1.4 OZ, 12 Count</p><p>$13.58 ($1.13 / Count)</p><a href="https://www.amazon.com/dp/B0CHLD9ZKL?tag=eloabder-20&linkCode=osi&th=1&psc=1">View Product</a></div><div class="product"><a href="https://www.amazon.com/dp/B079WN7C3F?tag=eloabder-20&linkCode=osi&th=1&psc=1"><img src="https://m.media-amazon.com/images/I/41YqpED33FL._SL500_.jpg" alt="Product Image"></a><p>GERBS Raw Super 7 Seed Snack Trail Mix 1 LBS. | Top 14 Food Allergy Free | Resealable Bulk Bag | Made in USA | Raw Pumpkin | Sunflower | Brown & Golden Flax | Black & White Chia | Hemp | Gluten Free</p><p>$14.99 ($0.94 / Ounce)</p><a href="https://www.amazon.com/dp/B079WN7C3F?tag=eloabder-20&linkCode=osi&th=1&psc=1">View Product</a></div><div class="product"><a href="https://www.amazon.com/dp/B00CYK8DOE?tag=eloabder-20&linkCode=osi&th=1&psc=1"><img src="https://m.media-amazon.com/images/I/41hvbaCdz6L._SL500_.jpg" alt="Product Image"></a><p>Oh! Nuts Roasted Salted Pumpkin Seeds | Resealable 2LB Bulk Bag of Unshelled Pepitas | All-Natural Protein Power for Gluten-Free & Vegan Snacking | Fresh & Healthy Keto Snacks</p><p>$18.81 ($0.59 / Ounce)</p><a href="https://www.amazon.com/dp/B00CYK8DOE?tag=eloabder-20&linkCode=osi&th=1&psc=1">View Product</a></div>

<div class="product"><a href="https://www.amazon.com/dp/B08TTFGPS5?tag=eloabder-20&linkCode=osi&th=1&psc=1"><img src="https://m.media-amazon.com/images/I/51LP-kQBLAL._SL500_.jpg" alt="Product Image"></a><p>Pine River Cheese Spreads - Variety Pack 3 8oz. Sharp Cheddar-Garlic & Herb-Swiss (24oz)</p><p>$21.93 ($0.91 / Ounce)</p><a href="https://www.amazon.com/dp/B08TTFGPS5?tag=eloabder-20&linkCode=osi&th=1&psc=1">View Product</a></div><div class="product"><a href="https://www.amazon.com/dp/B09GW71DPQ?tag=eloabder-20&linkCode=osi&th=1&psc=1"><img src="https://m.media-amazon.com/images/I/41BpjCgQpKL._SL500_.jpg" alt="Product Image"></a><p>Port Wine Cheese Spread 8 Ounce (Pack of 4)</p><p>$26.10 ($0.82 / Ounce)</p><a href="https://www.amazon.com/dp/B09GW71DPQ?tag=eloabder-20&linkCode=osi&th=1&psc=1">View Product</a></div><div class="product"><a href="https://www.amazon.com/dp/B006G4NCT0?tag=eloabder-20&linkCode=osi&th=1&psc=1"><img src="https://m.media-amazon.com/images/I/41-Krj0PbcL._SL500_.jpg" alt="Product Image"></a><p>Sharp Cheddar Cheese Spread 8 Ounce (Pack of 4)</p><p>$25.90 ($1.08 / Ounce)</p><a href="https://www.amazon.com/dp/B006G4NCT0?tag=eloabder-20&linkCode=osi&th=1&psc=1">View Product</a></div><div class="product"><a href="https://www.amazon.com/dp/B09SM3L7LN?tag=eloabder-20&linkCode=osi&th=1&psc=1"><img src="https://m.media-amazon.com/images/I/417W7hKPcvL._SL500_.jpg" alt="Product Image"></a><p>Cheese Snack Spread Variety 4 Pack</p><p>$34.00 ($1.06 / Ounce)</p><a href="https://www.amazon.com/dp/B09SM3L7LN?tag=eloabder-20&linkCode=osi&th=1&psc=1">View Product</a></div>
<div class="product"><a href="https://www.amazon.com/dp/B08CNRQ2C6?tag=eloabder-20&linkCode=osi&th=1&psc=1"><img src="https://m.media-amazon.com/images/I/41ps--esahL._SL500_.jpg" alt="Product Image"></a><p>HOIST Premium Military Hydration Electrolyte Drink, Powerful IV-Level Hydration, Clinically Proven Performance Drink, Peach Mango, 16 Fl Oz (Pack of 12)</p><p>$29.99 ($0.16 / Fl Oz)</p><a href="https://www.amazon.com/dp/B08CNRQ2C6?tag=eloabder-20&linkCode=osi&th=1&psc=1">View Product</a></div><div class="product"><a href="https://www.amazon.com/dp/B082BG3XYZ?tag=eloabder-20&linkCode=osi&th=1&psc=1"><img src="https://m.media-amazon.com/images/I/51+XFCzX3zL._SL500_.jpg" alt="Product Image"></a><p>UPTIME – Blueberry Pomegranate - Zero Sugar (12 Pack), Premium Energy Drink, 12oz Bottles, Natural Caffeine, Sparkling, Natural Flavors, 5 Calories…</p><p>$28.99 ($0.20 / Fl Oz)</p><a href="https://www.amazon.com/dp/B082BG3XYZ?tag=eloabder-20&linkCode=osi&th=1&psc=1">View Product</a></div><div class="product"><a href="https://www.amazon.com/dp/B0BSP3R4JX?tag=eloabder-20&linkCode=osi&th=1&psc=1"><img src="https://m.media-amazon.com/images/I/41TvMVYbcjL._SL500_.jpg" alt="Product Image"></a><p>Barcode Premium Hydration Drink - No Added Sugars, Variety Pack (12 Pack) - Plant-Based Beverage - Adaptogen Drink with Electrolytes for Immunity & Performance</p><p>$29.88 ($0.15 / Fl Oz)</p><a href="https://www.amazon.com/dp/B0BSP3R4JX?tag=eloabder-20&linkCode=osi&th=1&psc=1">View Product</a></div><div class="product"><a href="https://www.amazon.com/dp/B0CYL4CCKM?tag=eloabder-20&linkCode=osi&th=1&psc=1"><img src="https://m.media-amazon.com/images/I/514q0PPV9+L._SL500_.jpg" alt="Product Image"></a><p>ProBaller Ultra Premium Energy Drink - Wild Berry ZERO</p><p>$35.99 ($0.20 / Fl Oz)</p><a href="https://www.amazon.com/dp/B0CYL4CCKM?tag=eloabder-20&linkCode=osi&th=1&psc=1">View Product</a></div><div class="product"><a href="https://www.amazon.com/dp/B0D2BKB2J3?tag=eloabder-20&linkCode=osi&th=1&psc=1"><img src="https://m.media-amazon.com/images/I/41MbnJUx3LL._SL500_.jpg" alt="Product Image"></a><p>ProBaller Ultra Premium Energy Drink - Sugar Free</p><p>$35.99 ($0.20 / Fl Oz)</p><a href="https://www.amazon.com/dp/B0D2BKB2J3?tag=eloabder-20&linkCode=osi&th=1&psc=1">View Product</a></div><div class="product"><a href="https://www.amazon.com/dp/B0CYJXMRKS?tag=eloabder-20&linkCode=osi&th=1&psc=1"><img src="https://m.media-amazon.com/images/I/41gt6X6dVdL._SL500_.jpg" alt="Product Image"></a><p>Joggy Clean Energy Drink - 4-Pack Tart Cherry & Hibiscus - 150mg Organic Guayusa Caffeine - Zero Added Sugar, Vegan, Plant-Based, Natural Healthy Boost, Premium Beverage</p><p>$13.99 ($0.44 / Fl Oz)</p><a href="https://www.amazon.com/dp/B0CYJXMRKS?tag=eloabder-20&linkCode=osi&th=1&psc=1">View Product</a></div><div class="product"><a href="https://www.amazon.com/dp/B081QCCN21?tag=eloabder-20&linkCode=osi&th=1&psc=1"><img src="https://m.media-amazon.com/images/I/61k-oHxeO2L._SL500_.jpg" alt="Product Image"></a><p>Hawaiian Sun Premium Tropical Juice Drink Party Bundle of 10 Assorted Flavors (24 Cans Total)</p><p>$44.95 ($0.16 / Fl Oz )</p><a href="https://www.amazon.com/dp/B081QCCN21?tag=eloabder-20&linkCode=osi&th=1&psc=1">View Product</a></div><div class="product"><a href="https://www.amazon.com/dp/B0CCHW3Q8Q?tag=eloabder-20&linkCode=osi&th=1&psc=1"><img src="https://m.media-amazon.com/images/I/414+SPv3c5L._SL500_.jpg" alt="Product Image"></a><p>Camp Craft Cocktail Mix - Flo'rita | Premium Drink Mixer Infusion Kit with Dehydrated Fruit, Herbs and Vegan Sugar | 16 oz Glass Jar Mixer for Cocktails, Margaritas, and Mocktails - Serves 8</p><p>$25.00 ($1.56 / Fl Oz)</p><a href="https://www.amazon.com/dp/B0CCHW3Q8Q?tag=eloabder-20&linkCode=osi&th=1&psc=1">View Product</a></div><div class="product"><a href="https://www.amazon.com/dp/B0CVQN2NBB?tag=eloabder-20&linkCode=osi&th=1&psc=1"><img src="https://m.media-amazon.com/images/I/51bpS7Tlj2L._SL500_.jpg" alt="Product Image"></a><p>Starbucks Cold Brew Coffee, Vanilla Sweet Cream, 11 fl oz Cans (12 Pack), Premium Coffee Drink, Iced Coffee</p><p>$39.39 ($0.30 / Fl Oz)</p><a href="https://www.amazon.com/dp/B0CVQN2NBB?tag=eloabder-20&linkCode=osi&th=1&psc=1">View Product</a></div>
<div class="product"><a href="https://www.amazon.com/dp/B08PW3LK4T?tag=eloabder-20&linkCode=osi&th=1&psc=1"><img src="https://m.media-amazon.com/images/I/41TLoWBkNWL._SL500_.jpg" alt="Product Image"></a><p>Classic Ginger Beer, Regatta Craft Mixers, All-Natural Ingredients, Non-GMO, 7.5oz, Case of 24 Sleek Cans</p><p>$29.98 ($0.17 / Fl Oz)</p><a href="https://www.amazon.com/dp/B08PW3LK4T?tag=eloabder-20&linkCode=osi&th=1&psc=1">View Product</a></div><div class="product"><a href="https://www.amazon.com/dp/B08KTP2999?tag=eloabder-20&linkCode=osi&th=1&psc=1"><img src="https://m.media-amazon.com/images/I/41tC0pFgGtL._SL500_.jpg" alt="Product Image"></a><p>ABC Crafted Series Beer Making Kit | Beer Making Ingredients for Home Brewing | Yields 6 Gallons of Beer | Brown Ale</p><p>$25.00</p><a href="https://www.amazon.com/dp/B08KTP2999?tag=eloabder-20&linkCode=osi&th=1&psc=1">View Product</a></div><div class="product"><a href="https://www.amazon.com/dp/B01KSD9JKU?tag=eloabder-20&linkCode=osi&th=1&psc=1"><img src="https://m.media-amazon.com/images/I/517aGsVY9qL._SL500_.jpg" alt="Product Image"></a><p>Beer-infused Hot Sauce Variety 3-pack (Includes Asian Sriracha, Garlic Serrano, & Roasty Chipotle) - Craft Beer Gift, Hot Sauce Gift Set, Beer Sauce, BBQ Sauce, Beer Lover, Grill + Man Cave</p><p>$27.99 ($1.87 / Fl Oz)</p><a href="https://www.amazon.com/dp/B01KSD9JKU?tag=eloabder-20&linkCode=osi&th=1&psc=1">View Product</a></div><div class="product"><a href="https://www.amazon.com/dp/B0C9KKG6C6?tag=eloabder-20&linkCode=osi&th=1&psc=1"><img src="https://m.media-amazon.com/images/I/41Rxjjlu5+L._SL500_.jpg" alt="Product Image"></a><p>Plochman, Craft Beer Mustard (Brickstone), 11 oz, Blended Mustard</p><p>$6.99 ($0.64 / Ounce)</p><a href="https://www.amazon.com/dp/B0C9KKG6C6?tag=eloabder-20&linkCode=osi&th=1&psc=1">View Product</a></div><div class="product"><a href="https://www.amazon.com/dp/B01692UXRW?tag=eloabder-20&linkCode=osi&th=1&psc=1"><img src="https://m.media-amazon.com/images/I/51qUU-Fjx5L._SL500_.jpg" alt="Product Image"></a><p>BREW CANDY | Hoppy IPA + Roasty Stout + Honey Ale | Great Craft Beer Gift for Beer Drinkers and Candy Lovers | Perfect for the Man Cave, Brewery, Office, or Home | MADE IN USA</p><p>$9.99 ($2.50 / Ounce)</p><a href="https://www.amazon.com/dp/B01692UXRW?tag=eloabder-20&linkCode=osi&th=1&psc=1">View Product</a></div><div class="product"><a href="https://www.amazon.com/dp/B07L1M2P57?tag=eloabder-20&linkCode=osi&th=1&psc=1"><img src="https://m.media-amazon.com/images/I/415wGhwZDvL._SL500_.jpg" alt="Product Image"></a><p>Unique Snacks Sourdough Craft Beer Pretzel Rings, Delicious Homestyle Baked Snack Bag, Vegan, OU Kosher, and Non-GMO Food, No Artificial Flavor, 11 Oz. Bag, Pack of 6</p><p>$24.99 ($0.38 / Ounce)</p><a href="https://www.amazon.com/dp/B07L1M2P57?tag=eloabder-20&linkCode=osi&th=1&psc=1">View Product</a></div>
<div class="product"><a href="https://www.amazon.com/dp/B0CD79R3QZ?tag=eloabder-20&linkCode=osi&th=1&psc=1"><img src="https://m.media-amazon.com/images/I/21X3VVYgpXL._SL500_.jpg" alt="Product Image"></a><p>French Bloom Le Blanc Alcohol-Free Sparkling Wine, 750ml - Certified Organic, Vegan, Halal, Low Calorie, Sulfite Free - Made with Fine Organic Wine, No Preservatives or Added Sugar</p><p>$41.00 ($1.61 / Fl Oz)</p><a href="https://www.amazon.com/dp/B0CD79R3QZ?tag=eloabder-20&linkCode=osi&th=1&psc=1">View Product</a></div><div class="product"><a href="https://www.amazon.com/dp/B0D6HWD369?tag=eloabder-20&linkCode=osi&th=1&psc=1"><img src="https://m.media-amazon.com/images/I/31U1YybAm5L._SL500_.jpg" alt="Product Image"></a><p>Saint Viviana Non-Alcoholic Sauvignon Blanc, Crisp Dry White Wine with Fresh Fruit Flavor & Floral Notes, Made in Washington State, 24.6 Fl Oz Bottle</p><p>$22.99 ($0.93 / Fl Oz)</p><a href="https://www.amazon.com/dp/B0D6HWD369?tag=eloabder-20&linkCode=osi&th=1&psc=1">View Product</a></div><div class="product"><a href="https://www.amazon.com/dp/B0D244C3VJ?tag=eloabder-20&linkCode=osi&th=1&psc=1"><img src="https://m.media-amazon.com/images/I/416UnLmeDPL._SL500_.jpg" alt="Product Image"></a><p>Monari Marsala Fine Wine PDO Glaze| 9 Ounce, Pack of 6</p><p>$37.99 ($6.33 / Count)</p><a href="https://www.amazon.com/dp/B0D244C3VJ?tag=eloabder-20&linkCode=osi&th=1&psc=1">View Product</a></div><div class="product"><a href="https://www.amazon.com/dp/B0054KSA5I?tag=eloabder-20&linkCode=osi&th=1&psc=1"><img src="https://m.media-amazon.com/images/I/41Dk7Gmm5xL._SL500_.jpg" alt="Product Image"></a><p>Regina Fine Red Wine Vinegar, 12 Fl Oz</p><p>$12.94 ($1.08 / Fl Oz)</p><a href="https://www.amazon.com/dp/B0054KSA5I?tag=eloabder-20&linkCode=osi&th=1&psc=1">View Product</a></div><div class="product"><a href="https://www.amazon.com/dp/B0CC6JY2CM?tag=eloabder-20&linkCode=osi&th=1&psc=1"><img src="https://m.media-amazon.com/images/I/31FVY0Kg2cL._SL500_.jpg" alt="Product Image"></a><p>ST. REGIS Cabernet Sauvignon 25.4 Fl Oz (1 Pack) - Low Calorie and Sugar - Fruity & Spicy Rich Flavor from North of Spain Vineyards</p><p>$17.95 ($0.71 / Fl Oz)</p><a href="https://www.amazon.com/dp/B0CC6JY2CM?tag=eloabder-20&linkCode=osi&th=1&psc=1">View Product</a></div><div class="product"><a href="https://www.amazon.com/dp/B0CLYLY93H?tag=eloabder-20&linkCode=osi&th=1&psc=1"><img src="https://m.media-amazon.com/images/I/31cSVgLe1sL._SL500_.jpg" alt="Product Image"></a><p>Chateau del ISH Sparkling Rosé | Award-Winning Non-Alcoholic Sparkling Wine | De-Alcoholized Blend of Merlot & Pinot Noir Grapes | Only 9 grams of Sugar | 45 Calories per Serving | 750 ml Bottle</p><p>$23.99 ($0.94 / Fl Oz)</p><a href="https://www.amazon.com/dp/B0CLYLY93H?tag=eloabder-20&linkCode=osi&th=1&psc=1">View Product</a></div><div class="product"><a href="https://www.amazon.com/dp/B00075WK10?tag=eloabder-20&linkCode=osi&th=1&psc=1"><img src="https://m.media-amazon.com/images/I/41wn5BC9e3L._SL500_.jpg" alt="Product Image"></a><p>Mantova Italian White Wine Vinegar 17 oz (Pack of 2). Made with traditional methods and aged in fine wood casks, it retains the flavor of the wine, accented by the crisp character of the vinegar.</p><p>$12.97 ($7.21 / Fl Oz)</p><a href="https://www.amazon.com/dp/B00075WK10?tag=eloabder-20&linkCode=osi&th=1&psc=1">View Product</a></div><div class="product"><a href="https://www.amazon.com/dp/B0B6Y4LGT8?tag=eloabder-20&linkCode=osi&th=1&psc=1"><img src="https://m.media-amazon.com/images/I/31DYvJX17cL._SL500_.jpg" alt="Product Image"></a><p>Wander + Found Non-Alcoholic Wine, Pinot Noir, Award Winning Red Wine from Germany, Non-GMO Dealcoholized Wine, 750 ml (1 Bottle)</p><p>$25.99 ($1.02 / Fl Oz)</p><a href="https://www.amazon.com/dp/B0B6Y4LGT8?tag=eloabder-20&linkCode=osi&th=1&psc=1">View Product</a></div><div class="product"><a href="https://www.amazon.com/dp/B08FBLJFL3?tag=eloabder-20&linkCode=osi&th=1&psc=1"><img src="https://m.media-amazon.com/images/I/31xcotQJiQL._SL500_.jpg" alt="Product Image"></a><p>Lussory Organic Merlot Dealcoholized 0.0% Non-Alcoholic Red From Spain, Low Calories, Organic, Vegan (750ml, 1 Bottle)</p><p>$27.99 ($1.10 / Fl Oz)</p><a href="https://www.amazon.com/dp/B08FBLJFL3?tag=eloabder-20&linkCode=osi&th=1&psc=1">View Product</a></div>
<div class="product"><a href="https://www.amazon.com/dp/B08RD41V4Y?tag=eloabder-20&linkCode=osi&th=1&psc=1"><img src="https://m.media-amazon.com/images/I/41Ctrzm6OdL._SL500_.jpg" alt="Product Image"></a><p>Pure Organic Layered Fruit Bars Variety Pack 28 count (Pack of 1).</p><p>$13.99 ($0.40 / Ounce)</p><a href="https://www.amazon.com/dp/B08RD41V4Y?tag=eloabder-20&linkCode=osi&th=1&psc=1">View Product</a></div><div class="product"><a href="https://www.amazon.com/dp/B06X6JR48M?tag=eloabder-20&linkCode=osi&th=1&psc=1"><img src="https://m.media-amazon.com/images/I/51QhYDgoJFL._SL500_.jpg" alt="Product Image"></a><p>Nature's Garden Organic Trail Mix Snack Packs, Multi Pack 1.2 oz - Pack of 24 (Total 28.8 oz)</p><p>$14.89 ($0.52 / Ounce)</p><a href="https://www.amazon.com/dp/B06X6JR48M?tag=eloabder-20&linkCode=osi&th=1&psc=1">View Product</a></div><div class="product"><a href="https://www.amazon.com/dp/B0BQTL31PR?tag=eloabder-20&linkCode=osi&th=1&psc=1"><img src="https://m.media-amazon.com/images/I/512GxWL1ejL._SL500_.jpg" alt="Product Image"></a><p>Annie's Organic Birthday Cake Bunny Grahams and Cheddar Bunnies Snack Pack 36 Count, 36 oz</p><p>$16.99 ($0.47 / Ounce)</p><a href="https://www.amazon.com/dp/B0BQTL31PR?tag=eloabder-20&linkCode=osi&th=1&psc=1">View Product</a></div><div class="product"><a href="https://www.amazon.com/dp/B0C17SW6V1?tag=eloabder-20&linkCode=osi&th=1&psc=1"><img src="https://m.media-amazon.com/images/I/51JwHhUMp-L._SL500_.jpg" alt="Product Image"></a><p>Annie's Organic Bunny Fruit Snacks, Variety Pack, Gluten Free, 22 ct, 15.4 oz</p><p>$9.98 ($0.45 / Count)</p><a href="https://www.amazon.com/dp/B0C17SW6V1?tag=eloabder-20&linkCode=osi&th=1&psc=1">View Product</a></div><div class="product"><a href="https://www.amazon.com/dp/B079LY41VY?tag=eloabder-20&linkCode=osi&th=1&psc=1"><img src="https://m.media-amazon.com/images/I/51hNBmR-vOL._SL500_.jpg" alt="Product Image"></a><p>MadeGood Healthy Snacks Variety Pack (40 Count) Organic Assortment of Granola Bars, Granola Mini and Crispy Squares; Individually Wrapped Snacks</p><p>$29.99</p><a href="https://www.amazon.com/dp/B079LY41VY?tag=eloabder-20&linkCode=osi&th=1&psc=1">View Product</a></div><div class="product"><a href="https://www.amazon.com/dp/B0B88WYZVC?tag=eloabder-20&linkCode=osi&th=1&psc=1"><img src="https://m.media-amazon.com/images/I/41jnzaqqPlL._SL500_.jpg" alt="Product Image"></a><p>YumEarth Organic Fruit Snacks Box, 0.7 Ounce (Pack of 10)</p><p>$6.49 ($0.93 / Ounce)</p><a href="https://www.amazon.com/dp/B0B88WYZVC?tag=eloabder-20&linkCode=osi&th=1&psc=1">View Product</a></div><div class="product"><a href="https://www.amazon.com/dp/B087HBLXSM?tag=eloabder-20&linkCode=osi&th=1&psc=1"><img src="https://m.media-amazon.com/images/I/4103I3BvCSL._SL500_.jpg" alt="Product Image"></a><p>Tropical Fields Organic Crispy Coconut Rolls, 11 Oz</p><p>$9.94 ($0.90 / Ounce)</p><a href="https://www.amazon.com/dp/B087HBLXSM?tag=eloabder-20&linkCode=osi&th=1&psc=1">View Product</a></div><div class="product"><a href="https://www.amazon.com/dp/B08L4XZBS1?tag=eloabder-20&linkCode=osi&th=1&psc=1"><img src="https://m.media-amazon.com/images/I/51IN3a2zpZL._SL500_.jpg" alt="Product Image"></a><p>Annie's Organic Fruit Peel-A-Parts Fruit Snacks, Strawberry and Fruit Punch, 12 packs, 6.7 oz.</p><p>$9.99 ($0.83 / Count)</p><a href="https://www.amazon.com/dp/B08L4XZBS1?tag=eloabder-20&linkCode=osi&th=1&psc=1">View Product</a></div><div class="product"><a href="https://www.amazon.com/dp/B088PRVMXL?tag=eloabder-20&linkCode=osi&th=1&psc=1"><img src="https://m.media-amazon.com/images/I/51Lye-KMCNL._SL500_.jpg" alt="Product Image"></a><p>Gimme Seaweed - Sea Salt & Avocado Oil - 20 Count - Organic Roasted Seaweed Sheets - Keto, Vegan, Gluten Free - Great Source of Iodine & Omega 3’s - Healthy On-The-Go Snack for Kids & Adults</p><p>$14.43 ($4.51 / Ounce)</p><a href="https://www.amazon.com/dp/B088PRVMXL?tag=eloabder-20&linkCode=osi&th=1&psc=1">View Product</a></div><div class="product"><a href="https://www.amazon.com/dp/B0792LF5DZ?tag=eloabder-20&linkCode=osi&th=1&psc=1"><img src="https://m.media-amazon.com/images/I/51Ogpal4rKL._SL500_.jpg" alt="Product Image"></a><p>Simply, Variety Pack Snacks, 0.875 Ounce (Pack of 36)</p><p>$22.43 ($0.71 / Ounce)</p><a href="https://www.amazon.com/dp/B0792LF5DZ?tag=eloabder-20&linkCode=osi&th=1&psc=1">View Product</a></div>
<div class="product"><a href="https://www.amazon.com/dp/B07D83162X?tag=eloabder-20&linkCode=osi&th=1&psc=1"><img src="https://m.media-amazon.com/images/I/515OpZM7eUL._SL500_.jpg" alt="Product Image"></a><p>CLIF BAR - Energy Bars - Variety Pack - Made with Organic Oats - 9-11g Protein - Non-GMO - Plant Based - 2.4 oz. (16 Count)</p><p>$25.98 ($0.68 / Ounce)</p><a href="https://www.amazon.com/dp/B07D83162X?tag=eloabder-20&linkCode=osi&th=1&psc=1">View Product</a></div><div class="product"><a href="https://www.amazon.com/dp/B0CXQ6QP2B?tag=eloabder-20&linkCode=osi&th=1&psc=1"><img src="https://m.media-amazon.com/images/I/41zGg7iGu+L._SL500_.jpg" alt="Product Image"></a><p>CLIF BAR - Crunchy Peanut Butter - Made with Organic Oats - 11g Protein - Non-GMO - Plant Based - Energy Bars - 2.4 oz. (15 Pack)</p><p>$17.24 ($0.48 / Ounce)</p><a href="https://www.amazon.com/dp/B0CXQ6QP2B?tag=eloabder-20&linkCode=osi&th=1&psc=1">View Product</a></div><div class="product"><a href="https://www.amazon.com/dp/B00GJ82VK4?tag=eloabder-20&linkCode=osi&th=1&psc=1"><img src="https://m.media-amazon.com/images/I/51j2KOV9-+L._SL500_.jpg" alt="Product Image"></a><p>Pure Protein Bars, High Protein, Nutritious Snacks to Support Energy, Low Sugar, Gluten Free, Chocolate Peanut Butter, 1.76oz, 12 Count (Packaging May Vary)</p><p>$15.55 ($0.73 / Ounce)</p><a href="https://www.amazon.com/dp/B00GJ82VK4?tag=eloabder-20&linkCode=osi&th=1&psc=1">View Product</a></div><div class="product"><a href="https://www.amazon.com/dp/B084R2FJVV?tag=eloabder-20&linkCode=osi&th=1&psc=1"><img src="https://m.media-amazon.com/images/I/51mGjMQ-PjL._SL500_.jpg" alt="Product Image"></a><p>KIND Energy Bars, Chocolate Chunk, Healthy Snacks, Gluten Free, 30 Count</p><p>$35.45 ($0.56 / Ounce)</p><a href="https://www.amazon.com/dp/B084R2FJVV?tag=eloabder-20&linkCode=osi&th=1&psc=1">View Product</a></div><div class="product"><a href="https://www.amazon.com/dp/B0BHMRSNWX?tag=eloabder-20&linkCode=osi&th=1&psc=1"><img src="https://m.media-amazon.com/images/I/51mha5Z8vAL._SL500_.jpg" alt="Product Image"></a><p>Verb Energy - Variety Pack Caffeinated Snack Bars - 110-Calorie Low Sugar Energy Bar - Nutrition Bars - Vegan Snacks - Gluten Free Breakfast Bars with Organic Green Tea, 26g (Pack of 16)</p><p>$28.95 ($1.97 / Ounce)</p><a href="https://www.amazon.com/dp/B0BHMRSNWX?tag=eloabder-20&linkCode=osi&th=1&psc=1">View Product</a></div><div class="product"><a href="https://www.amazon.com/dp/B08939X5HL?tag=eloabder-20&linkCode=osi&th=1&psc=1"><img src="https://m.media-amazon.com/images/I/51RKwNvJZiL._SL500_.jpg" alt="Product Image"></a><p>Nature Valley Chewy Fruit and Nut Granola Bars, Trail Mix, 1.2 oz, 15 ct</p><p>$6.24 ($0.35 / Ounce)</p><a href="https://www.amazon.com/dp/B08939X5HL?tag=eloabder-20&linkCode=osi&th=1&psc=1">View Product</a></div><div class="product"><a href="https://www.amazon.com/dp/B004XEDS5I?tag=eloabder-20&linkCode=osi&th=1&psc=1"><img src="https://m.media-amazon.com/images/I/51dc89OLXjL._SL500_.jpg" alt="Product Image"></a><p>CLIF BAR - Chocolate Chip - Made with Organic Oats - Non-GMO - Plant Based - Energy Bars - 2.4 oz. (12 Pack)</p><p>$15.17 ($0.53 / Ounce)</p><a href="https://www.amazon.com/dp/B004XEDS5I?tag=eloabder-20&linkCode=osi&th=1&psc=1">View Product</a></div><div class="product"><a href="https://www.amazon.com/dp/B07HHK51J9?tag=eloabder-20&linkCode=osi&th=1&psc=1"><img src="https://m.media-amazon.com/images/I/41h0pofx49L._SL500_.jpg" alt="Product Image"></a><p>Quantum Energy Square: Energy Bar with Caffeine & 10g Protein. Delicious Healthy Snack On The Go. (Vegan, Gluten-free, Soy-free, Dairy-free). Flavor: Variety 8Pk</p><p>$19.95 ($1.48 / Ounce)</p><a href="https://www.amazon.com/dp/B07HHK51J9?tag=eloabder-20&linkCode=osi&th=1&psc=1">View Product</a></div><div class="product"><a href="https://www.amazon.com/dp/B0BY3NL6N3?tag=eloabder-20&linkCode=osi&th=1&psc=1"><img src="https://m.media-amazon.com/images/I/61a84haNQXL._SL500_.jpg" alt="Product Image"></a><p>Atkins Soft Baked Energy Bars, Blueberry, 15g Protein,2g Sugar, Excellent Source of Fiber, Low Carb, 4 Packs (5 Bars Each)</p><p>$40.00 ($2.00 / Count)</p><a href="https://www.amazon.com/dp/B0BY3NL6N3?tag=eloabder-20&linkCode=osi&th=1&psc=1">View Product</a></div><div class="product"><a href="https://www.amazon.com/dp/B0767X1YGZ?tag=eloabder-20&linkCode=osi&th=1&psc=1"><img src="https://m.media-amazon.com/images/I/41wLM+HSd7L._SL500_.jpg" alt="Product Image"></a><p>SKRATCH LABS Energy Bar | Cherry + Pistachio (12 pack) | Plant Based Healthy Snack | Low Sugar - 5g Protein | non-gmo, gluten free, soy free, vegan, kosher</p><p>$29.95 ($1.41 / Ounce)</p><a href="https://www.amazon.com/dp/B0767X1YGZ?tag=eloabder-20&linkCode=osi&th=1&psc=1">View Product</a></div>
<div class="product"><a href="https://www.amazon.com/dp/B00819SSGK?tag=eloabder-20&linkCode=osi&th=1&psc=1"><img src="https://m.media-amazon.com/images/I/51OoPlQlUFL._SL500_.jpg" alt="Product Image"></a><p>Orville Redenbacher's Original Gourmet Popping Corn Kernels, 8 lb.</p><p>$13.28 ($0.10 / Ounce)</p><a href="https://www.amazon.com/dp/B00819SSGK?tag=eloabder-20&linkCode=osi&th=1&psc=1">View Product</a></div><div class="product"><a href="https://www.amazon.com/dp/B0C8QMKF7K?tag=eloabder-20&linkCode=osi&th=1&psc=1"><img src="https://m.media-amazon.com/images/I/41Q1zRw163L._SL500_.jpg" alt="Product Image"></a><p>Extra Buttery Caramel Gourmet Popcorn | 6 Cups Total | Made From Scratch, Made in USA, & GMO-Free | Great as a Snack, Gift, Thank You, & Movie Night - (10.8oz Total)</p><p>$8.99 ($0.83 / Ounce)</p><a href="https://www.amazon.com/dp/B0C8QMKF7K?tag=eloabder-20&linkCode=osi&th=1&psc=1">View Product</a></div><div class="product"><a href="https://www.amazon.com/dp/B0CKLW62T5?tag=eloabder-20&linkCode=osi&th=1&psc=1"><img src="https://m.media-amazon.com/images/I/51UzqTDjfaL._SL500_.jpg" alt="Product Image"></a><p>Garrett Popcorn Garrett Mix, 6.0oz, 4 Bags, Cheese and Caramel Gourmet Popcorn, Gluten Free, Sweet and Salty Snack, Popped Popcorn Bags</p><p>$24.95 ($1.04 / Ounce)</p><a href="https://www.amazon.com/dp/B0CKLW62T5?tag=eloabder-20&linkCode=osi&th=1&psc=1">View Product</a></div><div class="product"><a href="https://www.amazon.com/dp/B07JN5467R?tag=eloabder-20&linkCode=osi&th=1&psc=1"><img src="https://m.media-amazon.com/images/I/51vsJLZ79WL._SL500_.jpg" alt="Product Image"></a><p>Urban Accents MOVIE NIGHT Popcorn Kernels and Popcorn Seasoning Variety Pack (set of 8) - 3 Non-GMO Popcorn Kernel Packs and 5 Gourmet Popcorn Snack Seasoning</p><p>$22.00 ($1.01 / Ounce)</p><a href="https://www.amazon.com/dp/B07JN5467R?tag=eloabder-20&linkCode=osi&th=1&psc=1">View Product</a></div><div class="product"><a href="https://www.amazon.com/dp/B0C9592XTW?tag=eloabder-20&linkCode=osi&th=1&psc=1"><img src="https://m.media-amazon.com/images/I/41DvOymNLML._SL500_.jpg" alt="Product Image"></a><p>Funky Chunky Gourmet Popcorn, Chocolatey Popcorn, Pretzel, and Nutty Mixes, Peanut Butter Cup Popcorn, 19-Ounce Large Bag (Pack of 1)</p><p>$15.00 ($0.79 / Ounce)</p><a href="https://www.amazon.com/dp/B0C9592XTW?tag=eloabder-20&linkCode=osi&th=1&psc=1">View Product</a></div><div class="product"><a href="https://www.amazon.com/dp/B0D3FH1GW4?tag=eloabder-20&linkCode=osi&th=1&psc=1"><img src="https://m.media-amazon.com/images/I/51hBtOn2I4L._SL500_.jpg" alt="Product Image"></a><p>Garrett Popcorn Garrett Mix, 1.9oz, 12 Bags, Cheese and Caramel Gourmet Popcorn, Gluten Free, Sweet and Salty Snack Bags, Popped Popcorn Bags, Multipack</p><p>$29.95 ($1.31 / Ounce)</p><a href="https://www.amazon.com/dp/B0D3FH1GW4?tag=eloabder-20&linkCode=osi&th=1&psc=1">View Product</a></div><div class="product"><a href="https://www.amazon.com/dp/B00Q0PWE7Q?tag=eloabder-20&linkCode=osi&th=1&psc=1"><img src="https://m.media-amazon.com/images/I/51jM1d0eF8L._SL500_.jpg" alt="Product Image"></a><p>Popcornopolis Gourmet Caramel Corn Popcorn, Popped Popcorn Snack Bags 9.5 Oz</p><p>$8.99 ($0.95 / Ounce)</p><a href="https://www.amazon.com/dp/B00Q0PWE7Q?tag=eloabder-20&linkCode=osi&th=1&psc=1">View Product</a></div><div class="product"><a href="https://www.amazon.com/dp/B00D2H6LOW?tag=eloabder-20&linkCode=osi&th=1&psc=1"><img src="https://m.media-amazon.com/images/I/41iePRgsY5L._SL500_.jpg" alt="Product Image"></a><p>Thatcher's Gourmet Specialties Fruit Medley, 8 Oz (Pack of 1)</p><p>$6.25 ($0.78 / Ounce)</p><a href="https://www.amazon.com/dp/B00D2H6LOW?tag=eloabder-20&linkCode=osi&th=1&psc=1">View Product</a></div>
<div class="product"><a href="https://www.amazon.com/dp/B07ZXN7LPC?tag=eloabder-20&linkCode=osi&th=1&psc=1"><img src="https://m.media-amazon.com/images/I/51YkD3V1JyL._SL500_.jpg" alt="Product Image"></a><p>Mantova Organic Italian Specialty Pasta, Caserecce (2 packs of 1 lb. each) - Artisan Pasta, Non-GMO, Vegan, Kosher Certified, and Imported From Italy, Premium Quality</p><p>$12.99 ($0.41 / Ounce)</p><a href="https://www.amazon.com/dp/B07ZXN7LPC?tag=eloabder-20&linkCode=osi&th=1&psc=1">View Product</a></div><div class="product"><a href="https://www.amazon.com/dp/B01F2Z8ZOU?tag=eloabder-20&linkCode=osi&th=1&psc=1"><img src="https://m.media-amazon.com/images/I/51MK8iWLCgL._SL500_.jpg" alt="Product Image"></a><p>Mantova Organic Italian Specialty Pasta, Lumaconi, 1 lb (Pack of 2)</p><p>$13.99 ($0.87 / Ounce)</p><a href="https://www.amazon.com/dp/B01F2Z8ZOU?tag=eloabder-20&linkCode=osi&th=1&psc=1">View Product</a></div><div class="product"><a href="https://www.amazon.com/dp/B004N5HA6A?tag=eloabder-20&linkCode=osi&th=1&psc=1"><img src="https://m.media-amazon.com/images/I/517oR0RhHgL._SL500_.jpg" alt="Product Image"></a><p>Morelli Gourmet Pasta Italian Gift Basket From Italy - Tricolor Pasta Linguine Set - Red Chili, Garlic & Basil, and Lemon Pasta - Tricolored Organic Pasta from Italy, Made in Italy (3x 8.8 Ounce)</p><p>$31.99 ($1.21 / Ounce)</p><a href="https://www.amazon.com/dp/B004N5HA6A?tag=eloabder-20&linkCode=osi&th=1&psc=1">View Product</a></div><div class="product"><a href="https://www.amazon.com/dp/B00I8R5HSW?tag=eloabder-20&linkCode=osi&th=1&psc=1"><img src="https://m.media-amazon.com/images/I/41miThBoNtL._SL500_.jpg" alt="Product Image"></a><p>Mafaldine Italian Pasta di Gragnano | I.G.P. Protected | USDA Certified Organic | 17.6 Ounce | 500 Gram</p><p>$12.95 ($0.73 / Ounce)</p><a href="https://www.amazon.com/dp/B00I8R5HSW?tag=eloabder-20&linkCode=osi&th=1&psc=1">View Product</a></div><div class="product"><a href="https://www.amazon.com/dp/B0B1469JM5?tag=eloabder-20&linkCode=osi&th=1&psc=1"><img src="https://m.media-amazon.com/images/I/51spzGwiJ9L._SL500_.jpg" alt="Product Image"></a><p>Morelli Busiate, Pici, and Bucatini Organic Pasta Variety Pack - Imported Italian Pasta Sampler - Specialty Assortment Includes Three-17.6 oz Packages of Gourmet Pasta from Italy</p><p>$39.99 ($0.76 / Ounce)</p><a href="https://www.amazon.com/dp/B0B1469JM5?tag=eloabder-20&linkCode=osi&th=1&psc=1">View Product</a></div><div class="product"><a href="https://www.amazon.com/dp/B083X2P94L?tag=eloabder-20&linkCode=osi&th=1&psc=1"><img src="https://m.media-amazon.com/images/I/51APpkv+ImL._SL500_.jpg" alt="Product Image"></a><p>Pasta Deliziosa! Handcrafted Pasta Variety Pack, All Flavors, 12 Ounce (Pack of 6)</p><p>$38.99 ($3.25 / Ounce)</p><a href="https://www.amazon.com/dp/B083X2P94L?tag=eloabder-20&linkCode=osi&th=1&psc=1">View Product</a></div><div class="product"><a href="https://www.amazon.com/dp/B0793LPXRN?tag=eloabder-20&linkCode=osi&th=1&psc=1"><img src="https://m.media-amazon.com/images/I/41zIY0jxDdL._SL500_.jpg" alt="Product Image"></a><p>La Molisana Pasta Anellini Siciliani, 16 oz</p><p>$6.95 ($0.43 / Ounce)</p><a href="https://www.amazon.com/dp/B0793LPXRN?tag=eloabder-20&linkCode=osi&th=1&psc=1">View Product</a></div><div class="product"><a href="https://www.amazon.com/dp/B006ODJEBS?tag=eloabder-20&linkCode=osi&th=1&psc=1"><img src="https://m.media-amazon.com/images/I/51x4T3SOw1L._SL500_.jpg" alt="Product Image"></a><p>La Molisana Pasta Fusilli Bucati Cort, 1 Pound (Pack of 1)</p><p>$7.99 ($0.05 / Ounce)</p><a href="https://www.amazon.com/dp/B006ODJEBS?tag=eloabder-20&linkCode=osi&th=1&psc=1">View Product</a></div><div class="product"><a href="https://www.amazon.com/dp/B0095F92HS?tag=eloabder-20&linkCode=osi&th=1&psc=1"><img src="https://m.media-amazon.com/images/I/51IXE-gW1gL._SL500_.jpg" alt="Product Image"></a><p>De Cecco Pasta, Egg Pappardelle, 8.8 Ounce</p><p>$2.50 ($0.28 / Ounce)</p><a href="https://www.amazon.com/dp/B0095F92HS?tag=eloabder-20&linkCode=osi&th=1&psc=1">View Product</a></div><div class="product"><a href="https://www.amazon.com/dp/B000LRH8AM?tag=eloabder-20&linkCode=osi&th=1&psc=1"><img src="https://m.media-amazon.com/images/I/517Gsx3xbQL._SL500_.jpg" alt="Product Image"></a><p>RiceSelect Tri-Color Orzo Rice-Shaped Pasta, Premium Spinach- and Tomato-Flavored Non-GMO Orzo Pasta, 32-Ounce Jar</p><p>$7.29 ($0.28 / Ounce)</p><a href="https://www.amazon.com/dp/B000LRH8AM?tag=eloabder-20&linkCode=osi&th=1&psc=1">View Product</a></div>
<div class="product"><a href="https://www.amazon.com/dp/B00LUK2TGC?tag=eloabder-20&linkCode=osi&th=1&psc=1"><img src="https://m.media-amazon.com/images/I/51-6ifc3VmL._SL500_.jpg" alt="Product Image"></a><p>The Gourmet Choice Gift Basket by Wine Country Gift Baskets</p><p>$83.35</p><a href="https://www.amazon.com/dp/B00LUK2TGC?tag=eloabder-20&linkCode=osi&th=1&psc=1">View Product</a></div><div class="product"><a href="https://www.amazon.com/dp/B009LHPJ1S?tag=eloabder-20&linkCode=osi&th=1&psc=1"><img src="https://m.media-amazon.com/images/I/51cf0AEkjgL._SL500_.jpg" alt="Product Image"></a><p>Wine Country Gift Baskets Gourmet Feast Perfect For Family, Friends, Co-Workers, Loved Ones and Clients</p><p>$59.95</p><a href="https://www.amazon.com/dp/B009LHPJ1S?tag=eloabder-20&linkCode=osi&th=1&psc=1">View Product</a></div><div class="product"><a href="https://www.amazon.com/dp/B004D9XYWU?tag=eloabder-20&linkCode=osi&th=1&psc=1"><img src="https://m.media-amazon.com/images/I/515H6eRSagL._SL500_.jpg" alt="Product Image"></a><p>A Gift Inside Chocolate, Caramel and Crunch Grand Gift Basket</p><p>$42.95</p><a href="https://www.amazon.com/dp/B004D9XYWU?tag=eloabder-20&linkCode=osi&th=1&psc=1">View Product</a></div><div class="product"><a href="https://www.amazon.com/dp/B00BY78O7Y?tag=eloabder-20&linkCode=osi&th=1&psc=1"><img src="https://m.media-amazon.com/images/I/51sFeewMqVL._SL500_.jpg" alt="Product Image"></a><p>The Bon Appetit Gourmet Gift Basket by Wine Country Gift Baskets Gift for Families College Students Appreciation Thank You Congratulations Get Well Soon Care Package</p><p>$49.95</p><a href="https://www.amazon.com/dp/B00BY78O7Y?tag=eloabder-20&linkCode=osi&th=1&psc=1">View Product</a></div><div class="product"><a href="https://www.amazon.com/dp/B07CHSN691?tag=eloabder-20&linkCode=osi&th=1&psc=1"><img src="https://m.media-amazon.com/images/I/51-Qvkf4yFL._SL500_.jpg" alt="Product Image"></a><p>Dried Fruit Gift Basket– Healthy Gourmet Snack Box - Holiday Food Tray - Variety Snacks - Birthday, Sympathy, Mom, Dad, Corporate Tray - Bonnie & Pop</p><p>$37.99</p><a href="https://www.amazon.com/dp/B07CHSN691?tag=eloabder-20&linkCode=osi&th=1&psc=1">View Product</a></div><div class="product"><a href="https://www.amazon.com/dp/B00FBGKCHE?tag=eloabder-20&linkCode=osi&th=1&psc=1"><img src="https://m.media-amazon.com/images/I/51anmoX7EkL._SL500_.jpg" alt="Product Image"></a><p>Broadway Basketeers Chocolate Gift Basket Snack Gifts for Women, Men, Families, College, Appreciation, Thank You, Birthday, Corporate, Get Well Soon, Sympathy Care Package</p><p>$48.70 ($48.70 / Count)</p><a href="https://www.amazon.com/dp/B00FBGKCHE?tag=eloabder-20&linkCode=osi&th=1&psc=1">View Product</a></div><div class="product"><a href="https://www.amazon.com/dp/B00BY78O60?tag=eloabder-20&linkCode=osi&th=1&psc=1"><img src="https://m.media-amazon.com/images/I/51vKfvc7JTL._SL500_.jpg" alt="Product Image"></a><p>Wine Country Gift Baskets The Connoisseur Gourmet Gift Basket Food Gift Basket for Families College Students Appreciation Thank You Congratulations Get Well Soon Care Package</p><p>$56.36</p><a href="https://www.amazon.com/dp/B00BY78O60?tag=eloabder-20&linkCode=osi&th=1&psc=1">View Product</a></div><div class="product"><a href="https://www.amazon.com/dp/B07FT598PM?tag=eloabder-20&linkCode=osi&th=1&psc=1"><img src="https://m.media-amazon.com/images/I/51OJVHYoRsL._SL500_.jpg" alt="Product Image"></a><p>Wine Country Gift Baskets Gourmet Deluxe Gift Basket</p><p>$99.95</p><a href="https://www.amazon.com/dp/B07FT598PM?tag=eloabder-20&linkCode=osi&th=1&psc=1">View Product</a></div>
<div class="product"><a href="https://www.amazon.com/dp/B0B5ZTZL6G?tag=eloabder-20&linkCode=osi&th=1&psc=1"><img src="https://m.media-amazon.com/images/I/51rZYLnRlVL._SL500_.jpg" alt="Product Image"></a><p>Reinmoson Tea Strainers for Loose Tea, Extra Fine Mesh Tea Infuser, 304 Stainless Steel & Updated Slim Threaded Lid, Loose Leaf Tea Steeper for Black Tea, Rooibos, etc</p><p>$9.99</p><a href="https://www.amazon.com/dp/B0B5ZTZL6G?tag=eloabder-20&linkCode=osi&th=1&psc=1">View Product</a></div><div class="product"><a href="https://www.amazon.com/dp/B00SBTK5KW?tag=eloabder-20&linkCode=osi&th=1&psc=1"><img src="https://m.media-amazon.com/images/I/414cqIbd9eL._SL500_.jpg" alt="Product Image"></a><p>Tea Forte Single Steeps Loose Leaf Lotus Tea Sampler, Assorted Variety Tea Box, Serve Pouches,15 Count (Pack of 1)</p><p>$18.00 ($9.33 / Ounce)</p><a href="https://www.amazon.com/dp/B00SBTK5KW?tag=eloabder-20&linkCode=osi&th=1&psc=1">View Product</a></div><div class="product"><a href="https://www.amazon.com/dp/B08VMR4MXN?tag=eloabder-20&linkCode=osi&th=1&psc=1"><img src="https://m.media-amazon.com/images/I/51qQv4-VV3L._SL500_.jpg" alt="Product Image"></a><p>Twinings Tea Sampler Set 12 Flavors Assortment 48 Assorted Tea Bags with 20 Honey Sticks for Tea, Straws and Naturally Caffeine Free Herbal Tea Set…</p><p>$22.96 ($22.96 / Count)</p><a href="https://www.amazon.com/dp/B08VMR4MXN?tag=eloabder-20&linkCode=osi&th=1&psc=1">View Product</a></div><div class="product"><a href="https://www.amazon.com/dp/B074T2FWJY?tag=eloabder-20&linkCode=osi&th=1&psc=1"><img src="https://m.media-amazon.com/images/I/41n1uoomGAL._SL500_.jpg" alt="Product Image"></a><p>10Pcs Heart Tea Infuser for Loose Leaf Tea Steeper - Tea Diffusers for Loose Tea Leaf Steeper Tea Strainers for Loose Tea Infuser Spoon - Tea Steeper for Loose Tea Strainer Heart Shaped Tea Infuser</p><p>$9.98 ($1.00 / Count)</p><a href="https://www.amazon.com/dp/B074T2FWJY?tag=eloabder-20&linkCode=osi&th=1&psc=1">View Product</a></div><div class="product"><a href="https://www.amazon.com/dp/B074L4MZRY?tag=eloabder-20&linkCode=osi&th=1&psc=1"><img src="https://m.media-amazon.com/images/I/418v4F8ZhkL._SL500_.jpg" alt="Product Image"></a><p>VAHDAM Perfect Measure Loose Leaf Tea Spoon | Premium Quality Stainless Steel Tea Scoop | Perfect Measuring Teaspoons To Brew 1 Cup Of Loose Leaf Tea & Matcha</p><p>$7.99</p><a href="https://www.amazon.com/dp/B074L4MZRY?tag=eloabder-20&linkCode=osi&th=1&psc=1">View Product</a></div><div class="product"><a href="https://www.amazon.com/dp/B09FF6P7BL?tag=eloabder-20&linkCode=osi&th=1&psc=1"><img src="https://m.media-amazon.com/images/I/41oGPC0w7ML._SL500_.jpg" alt="Product Image"></a><p>Cute Tea Infuser by OTOTO - Loose Leaf Tea Steeper, Tea Accessories, Tea Diffusers, Tea Infuser for Loose Leaf Tea, Tea Strainers, Cute Gifts, Tea Gift Set, Kitchen Gifts, Cooking Gadgets</p><p>$14.95</p><a href="https://www.amazon.com/dp/B09FF6P7BL?tag=eloabder-20&linkCode=osi&th=1&psc=1">View Product</a></div><div class="product"><a href="https://www.amazon.com/dp/B072XP4FQK?tag=eloabder-20&linkCode=osi&th=1&psc=1"><img src="https://m.media-amazon.com/images/I/31Lfv+7oU6L._SL500_.jpg" alt="Product Image"></a><p>Tea Infuser (Set of 2 Pyramid & Square) with Tea Scoop | Ultra Fine Tea Strainer for Loose Leaf Tea | Stainless Steel Tea Steeper for a Superior Brewing Experience</p><p>$9.99</p><a href="https://www.amazon.com/dp/B072XP4FQK?tag=eloabder-20&linkCode=osi&th=1&psc=1">View Product</a></div><div class="product"><a href="https://www.amazon.com/dp/B0D2SCT4C4?tag=eloabder-20&linkCode=osi&th=1&psc=1"><img src="https://m.media-amazon.com/images/I/51vJnfc4-JL._SL500_.jpg" alt="Product Image"></a><p>Organic Tea Gift Set with Portable Kettle - 36 Piece Tea Gifts for Tea Lovers - Includes Insulated Mug, Assorted Organic Teas, Honey Sticks & Tea Accessories - Ultimate Brewing Experience</p><p>$56.90</p><a href="https://www.amazon.com/dp/B0D2SCT4C4?tag=eloabder-20&linkCode=osi&th=1&psc=1">View Product</a></div>
<div class="product"><a href="https://www.amazon.com/dp/B01NAV05XS?tag=eloabder-20&linkCode=osi&th=1&psc=1"><img src="https://m.media-amazon.com/images/I/51xpd-egLaL._SL500_.jpg" alt="Product Image"></a><p>Torani Variety Pack Caramel, French Vanilla, Vanilla & Hazelnut, 25.4 Ounces (Pack of 4)</p><p>$35.99 ($0.35 / Fl Oz)</p><a href="https://www.amazon.com/dp/B01NAV05XS?tag=eloabder-20&linkCode=osi&th=1&psc=1">View Product</a></div><div class="product"><a href="https://www.amazon.com/dp/B084NVN1J6?tag=eloabder-20&linkCode=osi&th=1&psc=1"><img src="https://m.media-amazon.com/images/I/51Vz7p8hhyL._SL500_.jpg" alt="Product Image"></a><p>Bones Coffee Company Cookies 'N Dreams Coffee Beans, Cookies & Cream Flavor, Low Acid Flavored Coffee, Made with Arabica Coffee Beans, Medium Roast Gourmet Coffee (12 oz)</p><p>$17.99 ($1.50 / Ounce)</p><a href="https://www.amazon.com/dp/B084NVN1J6?tag=eloabder-20&linkCode=osi&th=1&psc=1">View Product</a></div><div class="product"><a href="https://www.amazon.com/dp/B0C2DHCBD6?tag=eloabder-20&linkCode=osi&th=1&psc=1"><img src="https://m.media-amazon.com/images/I/51wa33jmF7L._SL500_.jpg" alt="Product Image"></a><p>Torani Puremade Sauce Variety Pack, 4 Flavors, 16.5 Ounces Bottle (Set of 4)</p><p>$25.99 ($0.39 / Ounce)</p><a href="https://www.amazon.com/dp/B0C2DHCBD6?tag=eloabder-20&linkCode=osi&th=1&psc=1">View Product</a></div><div class="product"><a href="https://www.amazon.com/dp/B000S75D66?tag=eloabder-20&linkCode=osi&th=1&psc=1"><img src="https://m.media-amazon.com/images/I/41AZMaoxbWL._SL500_.jpg" alt="Product Image"></a><p>illy Ground Coffee Moka - 100% Arabica Flavored Coffee Ground - Rich Aromatic Coffee Grounds Profile – Classico Medium Roast - Notes of Caramel, Orange Blossom & Jasmine - No Preservatives – 8.8 Ounce</p><p>$13.85 ($1.57 / Ounce)</p><a href="https://www.amazon.com/dp/B000S75D66?tag=eloabder-20&linkCode=osi&th=1&psc=1">View Product</a></div><div class="product"><a href="https://www.amazon.com/dp/B0BBY6V5T3?tag=eloabder-20&linkCode=osi&th=1&psc=1"><img src="https://m.media-amazon.com/images/I/515wvEFTD7L._SL500_.jpg" alt="Product Image"></a><p>Bones Coffee Company NEW World Tour Sample Pack | Ground Coffee Beans Sampler Gift Box Set | 4 oz Pack of 5 Assorted Single-Origin Gourmet Coffee Gifts | Medium Roast Coffee Beverages (Ground)</p><p>$34.99 ($1.75 / Ounce)</p><a href="https://www.amazon.com/dp/B0BBY6V5T3?tag=eloabder-20&linkCode=osi&th=1&psc=1">View Product</a></div>

<div class="product"><a href="https://www.amazon.com/dp/B01E4C982U?tag=eloabder-20&linkCode=osi&th=1&psc=1"><img src="https://m.media-amazon.com/images/I/51nAunBrSiL._SL500_.jpg" alt="Product Image"></a><p>Green Tea leaves Sencha, JAS Certified Organic, Japanese Tea, Uji-Kyoto, 80g Bag 【YAMASAN】</p><p>$14.70 ($5.25 / Ounce)</p><a href="https://www.amazon.com/dp/B01E4C982U?tag=eloabder-20&linkCode=osi&th=1&psc=1">View Product</a></div><div class="product"><a href="https://www.amazon.com/dp/B000SARJF6?tag=eloabder-20&linkCode=osi&th=1&psc=1"><img src="https://m.media-amazon.com/images/I/51hE2hmSzuL._SL500_.jpg" alt="Product Image"></a><p>Davidson's Tea Bulk, English Breakfast, 16 Ounce</p><p>$15.99 ($1.00 / Ounce)</p><a href="https://www.amazon.com/dp/B000SARJF6?tag=eloabder-20&linkCode=osi&th=1&psc=1">View Product</a></div><div class="product"><a href="https://www.amazon.com/dp/B008FOLQRE?tag=eloabder-20&linkCode=osi&th=1&psc=1"><img src="https://m.media-amazon.com/images/I/51F0rcvhhvL._SL500_.jpg" alt="Product Image"></a><p>Traditional Medicinals Organic Raspberry Leaf Herbal Tea, Eases Menstrual Cramps & Supports Healthy Pregnancy, (Pack of 1) - 16 Tea Bags</p><p>$4.92 ($5.79 / Ounce)</p><a href="https://www.amazon.com/dp/B008FOLQRE?tag=eloabder-20&linkCode=osi&th=1&psc=1">View Product</a></div><div class="product"><a href="https://www.amazon.com/dp/B00136MKEO?tag=eloabder-20&linkCode=osi&th=1&psc=1"><img src="https://m.media-amazon.com/images/I/41Ll68Q3iLL._SL500_.jpg" alt="Product Image"></a><p>Ahmad Tea Earl Grey Aromatic Loose Tea, Ceylon Caddy, 17.6 Oz</p><p>$14.87 ($0.84 / Ounce)</p><a href="https://www.amazon.com/dp/B00136MKEO?tag=eloabder-20&linkCode=osi&th=1&psc=1">View Product</a></div><div class="product"><a href="https://www.amazon.com/dp/B087G3NQGN?tag=eloabder-20&linkCode=osi&th=1&psc=1"><img src="https://m.media-amazon.com/images/I/51wev+SayvL._SL500_.jpg" alt="Product Image"></a><p>TIAN HU SHAN Premium Green Tea Loose Leaf 16 Ounce (454g)</p><p>$14.98 ($0.94 / Ounce)</p><a href="https://www.amazon.com/dp/B087G3NQGN?tag=eloabder-20&linkCode=osi&th=1&psc=1">View Product</a></div><div class="product"><a href="https://www.amazon.com/dp/B007Y94GN2?tag=eloabder-20&linkCode=osi&th=1&psc=1"><img src="https://m.media-amazon.com/images/I/51hqdPaNJYL._SL500_.jpg" alt="Product Image"></a><p>The Tao of Tea, Hibiscus Ginger Tea, Loose Leaf, 3.0 Ounce Tin to make 50 cups</p><p>$10.90 ($3.63 / Ounce)</p><a href="https://www.amazon.com/dp/B007Y94GN2?tag=eloabder-20&linkCode=osi&th=1&psc=1">View Product</a></div><div class="product"><a href="https://www.amazon.com/dp/B0D3WN5RG3?tag=eloabder-20&linkCode=osi&th=1&psc=1"><img src="https://m.media-amazon.com/images/I/5109jIe8NoL._SL500_.jpg" alt="Product Image"></a><p>Mevlana Ceylon Tea, Loose Leaf, 1 Lbs - Best Ceylon Black Tea Leaves from Sri Lanka - Loose Leaf Black Tea</p><p>$14.99 ($0.94 / Ounce)</p><a href="https://www.amazon.com/dp/B0D3WN5RG3?tag=eloabder-20&linkCode=osi&th=1&psc=1">View Product</a></div><div class="product"><a href="https://www.amazon.com/dp/B087G345SM?tag=eloabder-20&linkCode=osi&th=1&psc=1"><img src="https://m.media-amazon.com/images/I/51gQfgKqklL._SL500_.jpg" alt="Product Image"></a><p>TIAN HU SHAN Premium Oolong Tea Loose Leaf 14 Ounce (400g)</p><p>$14.99 ($1.07 / Ounce)</p><a href="https://www.amazon.com/dp/B087G345SM?tag=eloabder-20&linkCode=osi&th=1&psc=1">View Product</a></div>
<div class="product"><a href="https://www.amazon.com/dp/B08XWVFTKS?tag=eloabder-20&linkCode=osi&th=1&psc=1"><img src="https://m.media-amazon.com/images/I/41hJk3cTdnL._SL500_.jpg" alt="Product Image"></a><p>Lindt Gourmet Chocolate Truffles Gift Box, Assorted Chocolate Truffles, Great for gift giving, 14.7 Ounces</p><p>$24.99 ($1.70 / Ounce)</p><a href="https://www.amazon.com/dp/B08XWVFTKS?tag=eloabder-20&linkCode=osi&th=1&psc=1">View Product</a></div>
<div class="product"><a href="https://www.amazon.com/dp/B0CJ3XYPV3?tag=eloabder-20&linkCode=osi&th=1&psc=1"><img src="https://m.media-amazon.com/images/I/519ufxoFyDL._SL500_.jpg" alt="Product Image"></a><p>Blue House VARIETY Handcrafted Gourmet Caramel Candies Gift Box, Maple, Raspberry, Coffee, and Sea Salt</p><p>$26.98 ($1.35 / Count)</p><a href="https://www.amazon.com/dp/B0CJ3XYPV3?tag=eloabder-20&linkCode=osi&th=1&psc=1">View Product</a></div><div class="product"><a href="https://www.amazon.com/dp/B06VW4Z7B1?tag=eloabder-20&linkCode=osi&th=1&psc=1"><img src="https://m.media-amazon.com/images/I/516NdD4b5nL._SL500_.jpg" alt="Product Image"></a><p>BALI'S BEST Coffee Candy - Original Flavor | 1lb Jar | Rich, Smooth Taste | Indulge in Gourmet Coffee Delight - For Coffee Lovers, Delicious Treat for Any Occasion</p><p>$9.87 ($0.62 / Ounce)</p><a href="https://www.amazon.com/dp/B06VW4Z7B1?tag=eloabder-20&linkCode=osi&th=1&psc=1">View Product</a></div><div class="product"><a href="https://www.amazon.com/dp/B086N119VC?tag=eloabder-20&linkCode=osi&th=1&psc=1"><img src="https://m.media-amazon.com/images/I/41xKAcovvCS._SL500_.jpg" alt="Product Image"></a><p>Cerez Pazari Turkish Delight Candy with Assorted Mix Flavours 16 oz Gourmet Medium Size Snacks Gift Box | No Nuts Sweet Luxury Traditional Confectionery Vegan Lokum Loukoumi Approx.42 Pcs</p><p>$13.49 ($0.96 / Ounce)</p><a href="https://www.amazon.com/dp/B086N119VC?tag=eloabder-20&linkCode=osi&th=1&psc=1">View Product</a></div>
<div class="product"><a href="https://www.amazon.com/dp/B07CJLPR4P?tag=eloabder-20&linkCode=osi&th=1&psc=1"><img src="https://m.media-amazon.com/images/I/41vviwnqT4L._SL500_.jpg" alt="Product Image"></a><p>Funky Chunky Gourmet Popcorn Sampler Variety Pack with all 5 flavors: Sea Salt Caramel, Nutty Choco Pop, Peanut Butter Cup, Chip Zel Pop, and Chocolate Pretzel, 2 oz (5 Bags)</p><p>$20.00 ($2.00 / Ounce)</p><a href="https://www.amazon.com/dp/B07CJLPR4P?tag=eloabder-20&linkCode=osi&th=1&psc=1">View Product</a></div><div class="product"><a href="https://www.amazon.com/dp/B0CB1Q5YQ1?tag=eloabder-20&linkCode=osi&th=1&psc=1"><img src="https://m.media-amazon.com/images/I/61Xzv3ZgRIL._SL500_.jpg" alt="Product Image"></a><p>Italian Cracker Assortment - Pack of 30 - Snack Size Cracker Packs - Great Mother's Day Gift - Gourmet Artisan Cracker Variety Pack - Rosemary, Olive, Sesame, Poppy & Sesame, Pizza Flavors - Gourmet Crackers for Charcuterie Party - Cracker Gift Box - Kosher, Preservative Free</p><p>$29.99 ($34.01 / Ounce)</p><a href="https://www.amazon.com/dp/B0CB1Q5YQ1?tag=eloabder-20&linkCode=osi&th=1&psc=1">View Product</a></div><div class="product"><a href="https://www.amazon.com/dp/B0BLMMSPLW?tag=eloabder-20&linkCode=osi&th=1&psc=1"><img src="https://m.media-amazon.com/images/I/61jdT7ZVojL._SL500_.jpg" alt="Product Image"></a><p>International Snack Box, 30 Pcs Premium Foreign Rare Snack Food Gifts with Suprise Item,European Snacks for Adults and Kids for Easter Day</p><p>$39.95 ($0.62 / Ounce)</p><a href="https://www.amazon.com/dp/B0BLMMSPLW?tag=eloabder-20&linkCode=osi&th=1&psc=1">View Product</a></div><div class="product"><a href="https://www.amazon.com/dp/B07Z9SBTTC?tag=eloabder-20&linkCode=osi&th=1&psc=1"><img src="https://m.media-amazon.com/images/I/51P13LVLpjL._SL500_.jpg" alt="Product Image"></a><p>Sahale Snacks Glazed Mix Nut Blend Variety Pack, 1.5 Oz Grab & Go Bags (12 Total Packs) - Four Different Dry-Roasted Deluxe Mixed Nuts Blends Included - Non-GMO Kosher & Certified Gluten-Free Snacks</p><p>$42.20 ($2.34 / Ounce)</p><a href="https://www.amazon.com/dp/B07Z9SBTTC?tag=eloabder-20&linkCode=osi&th=1&psc=1">View Product</a></div><div class="product"><a href="https://www.amazon.com/dp/B00LAQ4Z1I?tag=eloabder-20&linkCode=osi&th=1&psc=1"><img src="https://m.media-amazon.com/images/I/41PkJ7khWFL._SL500_.jpg" alt="Product Image"></a><p>Sheila G's Brownie Brittle – Chocolate Chip & Salted Caramel Thin and Crispy Sweet Snacks (Pack of 20, 1 oz), Rich Gourmet Brownie Bites Dessert</p><p>$29.70 ($1.48 / Ounce)</p><a href="https://www.amazon.com/dp/B00LAQ4Z1I?tag=eloabder-20&linkCode=osi&th=1&psc=1">View Product</a></div><div class="product"><a href="https://www.amazon.com/dp/B09GW1NT5C?tag=eloabder-20&linkCode=osi&th=1&psc=1"><img src="https://m.media-amazon.com/images/I/613yB5WvmhL._SL500_.jpg" alt="Product Image"></a><p>CRAVEBOX Gourmet Specialty Snacks Box Care Package Boxes for College Students Adults Healthy Cookies Bar Organic Variety Gift Pack Assortment Basket Mix Sampler Treat Final Exam Office Men Women Halloween Back to School</p><p>$36.95 ($36.95 / Count)</p><a href="https://www.amazon.com/dp/B09GW1NT5C?tag=eloabder-20&linkCode=osi&th=1&psc=1">View Product</a></div>
<div class="product"><a href="https://www.amazon.com/dp/B00MPQ5ZOS?tag=eloabder-20&linkCode=osi&th=1&psc=1"><img src="https://m.media-amazon.com/images/I/51rC2bMIM5L._SL500_.jpg" alt="Product Image"></a><p>BetterBody Foods Organic Chia Seeds 2 lbs, 32 Oz, with Omega-3, Non-GMO, Gluten Free, Keto Diet Friendly, Vegan, Good Source of Fiber</p><p>$14.26 ($0.45 / Ounce)</p><a href="https://www.amazon.com/dp/B00MPQ5ZOS?tag=eloabder-20&linkCode=osi&th=1&psc=1">View Product</a></div><div class="product"><a href="https://www.amazon.com/dp/B000R7V3DE?tag=eloabder-20&linkCode=osi&th=1&psc=1"><img src="https://m.media-amazon.com/images/I/51YhGUGB+2L._SL500_.jpg" alt="Product Image"></a><p>Pacific Foods Organic Free Range Chicken Broth, 8 oz Carton (Pack of 4)</p><p>$3.39 ($0.11 / Fl Oz)</p><a href="https://www.amazon.com/dp/B000R7V3DE?tag=eloabder-20&linkCode=osi&th=1&psc=1">View Product</a></div><div class="product"><a href="https://www.amazon.com/dp/B073ZNGZ7F?tag=eloabder-20&linkCode=osi&th=1&psc=1"><img src="https://m.media-amazon.com/images/I/51PZf9bpVIL._SL500_.jpg" alt="Product Image"></a><p>BetterBody Foods Organic Quinoa, Vegan, Complete Plant Protein, Gluten Free, Low Glycemic Rice Replacement, 24 ounce</p><p>$15.63 ($0.65 / Fl Oz)</p><a href="https://www.amazon.com/dp/B073ZNGZ7F?tag=eloabder-20&linkCode=osi&th=1&psc=1">View Product</a></div><div class="product"><a href="https://www.amazon.com/dp/B01N3365YI?tag=eloabder-20&linkCode=osi&th=1&psc=1"><img src="https://m.media-amazon.com/images/I/41N0Mk2m0pL._SL500_.jpg" alt="Product Image"></a><p>NOW Foods, Organic Pumpkin Seeds, Raw and Unsalted, Excellent Source of Protein and Iron, Certified Non-GMO, Keto-Friendly Snack, 12-Ounce (Packaging May Vary)</p><p>$6.99 ($0.58 / Ounce)</p><a href="https://www.amazon.com/dp/B01N3365YI?tag=eloabder-20&linkCode=osi&th=1&psc=1">View Product</a></div><div class="product"><a href="https://www.amazon.com/dp/B0CMW5KTLL?tag=eloabder-20&linkCode=osi&th=1&psc=1"><img src="https://m.media-amazon.com/images/I/51skmBt-7dL._SL500_.jpg" alt="Product Image"></a><p>Kate’s Real Food Organic Granola Bars - Snack & Share Variety Pack (2.2 oz, Pack of 12) - Organic Energy Bars Made with Gluten Free Oats - Non GMO, Soy Free, Whole Grains, and All Natural</p><p>$33.88 ($1.28 / Ounce)</p><a href="https://www.amazon.com/dp/B0CMW5KTLL?tag=eloabder-20&linkCode=osi&th=1&psc=1">View Product</a></div><div class="product"><a href="https://www.amazon.com/dp/B008RLUXI8?tag=eloabder-20&linkCode=osi&th=1&psc=1"><img src="https://m.media-amazon.com/images/I/51cnqntGe8L._SL500_.jpg" alt="Product Image"></a><p>Annie's Organic Variety Pack, Cheddar Bunnies, Bunny Grahams and Cheddar Squares, 12 Pouches, 11 oz</p><p>$8.49 ($0.77 / Ounce)</p><a href="https://www.amazon.com/dp/B008RLUXI8?tag=eloabder-20&linkCode=osi&th=1&psc=1">View Product</a></div><div class="product"><a href="https://www.amazon.com/dp/B01IPZUZW4?tag=eloabder-20&linkCode=osi&th=1&psc=1"><img src="https://m.media-amazon.com/images/I/51F2XkB6b5L._SL500_.jpg" alt="Product Image"></a><p>BetterBody Foods Organic Cacao Powder, Rich Chocolate Flavor, Non-GMO, Gluten-Free, Cocoa, 16 ounce, 1 lb bag</p><p>$12.27 ($0.77 / Ounce)</p><a href="https://www.amazon.com/dp/B01IPZUZW4?tag=eloabder-20&linkCode=osi&th=1&psc=1">View Product</a></div><div class="product"><a href="https://www.amazon.com/dp/B016BC50VY?tag=eloabder-20&linkCode=osi&th=1&psc=1"><img src="https://m.media-amazon.com/images/I/51yOgUaWJ1L._SL500_.jpg" alt="Product Image"></a><p>Good Sense Roasted & Salted Organic Pumpkin Seeds (Pepitas), Non-GMO & All Natural, 6 Ounce Resealable Bag</p><p>$3.99 ($0.66 / Ounce)</p><a href="https://www.amazon.com/dp/B016BC50VY?tag=eloabder-20&linkCode=osi&th=1&psc=1">View Product</a></div><div class="product"><a href="https://www.amazon.com/dp/B0B5V77FSZ?tag=eloabder-20&linkCode=osi&th=1&psc=1"><img src="https://m.media-amazon.com/images/I/41qVxhNyX6L._SL500_.jpg" alt="Product Image"></a><p>Pacific Foods Organic Chicken and Wild Rice Soup, 16.3 oz Can</p><p>$2.87 ($0.18 / Ounce)</p><a href="https://www.amazon.com/dp/B0B5V77FSZ?tag=eloabder-20&linkCode=osi&th=1&psc=1">View Product</a></div>
<div class="product"><a href="https://www.amazon.com/dp/B00CBX8F3I?tag=eloabder-20&linkCode=osi&th=1&psc=1"><img src="https://m.media-amazon.com/images/I/51YgGi3uXNL._SL500_.jpg" alt="Product Image"></a><p>Glutino Gluten Free Table Crackers, Premium Squares, Original, 7 oz</p><p>$3.13 ($0.45 / Ounce)</p><a href="https://www.amazon.com/dp/B00CBX8F3I?tag=eloabder-20&linkCode=osi&th=1&psc=1">View Product</a></div><div class="product"><a href="https://www.amazon.com/dp/B0C64N6ZTC?tag=eloabder-20&linkCode=osi&th=1&psc=1"><img src="https://m.media-amazon.com/images/I/41jSEFaAtWL._SL500_.jpg" alt="Product Image"></a><p>Katz Gluten Free Toaster Pastries. Strawberry. Easy Breakfast Food Or Anytime Healthy Snacks For Adults & Kids. Gluten Free Snacks. Dairy Free, Nut Free, Peanut Free, Soy Free. Snacks For Adults Kosher Snacks. 8 OZ (Pack Of 2</p><p>$12.97 ($0.81 / Ounce)</p><a href="https://www.amazon.com/dp/B0C64N6ZTC?tag=eloabder-20&linkCode=osi&th=1&psc=1">View Product</a></div><div class="product"><a href="https://www.amazon.com/dp/B006OIWD7U?tag=eloabder-20&linkCode=osi&th=1&psc=1"><img src="https://m.media-amazon.com/images/I/51fcMhMMuFL._SL500_.jpg" alt="Product Image"></a><p>Kinnikinnick Gluten Free Angel Food Cake Mix, 16 Ounce</p><p>$9.00 ($0.56 / Ounce)</p><a href="https://www.amazon.com/dp/B006OIWD7U?tag=eloabder-20&linkCode=osi&th=1&psc=1">View Product</a></div><div class="product"><a href="https://www.amazon.com/dp/B00HKIBKQS?tag=eloabder-20&linkCode=osi&th=1&psc=1"><img src="https://m.media-amazon.com/images/I/41vcEf0YqVL._SL500_.jpg" alt="Product Image"></a><p>Lotus Foods Bulk Food Organic Millet & Brown Rice Ramen Noodles with Red Miso Soup, Gluten-Free Easy to Cook & Healthy Japanese Noodles with Instant Gourmet Broth, 2.8 Oz (Pack of 10)</p><p>$23.90 ($0.85 / Ounce)</p><a href="https://www.amazon.com/dp/B00HKIBKQS?tag=eloabder-20&linkCode=osi&th=1&psc=1">View Product</a></div><div class="product"><a href="https://www.amazon.com/dp/B09P8VQ62R?tag=eloabder-20&linkCode=osi&th=1&psc=1"><img src="https://m.media-amazon.com/images/I/517vF20bKYL._SL500_.jpg" alt="Product Image"></a><p>Gluten Free Sugar Free Butter Cookies 36 Count Traditional Danish Cookies, Premium Assorted Shortbread cookies for Diabetics (1 Pk, 11 Ounce)</p><p>$13.99 ($1.27 / Ounce)</p><a href="https://www.amazon.com/dp/B09P8VQ62R?tag=eloabder-20&linkCode=osi&th=1&psc=1">View Product</a></div><div class="product"><a href="https://www.amazon.com/dp/B07QFY8KVJ?tag=eloabder-20&linkCode=osi&th=1&psc=1"><img src="https://m.media-amazon.com/images/I/41A8K3x-WKL._SL500_.jpg" alt="Product Image"></a><p>Double Yolk Gluten Free Medium Egg Noodles,10 Ounce Bag (Pack of 2)</p><p>$20.00 ($1.00 / Ounce)</p><a href="https://www.amazon.com/dp/B07QFY8KVJ?tag=eloabder-20&linkCode=osi&th=1&psc=1">View Product</a></div><div class="product"><a href="https://www.amazon.com/dp/B017QPT0P2?tag=eloabder-20&linkCode=osi&th=1&psc=1"><img src="https://m.media-amazon.com/images/I/41bJSGh8ocS._SL500_.jpg" alt="Product Image"></a><p>Mom's Gluten Free Angel Food Cake Mix,1-Pack, Easy to Make, 12 Servings, Non GMO Delicious and Healthy Gluten Free Desserts</p><p>$9.99 ($0.55 / Ounce)</p><a href="https://www.amazon.com/dp/B017QPT0P2?tag=eloabder-20&linkCode=osi&th=1&psc=1">View Product</a></div>
<div class="product"><a href="https://www.amazon.com/dp/B08QG24L5V?tag=eloabder-20&linkCode=osi&th=1&psc=1"><img src="https://m.media-amazon.com/images/I/61+-HZ1es-L._SL500_.jpg" alt="Product Image"></a><p>Hellmann's Vegan Dressing and Spread Vegan 3 Ct for a Rich, Creamy Plant-Based Alternative to Mayo Same Great Taste, Plant Based, Free From Eggs 11.5 oz</p><p>$13.47 ($0.39 / Fl Oz)</p><a href="https://www.amazon.com/dp/B08QG24L5V?tag=eloabder-20&linkCode=osi&th=1&psc=1">View Product</a></div><div class="product"><a href="https://www.amazon.com/dp/B07PQ9D3WP?tag=eloabder-20&linkCode=osi&th=1&psc=1"><img src="https://m.media-amazon.com/images/I/519WO4YN0lL._SL500_.jpg" alt="Product Image"></a><p>Kapka Assorted Variety Indian Meals - 5 Pack - Ready to Eat Authentic Vegan Prepared Food - Just Add Water - Microwaveable Plant-Based Snacks for Breakfast, Lunch, Non-GMO, No Additives - 3.5oz Each</p><p>$22.99 ($1.31 / Ounce)</p><a href="https://www.amazon.com/dp/B07PQ9D3WP?tag=eloabder-20&linkCode=osi&th=1&psc=1">View Product</a></div><div class="product"><a href="https://www.amazon.com/dp/B093TNJY8D?tag=eloabder-20&linkCode=osi&th=1&psc=1"><img src="https://m.media-amazon.com/images/I/51imOXudzIL._SL500_.jpg" alt="Product Image"></a><p>TASTY BITE Mexican Protein Bowl, 8.8 Ounce, Pack of 6, Ready to Eat, Microwaveable, Vegan, 12g Plant Protein, Tangy Citrus</p><p>$21.96 ($0.42 / Ounce)</p><a href="https://www.amazon.com/dp/B093TNJY8D?tag=eloabder-20&linkCode=osi&th=1&psc=1">View Product</a></div><div class="product"><a href="https://www.amazon.com/dp/B0B23VJWWN?tag=eloabder-20&linkCode=osi&th=1&psc=1"><img src="https://m.media-amazon.com/images/I/519YN5vy+eL._SL500_.jpg" alt="Product Image"></a><p>Casa Verde | Variety flavours, 100% Natural food, Pack of 4, Real taste | 100% vegan & Non-GMO, Plant based, No preservatives</p><p>$26.99 ($0.77 / Ounce)</p><a href="https://www.amazon.com/dp/B0B23VJWWN?tag=eloabder-20&linkCode=osi&th=1&psc=1">View Product</a></div><div class="product"><a href="https://www.amazon.com/dp/B071JLJ9Q8?tag=eloabder-20&linkCode=osi&th=1&psc=1"><img src="https://m.media-amazon.com/images/I/51iqkJ5JbAL._SL500_.jpg" alt="Product Image"></a><p>Vegan Snacks Gift Basket for Adults Healthy Food Treats Variety Pack with Cookies, Protein Bars, Candy, Crispy Chips, Vegan Jerky, Fruit and Nut Blends - Ideal Vegan Snack Box Gift for Women & Men</p><p>$42.99 ($2.15 / Count)</p><a href="https://www.amazon.com/dp/B071JLJ9Q8?tag=eloabder-20&linkCode=osi&th=1&psc=1">View Product</a></div><div class="product"><a href="https://www.amazon.com/dp/B086PDWSNC?tag=eloabder-20&linkCode=osi&th=1&psc=1"><img src="https://m.media-amazon.com/images/I/51WO5dIKDjL._SL500_.jpg" alt="Product Image"></a><p>Kitchen & Love Best Sellers Variety Box 6-Pack | Vegan, Ready-to-Eat, No Refrigeration Required | Plant-Based, Gourmet Flavors</p><p>$27.99 ($0.59 / Ounce)</p><a href="https://www.amazon.com/dp/B086PDWSNC?tag=eloabder-20&linkCode=osi&th=1&psc=1">View Product</a></div><div class="product"><a href="https://www.amazon.com/dp/B08QG3CRNP?tag=eloabder-20&linkCode=osi&th=1&psc=1"><img src="https://m.media-amazon.com/images/I/617B3UIbxHL._SL500_.jpg" alt="Product Image"></a><p>Best Foods Vegan Dressing and Spread Vegan 1 ct for a Rich, Creamy Plant-Based Alternative to Mayo Same Great Taste, Plant Based, Free From Eggs 11.5 oz</p><p>$5.59 ($0.49 / Fl Oz)</p><a href="https://www.amazon.com/dp/B08QG3CRNP?tag=eloabder-20&linkCode=osi&th=1&psc=1">View Product</a></div><div class="product"><a href="https://www.amazon.com/dp/B09874VXSX?tag=eloabder-20&linkCode=osi&th=1&psc=1"><img src="https://m.media-amazon.com/images/I/51dRBp+9AzS._SL500_.jpg" alt="Product Image"></a><p>VEGAN VALLEY Cashew Nacho Cheeze Sauce, 14.5 oz - Shelf Stable, Tangy Vegan Nacho Cheeze -Certified Gluten-Free, Kosher, Dairy Free Cheeze -Non-GMO Plant-Based Cheeze Great As Vegan Pasta Sauce, Dip</p><p>$12.97 ($0.89 / Ounce)</p><a href="https://www.amazon.com/dp/B09874VXSX?tag=eloabder-20&linkCode=osi&th=1&psc=1">View Product</a></div><div class="product"><a href="https://www.amazon.com/dp/B076XR11WH?tag=eloabder-20&linkCode=osi&th=1&psc=1"><img src="https://m.media-amazon.com/images/I/41cpFCG2iiL._SL500_.jpg" alt="Product Image"></a><p>NOOCH IT! Fair Trade Dairy-Free Cashew Grated Cheeze | Vegan Parmesan ● Tasty Cheese Alternative | 4oz (Vegan "Parm", Gluten-Free)</p><p>$10.99 ($2.75 / Ounce)</p><a href="https://www.amazon.com/dp/B076XR11WH?tag=eloabder-20&linkCode=osi&th=1&psc=1">View Product</a></div>
<div class="product"><a href="https://www.amazon.com/dp/B09GFBR6MW?tag=eloabder-20&linkCode=osi&th=1&psc=1"><img src="https://m.media-amazon.com/images/I/51Jn8cqk0AL._SL500_.jpg" alt="Product Image"></a><p>Keto Almond Flour Crackers Variety Pack - Gluten Free, Low Carb, No Sugar</p><p>$14.99 ($2.22 / Ounce)</p><a href="https://www.amazon.com/dp/B09GFBR6MW?tag=eloabder-20&linkCode=osi&th=1&psc=1">View Product</a></div><div class="product"><a href="https://www.amazon.com/dp/B07TYW7CQ8?tag=eloabder-20&linkCode=osi&th=1&psc=1"><img src="https://m.media-amazon.com/images/I/51HQ0o0qxrL._SL500_.jpg" alt="Product Image"></a><p>Tillamook Country Smoker Keto Friendly Zero Sugar Smoked Sausages, Original, 10 Ounce</p><p>$11.49 ($1.15 / Ounce)</p><a href="https://www.amazon.com/dp/B07TYW7CQ8?tag=eloabder-20&linkCode=osi&th=1&psc=1">View Product</a></div><div class="product"><a href="https://www.amazon.com/dp/B09VXNV7ZZ?tag=eloabder-20&linkCode=osi&th=1&psc=1"><img src="https://m.media-amazon.com/images/I/51GQQjKLByL._SL500_.jpg" alt="Product Image"></a><p>Keto Strawberry Jam, No Sugar Added - Monk Fruit Sweetened, Gluten Free Spread from ChocZero, 12 oz</p><p>$9.99 ($0.83 / Ounce)</p><a href="https://www.amazon.com/dp/B09VXNV7ZZ?tag=eloabder-20&linkCode=osi&th=1&psc=1">View Product</a></div><div class="product"><a href="https://www.amazon.com/dp/B09GJ1RDS8?tag=eloabder-20&linkCode=osi&th=1&psc=1"><img src="https://m.media-amazon.com/images/I/61fQrPm63ML._SL500_.jpg" alt="Product Image"></a><p>Ratio Soft Baked Bars, Chocolate Brownie, 1g Sugar, Keto Friendly, 5.34 OZ (6 Bars)</p><p>$7.43 ($1.39 / Ounce)</p><a href="https://www.amazon.com/dp/B09GJ1RDS8?tag=eloabder-20&linkCode=osi&th=1&psc=1">View Product</a></div><div class="product"><a href="https://www.amazon.com/dp/B08ZS5VQ4P?tag=eloabder-20&linkCode=osi&th=1&psc=1"><img src="https://m.media-amazon.com/images/I/41bWBXP6BWL._SL500_.jpg" alt="Product Image"></a><p>Legendary Foods 20 gr Protein Pastry - Low Carb Tasty Protein Bar Alternative, Keto Friendly, No Sugar Added High Protein Breakfast Snacks, Gluten Free Keto Food - Brown Sugar Cinnamon (8-Pack)</p><p>$24.95 ($1.42 / Ounce)</p><a href="https://www.amazon.com/dp/B08ZS5VQ4P?tag=eloabder-20&linkCode=osi&th=1&psc=1">View Product</a></div><div class="product"><a href="https://www.amazon.com/dp/B08SHZGKD9?tag=eloabder-20&linkCode=osi&th=1&psc=1"><img src="https://m.media-amazon.com/images/I/51z4hGA4oGL._SL500_.jpg" alt="Product Image"></a><p>ChocZero Milk Chocolate Hazelnut Spread - Keto Friendly, No Sugar Added, Best Low Carb Dessert, Perfect Topping for Almond Flour Pancakes, Naturally Sweetened with Monk Fruit (1 jar, 12 oz)</p><p>$9.59 ($0.80 / Ounce)</p><a href="https://www.amazon.com/dp/B08SHZGKD9?tag=eloabder-20&linkCode=osi&th=1&psc=1">View Product</a></div><div class="product"><a href="https://www.amazon.com/dp/B078YD277Z?tag=eloabder-20&linkCode=osi&th=1&psc=1"><img src="https://m.media-amazon.com/images/I/413KVQlVNYL._SL500_.jpg" alt="Product Image"></a><p>Twin Peaks Low Carb, Keto Friendly Protein Puffs, Nacho Cheese (300g, 21g Protein, 2g Carbs)</p><p>$26.98 ($2.55 / Ounce)</p><a href="https://www.amazon.com/dp/B078YD277Z?tag=eloabder-20&linkCode=osi&th=1&psc=1">View Product</a></div><div class="product"><a href="https://www.amazon.com/dp/B09HYCR8H8?tag=eloabder-20&linkCode=osi&th=1&psc=1"><img src="https://m.media-amazon.com/images/I/51-9H1RUjjL._SL500_.jpg" alt="Product Image"></a><p>Ratio Coconut Almond Granola Cereal, 1g Sugar, Keto Friendly, 8 OZ Resealable Cereal Bag</p><p>$6.98 ($0.87 / Ounce)</p><a href="https://www.amazon.com/dp/B09HYCR8H8?tag=eloabder-20&linkCode=osi&th=1&psc=1">View Product</a></div><div class="product"><a href="https://www.amazon.com/dp/B09L78DG1T?tag=eloabder-20&linkCode=osi&th=1&psc=1"><img src="https://m.media-amazon.com/images/I/41zLTQtCMFL._SL500_.jpg" alt="Product Image"></a><p>Keto Biscuit Zero Carb Mix - Keto and Gluten Free Biscuit Baking Mix - 0g Net Carbs Per Biscuit - Sweetened with Allulose - No Erythritol, Easy to Bake - No Sugar Alcohols - No Nut Flours - Makes 12 Biscuits (23g Mix)</p><p>$12.99 ($1.33 / Ounce)</p><a href="https://www.amazon.com/dp/B09L78DG1T?tag=eloabder-20&linkCode=osi&th=1&psc=1">View Product</a></div>
<div class="product"><a href="https://www.amazon.com/dp/B07D3NS8NW?tag=eloabder-20&linkCode=osi&th=1&psc=1"><img src="https://m.media-amazon.com/images/I/5119qXbMHbL._SL500_.jpg" alt="Product Image"></a><p>Chomps Grass-Fed and Finished Original Beef Jerky Snack Sticks 10-Pack - Keto, Paleo, Whole30, 10g Lean Meat Protein, Gluten-Free, Zero Sugar Food, Non-GMO</p><p>$23.99 ($2.09 / Ounce)</p><a href="https://www.amazon.com/dp/B07D3NS8NW?tag=eloabder-20&linkCode=osi&th=1&psc=1">View Product</a></div><div class="product"><a href="https://www.amazon.com/dp/B01MD0T6G0?tag=eloabder-20&linkCode=osi&th=1&psc=1"><img src="https://m.media-amazon.com/images/I/410g9hhT61L._SL500_.jpg" alt="Product Image"></a><p>Paleo Powder Autoimmune Protocol All Purpose Seasoning | The Original Paleo Aip Seasoning Great for All Paleo Diets | Certified Keto Food, Paleo Whole 30, Aip Food, Gluten Free Seasoning</p><p>$10.99 ($2.75 / Ounce)</p><a href="https://www.amazon.com/dp/B01MD0T6G0?tag=eloabder-20&linkCode=osi&th=1&psc=1">View Product</a></div><div class="product"><a href="https://www.amazon.com/dp/B0844YJVX3?tag=eloabder-20&linkCode=osi&th=1&psc=1"><img src="https://m.media-amazon.com/images/I/51ejTPkppoL._SL500_.jpg" alt="Product Image"></a><p>Kevin's Natural Foods Paleo Simmer Sauce Variety Pack - Stir-Fry Sauce, Gluten Free, No Preservatives, Non-GMO - 3 Pack (Teriyaki/Thai Coconut/Korean BBQ)</p><p>$15.00 ($0.71 / Ounce)</p><a href="https://www.amazon.com/dp/B0844YJVX3?tag=eloabder-20&linkCode=osi&th=1&psc=1">View Product</a></div><div class="product"><a href="https://www.amazon.com/dp/B097CGVXGZ?tag=eloabder-20&linkCode=osi&th=1&psc=1"><img src="https://m.media-amazon.com/images/I/51q6lfDMpKL._SL500_.jpg" alt="Product Image"></a><p>Thunderbird Real Food Bars - Gluten Free, Paleo, Vegan Snack Food Bar Variety Pack - 102 Ounce</p><p>$18.99 ($1.86 / Ounce)</p><a href="https://www.amazon.com/dp/B097CGVXGZ?tag=eloabder-20&linkCode=osi&th=1&psc=1">View Product</a></div><div class="product"><a href="https://www.amazon.com/dp/B07B6N46RZ?tag=eloabder-20&linkCode=osi&th=1&psc=1"><img src="https://m.media-amazon.com/images/I/51VZNI8wYuL._SL500_.jpg" alt="Product Image"></a><p>Caveman Foods Dark Chocolate Almond Coconut (12 Count Box) 1.4 Ounce, Nutrition Bar , NON GMO, GULTEN Free, Paleo Friendly Dark Coconut Dark Chocolate Coconut bars</p><p>$18.55 ($1.10 / Ounce)</p><a href="https://www.amazon.com/dp/B07B6N46RZ?tag=eloabder-20&linkCode=osi&th=1&psc=1">View Product</a></div><div class="product"><a href="https://www.amazon.com/dp/B07TBB5XBT?tag=eloabder-20&linkCode=osi&th=1&psc=1"><img src="https://m.media-amazon.com/images/I/41C-Kn4zXqL._SL500_.jpg" alt="Product Image"></a><p>Paleo AIP Seasoned Breading Mix | Cassava Root with AIP Seasoning Paleo Mix for all Paleo Diets | Certified Keto Food, Gluten Free, No MSG, No Additives, No Anti-Caking Agents, No Added Sugar.</p><p>$11.99 ($1.50 / Ounce)</p><a href="https://www.amazon.com/dp/B07TBB5XBT?tag=eloabder-20&linkCode=osi&th=1&psc=1">View Product</a></div><div class="product"><a href="https://www.amazon.com/dp/B01II47Y94?tag=eloabder-20&linkCode=osi&th=1&psc=1"><img src="https://m.media-amazon.com/images/I/51qQs0vK2+L._SL500_.jpg" alt="Product Image"></a><p>Bearded Brothers Organic Vegan Protein Energy Bars - Gluten & Soy Free Paleo | Non GMO, Low Glycemic, Plant Based Protein, High Fiber | 12pk Six Flavor Variety</p><p>$30.99 ($1.70 / Ounce)</p><a href="https://www.amazon.com/dp/B01II47Y94?tag=eloabder-20&linkCode=osi&th=1&psc=1">View Product</a></div><div class="product"><a href="https://www.amazon.com/dp/B081XYV62N?tag=eloabder-20&linkCode=osi&th=1&psc=1"><img src="https://m.media-amazon.com/images/I/61EH9U076rL._SL500_.jpg" alt="Product Image"></a><p>Paleo Snacks Variety Pack for Adult | Healthy Snack Box [25 Count] Holiday Gift Basket Gluten Free | Mix of Whole Foods, Protein Bars, Crackers, Chips, Puffs, Fruit & Nuts by Snack Attack</p><p>$51.99</p><a href="https://www.amazon.com/dp/B081XYV62N?tag=eloabder-20&linkCode=osi&th=1&psc=1">View Product</a></div><div class="product"><a href="https://www.amazon.com/dp/B07NXF79QB?tag=eloabder-20&linkCode=osi&th=1&psc=1"><img src="https://m.media-amazon.com/images/I/41+l-WTpxlL._SL500_.jpg" alt="Product Image"></a><p>BetterBody Foods Avocado Oil Mayonnaise, Non-GMO Mayo Spread Made with Cage-Free Eggs, Paleo (15 Ounces)</p><p>$7.98 ($0.53 / Fl Oz)</p><a href="https://www.amazon.com/dp/B07NXF79QB?tag=eloabder-20&linkCode=osi&th=1&psc=1">View Product</a></div>
<div class="product"><a href="https://www.amazon.com/dp/B08R6DZXYV?tag=eloabder-20&linkCode=osi&th=1&psc=1"><img src="https://m.media-amazon.com/images/I/514+AzE-ZdL._SL500_.jpg" alt="Product Image"></a><p>The Only Bean - Crunchy Roasted Edamame Beans (Sea Salt) - Keto Snacks (2g Net) - High Protein Healthy Snacks (14g Protein) - Low Carb & Calorie, Gluten-Free Snack, Vegan Food - 4 oz (3 Pack)</p><p>$13.97 ($1.16 / Ounce)</p><a href="https://www.amazon.com/dp/B08R6DZXYV?tag=eloabder-20&linkCode=osi&th=1&psc=1">View Product</a></div><div class="product"><a href="https://www.amazon.com/dp/B081K2H9MT?tag=eloabder-20&linkCode=osi&th=1&psc=1"><img src="https://m.media-amazon.com/images/I/51AY70sTn+L._SL500_.jpg" alt="Product Image"></a><p>Natural Heaven Hearts of Palm Pasta, Angel Hair Noodles - Low Carb Pasta, Gluten-Free, Paleo, Keto Pasta Noodles, Plant-Based Healthy Food, 9 Oz</p><p>$7.98 ($0.89 / Ounce)</p><a href="https://www.amazon.com/dp/B081K2H9MT?tag=eloabder-20&linkCode=osi&th=1&psc=1">View Product</a></div><div class="product"><a href="https://www.amazon.com/dp/B010LWGDMA?tag=eloabder-20&linkCode=osi&th=1&psc=1"><img src="https://m.media-amazon.com/images/I/51a0+d-4GQL._SL500_.jpg" alt="Product Image"></a><p>Atkins Endulge Caramel Nut Chew Bar, Dessert Favorite, 1g Sugar, Good Source of Fiber, Low Sugar, 10 Count</p><p>$12.49 ($1.04 / Ounce)</p><a href="https://www.amazon.com/dp/B010LWGDMA?tag=eloabder-20&linkCode=osi&th=1&psc=1">View Product</a></div><div class="product"><a href="https://www.amazon.com/dp/B092L4RYLD?tag=eloabder-20&linkCode=osi&th=1&psc=1"><img src="https://m.media-amazon.com/images/I/51OTsRP+TZL._SL500_.jpg" alt="Product Image"></a><p>Legendary Foods 20 gr Protein Pastry, Low Carb, Tasty Protein Bar Alternative, Keto Friendly, No Sugar Added, High Protein Breakfast Snacks, Gluten Free Keto Food - Hot Fudge (8-Pack)</p><p>$26.99 ($1.53 / Ounce)</p><a href="https://www.amazon.com/dp/B092L4RYLD?tag=eloabder-20&linkCode=osi&th=1&psc=1">View Product</a></div><div class="product"><a href="https://www.amazon.com/dp/B0B3YG1RSV?tag=eloabder-20&linkCode=osi&th=1&psc=1"><img src="https://m.media-amazon.com/images/I/419gDC2KO3L._SL500_.jpg" alt="Product Image"></a><p>King Arthur Baking Keto Pizza Crust Mix, 1g Net Carbs Per Serving, Low Carb & Keto Friendly, 10.25 oz</p><p>$5.49 ($0.54 / Ounce)</p><a href="https://www.amazon.com/dp/B0B3YG1RSV?tag=eloabder-20&linkCode=osi&th=1&psc=1">View Product</a></div><div class="product"><a href="https://www.amazon.com/dp/B0CJ5MXM5F?tag=eloabder-20&linkCode=osi&th=1&psc=1"><img src="https://m.media-amazon.com/images/I/51sa1DKliOL._SL500_.jpg" alt="Product Image"></a><p>BeyondTwistz Low Carb Pretzels, Garlic Butter, Keto Friendly, 2g Net Carbs, 18g Protein, Powered By HealthSense® High Fiber Wheat Flour, Family Size 8oz Bag, Pack of 1</p><p>$12.99 ($1.62 / Ounce)</p><a href="https://www.amazon.com/dp/B0CJ5MXM5F?tag=eloabder-20&linkCode=osi&th=1&psc=1">View Product</a></div><div class="product"><a href="https://www.amazon.com/dp/B0C95KJ8K6?tag=eloabder-20&linkCode=osi&th=1&psc=1"><img src="https://m.media-amazon.com/images/I/51mYAdV0dDL._SL500_.jpg" alt="Product Image"></a><p>Mr. Tortilla Low Carb Keto Soft Taco Shells, Vegan Healthy Snacks & Bread Alternative, 1 Net Carb 15 Calories Delicious Small Batch Kosher Wraps -(Multigrain, 12 Count)</p><p>$5.99 ($0.50 / Count)</p><a href="https://www.amazon.com/dp/B0C95KJ8K6?tag=eloabder-20&linkCode=osi&th=1&psc=1">View Product</a></div>
<div class="product"><a href="https://www.amazon.com/dp/B0B7S2CQ8L?tag=eloabder-20&linkCode=osi&th=1&psc=1"><img src="https://m.media-amazon.com/images/I/41MUr4yS1EL._SL500_.jpg" alt="Product Image"></a><p>Legendary Foods High Protein Snack - Chocolate Sweet Roll, 20 Gr Protein Bar Alternative, Low Carb Food, Low Sugar - Gluten Free Keto Breakfast Snacks, Healthy Chocolate Flavored Rolls (10-pack)</p><p>$33.99 ($1.44 / Ounce)</p><a href="https://www.amazon.com/dp/B0B7S2CQ8L?tag=eloabder-20&linkCode=osi&th=1&psc=1">View Product</a></div><div class="product"><a href="https://www.amazon.com/dp/B0B2N5GHMG?tag=eloabder-20&linkCode=osi&th=1&psc=1"><img src="https://m.media-amazon.com/images/I/61SWf5ZeiCL._SL500_.jpg" alt="Product Image"></a><p>The Only Bean Crunchy Roasted Edamame - Healthy Snacks for Adults and Kids (Variety Pack), Low Calorie & Carb Keto Snack Food, Vegan Gluten Free High Protein Snacks (11g), Office Snack, 0.9oz 24 pack</p><p>$28.97 ($1.34 / Ounce)</p><a href="https://www.amazon.com/dp/B0B2N5GHMG?tag=eloabder-20&linkCode=osi&th=1&psc=1">View Product</a></div><div class="product"><a href="https://www.amazon.com/dp/B0CZT2LPZJ?tag=eloabder-20&linkCode=osi&th=1&psc=1"><img src="https://m.media-amazon.com/images/I/41XWEdSgdDL._SL500_.jpg" alt="Product Image"></a><p>Crisp Power High Protein Pretzel Crisps - 6 Pack x 1.75 oz Crunchy & Flavorful Plant-Based Snack. No Sugar, 28g Protein Per Pack in 3 Savory Flavors, Vegan, Keto Friendly, Non-GMO, Kosher Non-Dairy (1.75 Ounce (Pack of 6), Everything)</p><p>$19.90 ($1.88 / Ounce)</p><a href="https://www.amazon.com/dp/B0CZT2LPZJ?tag=eloabder-20&linkCode=osi&th=1&psc=1">View Product</a></div><div class="product"><a href="https://www.amazon.com/dp/B09GLBLPYG?tag=eloabder-20&linkCode=osi&th=1&psc=1"><img src="https://m.media-amazon.com/images/I/51i+PQS9qVL._SL500_.jpg" alt="Product Image"></a><p>Quest Nutrition Tortilla Style Protein Chips Variety Pack, Chili Lime, Nacho Cheese, Loaded Taco, Low Carb, High Protein, Gluten Free, 1.1 oz (Pack of 12)</p><p>$29.99 ($2.27 / Ounce)</p><a href="https://www.amazon.com/dp/B09GLBLPYG?tag=eloabder-20&linkCode=osi&th=1&psc=1">View Product</a></div><div class="product"><a href="https://www.amazon.com/dp/B086CHT1TM?tag=eloabder-20&linkCode=osi&th=1&psc=1"><img src="https://m.media-amazon.com/images/I/519WyQYsN0L._SL500_.jpg" alt="Product Image"></a><p>Quest Nutrition Lemon Cake Protein Bars, High Protein, Low Carb, Gluten Free, Keto Friendly, 12 Count (Pack of 1)</p><p>$22.99 ($0.90 / Ounce)</p><a href="https://www.amazon.com/dp/B086CHT1TM?tag=eloabder-20&linkCode=osi&th=1&psc=1">View Product</a></div>
<div class="product"><a href="https://www.amazon.com/dp/B093CGRM2T?tag=eloabder-20&linkCode=osi&th=1&psc=1"><img src="https://m.media-amazon.com/images/I/41HZ8Kc174L._SL500_.jpg" alt="Product Image"></a><p>Farmers' Market Charcuterie Gift for Summer, Wisconsin Cheese, Hickory Smoked Meat, Shelf Stable, Gourmet Meat and Cheese Platter, Small Spicy</p><p>$29.99</p><a href="https://www.amazon.com/dp/B093CGRM2T?tag=eloabder-20&linkCode=osi&th=1&psc=1">View Product</a></div>



<div class="product"><a href="https://www.amazon.com/dp/B00JXLYK6M?tag=eloabder-20&linkCode=osi&th=1&psc=1"><img src="https://m.media-amazon.com/images/I/51W31ipLg4L._SL500_.jpg" alt="Product Image"></a><p>Gourmet World Flavors Seasoning Collection | Non GMO Verified | 6 Magnetic Tins | Spice Blends | Crafted in Small Batches by Gustus Vitae | #68</p><p>$34.99 ($4.17 / Ounce)</p><a href="https://www.amazon.com/dp/B00JXLYK6M?tag=eloabder-20&linkCode=osi&th=1&psc=1">View Product</a></div><div class="product"><a href="https://www.amazon.com/dp/B00IJG0HE6?tag=eloabder-20&linkCode=osi&th=1&psc=1"><img src="https://m.media-amazon.com/images/I/41y129UFElL._SL500_.jpg" alt="Product Image"></a><p>The Gourmet Collection Spice Blends Roasted Garlic, Rosemary & Sea Salt Blend - Rosemary Seasoning Salt for Cooking - Meat, Fish Vegetable Seasoning!</p><p>$11.99 ($1.60 / Ounce)</p><a href="https://www.amazon.com/dp/B00IJG0HE6?tag=eloabder-20&linkCode=osi&th=1&psc=1">View Product</a></div><div class="product"><a href="https://www.amazon.com/dp/B00KCX4K60?tag=eloabder-20&linkCode=osi&th=1&psc=1"><img src="https://m.media-amazon.com/images/I/41sh+9jTUxL._SL500_.jpg" alt="Product Image"></a><p>The Gourmet Collection Seasoning Blends Roast Vegetables & Fries Spice Blend Seasoning for Cooking Sweet Potatoes, Fries, Cauliflower Rice, Veggies!</p><p>$10.99 ($1.69 / Ounce)</p><a href="https://www.amazon.com/dp/B00KCX4K60?tag=eloabder-20&linkCode=osi&th=1&psc=1">View Product</a></div><div class="product"><a href="https://www.amazon.com/dp/B00VDEMF0K?tag=eloabder-20&linkCode=osi&th=1&psc=1"><img src="https://m.media-amazon.com/images/I/41XyWLhhYfL._SL500_.jpg" alt="Product Image"></a><p>""" Evaluation result 7.33 of 10 Roll over image to zoom in The Gourmet Collection Seasoning Blend, Smoked Paprika, Garlic, Chili & Chives Spice Blend-Salt Free Seasonings for Cooking Chicken, Beef, Pork, Fish."""</p><p>$10.99 ($2.34 / Ounce)</p><a href="https://www.amazon.com/dp/B00VDEMF0K?tag=eloabder-20&linkCode=osi&th=1&psc=1">View Product</a></div><div class="product"><a href="https://www.amazon.com/dp/B00JLJ1V0E?tag=eloabder-20&linkCode=osi&th=1&psc=1"><img src="https://m.media-amazon.com/images/I/41An1fGpEvL._SL500_.jpg" alt="Product Image"></a><p>The Gourmet Collection Spice Blends Roasted Garlic and Red Bell Pepper Blend - Garlic Powder Seasoning for Cooking - Salt Free - Seafood, Meat, Eggs.</p><p>$12.92 ($2.64 / Ounce)</p><a href="https://www.amazon.com/dp/B00JLJ1V0E?tag=eloabder-20&linkCode=osi&th=1&psc=1">View Product</a></div><div class="product"><a href="https://www.amazon.com/dp/B00T17KM7O?tag=eloabder-20&linkCode=osi&th=1&psc=1"><img src="https://m.media-amazon.com/images/I/41bAsjcnzKL._SL500_.jpg" alt="Product Image"></a><p>The Gourmet Collection Spice & Seasoning Blend Oregano Basil & Tomato Spice Blend Greek, Mediterranean, Italian Herb Seasoning Salt Free 156 Servings.</p><p>$11.58 ($5.03 / Ounce)</p><a href="https://www.amazon.com/dp/B00T17KM7O?tag=eloabder-20&linkCode=osi&th=1&psc=1">View Product</a></div><div class="product"><a href="https://www.amazon.com/dp/B00JCJQUDG?tag=eloabder-20&linkCode=osi&th=1&psc=1"><img src="https://m.media-amazon.com/images/I/41TxNYi-JsL._SL500_.jpg" alt="Product Image"></a><p>The Gourmet Collection Spice Blends, Fishermans Seafood Spectacular Seasoning for Crab Meat, Salmon, Crab Boil, Fish Fry. Shrimp, Mussels and Rice.</p><p>$12.58 ($2.57 / Ounce)</p><a href="https://www.amazon.com/dp/B00JCJQUDG?tag=eloabder-20&linkCode=osi&th=1&psc=1">View Product</a></div>

Aucun résultat trouvé.
<div class="product"><a href="https://www.amazon.com/dp/B07BQXJ123?tag=eloabder-20&linkCode=osi&th=1&psc=1"><img src="https://m.media-amazon.com/images/I/41h4IsgjbZL._SL500_.jpg" alt="Product Image"></a><p>Squirrel Brand Sweet Brown Butter Cashews, 3.5 Ounces Resealable Bag, Gluten Free, Vegetarian</p><p>$2.74 ($0.78 / Fl Oz)</p><a href="https://www.amazon.com/dp/B07BQXJ123?tag=eloabder-20&linkCode=osi&th=1&psc=1">View Product</a></div><div class="product"><a href="https://www.amazon.com/dp/B003P02EGU?tag=eloabder-20&linkCode=osi&th=1&psc=1"><img src="https://m.media-amazon.com/images/I/51aUMBXF71L._SL500_.jpg" alt="Product Image"></a><p>Sparkling Ice, Black Raspberry Sparkling Water, Zero Sugar Flavored Water, with Vitamins and Antioxidants, Low Calorie Beverage, 17 fl oz Bottles (Pack of 12)</p><p>$9.98 ($0.05 / Fl Oz)</p><a href="https://www.amazon.com/dp/B003P02EGU?tag=eloabder-20&linkCode=osi&th=1&psc=1">View Product</a></div><div class="product"><a href="https://www.amazon.com/dp/B0C6RG22VN?tag=eloabder-20&linkCode=osi&th=1&psc=1"><img src="https://m.media-amazon.com/images/I/31fjAuuWWNL._SL500_.jpg" alt="Product Image"></a><p>Bauducco Vanilla Wafers - Crispy Wafer Cookies With 3 Delicious, Indulgent, Decadent Layers of Vanilla Flavored Cream - Delicious Sweet Snack or Desert - 5.0 oz (Pack of 1)</p><p>$1.59 ($0.32 / Ounce)</p><a href="https://www.amazon.com/dp/B0C6RG22VN?tag=eloabder-20&linkCode=osi&th=1&psc=1">View Product</a></div><div class="product"><a href="https://www.amazon.com/dp/B09W5ZVDD2?tag=eloabder-20&linkCode=osi&th=1&psc=1"><img src="https://m.media-amazon.com/images/I/41SSfHVmdrL._SL500_.jpg" alt="Product Image"></a><p>Cinnamon Toast Crunch Creamy Cinnamon Spread, 10 Ounce</p><p>$2.48 ($0.25 / Ounce)</p><a href="https://www.amazon.com/dp/B09W5ZVDD2?tag=eloabder-20&linkCode=osi&th=1&psc=1">View Product</a></div><div class="product"><a href="https://www.amazon.com/dp/B00L2MWLMK?tag=eloabder-20&linkCode=osi&th=1&psc=1"><img src="https://m.media-amazon.com/images/I/51dBawJ2u9L._SL500_.jpg" alt="Product Image"></a><p>Duncan Hines Dark Chocolate Fudge Brownie Mix, 18.2 OZ</p><p>$1.54 ($0.08 / Ounce)</p><a href="https://www.amazon.com/dp/B00L2MWLMK?tag=eloabder-20&linkCode=osi&th=1&psc=1">View Product</a></div><div class="product"><a href="https://www.amazon.com/dp/B004M15U12?tag=eloabder-20&linkCode=osi&th=1&psc=1"><img src="https://m.media-amazon.com/images/I/51WF3t7pADL._SL500_.jpg" alt="Product Image"></a><p>PLANTERS Deluxe Salted Whole Cashews, Party Snacks, Plant-Based Protein, Quick Snack for Adults, After School Snack, Roasted Cashew Flavored with Sea Salt, Bulk Nuts, Kosher, 1 lb 2.25oz Canister</p><p>$9.98 ($0.55 / Ounce)</p><a href="https://www.amazon.com/dp/B004M15U12?tag=eloabder-20&linkCode=osi&th=1&psc=1">View Product</a></div><div class="product"><a href="https://www.amazon.com/dp/B078J62RYJ?tag=eloabder-20&linkCode=osi&th=1&psc=1"><img src="https://m.media-amazon.com/images/I/51AXLNUF66L._SL500_.jpg" alt="Product Image"></a><p>PLANTERS Deluxe Mixed Nuts, Cashews, Almonds, Pecans, Pistachios, Hazelnuts, Roasted with Sea Salt, Party Snacks, Plant-Based Protein, Quick Snack for Adults, After School Snack, 27oz Container</p><p>$17.51 ($0.65 / Ounce)</p><a href="https://www.amazon.com/dp/B078J62RYJ?tag=eloabder-20&linkCode=osi&th=1&psc=1">View Product</a></div><div class="product"><a href="https://www.amazon.com/dp/B0BSB1D65T?tag=eloabder-20&linkCode=osi&th=1&psc=1"><img src="https://m.media-amazon.com/images/I/51u9sSRdlIL._SL500_.jpg" alt="Product Image"></a><p>PLANTERS Cashews Cinnamon & Brown Sugar, Party Snacks, 5 Oz Bag</p><p>$3.50 ($0.70 / Ounce)</p><a href="https://www.amazon.com/dp/B0BSB1D65T?tag=eloabder-20&linkCode=osi&th=1&psc=1">View Product</a></div><div class="product"><a href="https://www.amazon.com/dp/B0BN4LZ5P3?tag=eloabder-20&linkCode=osi&th=1&psc=1"><img src="https://m.media-amazon.com/images/I/51OLBHQEeSL._SL500_.jpg" alt="Product Image"></a><p>Planters Dry Roasted Bold & Savory Peanuts, Party Snacks, Plant-Based Protein, 16 Oz Jar</p><p>$2.98 ($0.19 / Ounce)</p><a href="https://www.amazon.com/dp/B0BN4LZ5P3?tag=eloabder-20&linkCode=osi&th=1&psc=1">View Product</a></div>

<div class="product"><a href="https://www.amazon.com/dp/B0CJQJYYVQ?tag=eloabder-20&linkCode=osi&th=1&psc=1"><img src="https://m.media-amazon.com/images/I/51mbf3FOrUL._SL500_.jpg" alt="Product Image"></a><p>Dried Fruit and Nuts Gift Baskets, 9 Healthy Varieties of Nuts & Dried Fruit Gifts, Gourmet Prime Candy Basket Delivery, Family Edible Food Ideas for All, Anniversary, Birthday, Care Package, Corporate Gifts</p><p>$24.99 ($24.99 / Count)</p><a href="https://www.amazon.com/dp/B0CJQJYYVQ?tag=eloabder-20&linkCode=osi&th=1&psc=1">View Product</a></div><div class="product"><a href="https://www.amazon.com/dp/B0BRYN42RF?tag=eloabder-20&linkCode=osi&th=1&psc=1"><img src="https://m.media-amazon.com/images/I/61sztsxabsL._SL500_.jpg" alt="Product Image"></a><p>Dried Fruit & Nuts Gift Basket Arrangement Platter, Gourmet Food Snack Box, For Fathers Day, Birthday Care Package, Healthy Kosher - Her Him - 12 Snackberry Assortment (Single)</p><p>$24.99 ($1.03 / Ounce)</p><a href="https://www.amazon.com/dp/B0BRYN42RF?tag=eloabder-20&linkCode=osi&th=1&psc=1">View Product</a></div><div class="product"><a href="https://www.amazon.com/dp/B0CZ4H5N2S?tag=eloabder-20&linkCode=osi&th=1&psc=1"><img src="https://m.media-amazon.com/images/I/51NLO50v2cL._SL500_.jpg" alt="Product Image"></a><p>Variety Dried Fuit Gift Basket, Fathers Day Gift Basket, Gift Box for Birthday. Anniversary, Get Well Gift, Gift for Him, Her and Family, Snackberry (1 Pack)</p><p>$9.99 ($0.62 / Ounce)</p><a href="https://www.amazon.com/dp/B0CZ4H5N2S?tag=eloabder-20&linkCode=osi&th=1&psc=1">View Product</a></div><div class="product"><a href="https://www.amazon.com/dp/B09HW1C373?tag=eloabder-20&linkCode=osi&th=1&psc=1"><img src="https://m.media-amazon.com/images/I/418cDyDC0eL._SL500_.jpg" alt="Product Image"></a><p>Farm Fresh Assorted Nuts Gift Basket - Artfully Arranged Gourmet Nuts and Dried Fruit Collection - Prime Arrangement Platter - Makes a Delicious, Healthy Gift Basket For Holidays, Parties, Corporate Gifts, and More</p><p>$12.99 ($12.99 / Count)</p><a href="https://www.amazon.com/dp/B09HW1C373?tag=eloabder-20&linkCode=osi&th=1&psc=1">View Product</a></div><div class="product"><a href="https://www.amazon.com/dp/B0CRD2MWB9?tag=eloabder-20&linkCode=osi&th=1&psc=1"><img src="https://m.media-amazon.com/images/I/51tT9Jj4hKL._SL500_.jpg" alt="Product Image"></a><p>Happy Birthday Dried Fruit & Nuts Gift Basket Arrangement Platter, Gourmet Food Snack Box, Birthday Care Package, Healthy Kosher, Her Him (9 Assortments)</p><p>$19.99 ($19.99 / Count)</p><a href="https://www.amazon.com/dp/B0CRD2MWB9?tag=eloabder-20&linkCode=osi&th=1&psc=1">View Product</a></div><div class="product"><a href="https://www.amazon.com/dp/B0CHCJK5GN?tag=eloabder-20&linkCode=osi&th=1&psc=1"><img src="https://m.media-amazon.com/images/I/61dpK7BoYbL._SL500_.jpg" alt="Product Image"></a><p>Broadway Basketeers Deluxe Thank You Dried Fruit And Nuts Gift Basket - A Premium Healthy Appreciation Gift - Corporate, Family & Friends</p><p>$32.06</p><a href="https://www.amazon.com/dp/B0CHCJK5GN?tag=eloabder-20&linkCode=osi&th=1&psc=1">View Product</a></div>
<div class="product"><a href="https://www.amazon.com/dp/B078SZHZ82?tag=eloabder-20&linkCode=osi&th=1&psc=1"><img src="https://m.media-amazon.com/images/I/51S82IO04jL._SL500_.jpg" alt="Product Image"></a><p>DEL MONTE FRESH CUT BLUE LAKE Cut Green Beans Canned Vegetables,14.5 Ounce (Pack of 12)</p><p>$12.99 ($0.07 / Ounce)</p><a href="https://www.amazon.com/dp/B078SZHZ82?tag=eloabder-20&linkCode=osi&th=1&psc=1">View Product</a></div>
<div class="product"><a href="https://www.amazon.com/dp/B0C94YG17L?tag=eloabder-20&linkCode=osi&th=1&psc=1"><img src="https://m.media-amazon.com/images/I/51VfC5jp4OL._SL500_.jpg" alt="Product Image"></a><p>Hickory Farms Farmhouse Sausage & Cheese Medium Gift Box | Gourmet Food Basket | Charcuterie | Father's Day Gift | Perfect For Family, Birthday, Sympathy, Congratulations, Retirement, Thinking of You, Father's Day Gift</p><p>$34.99 ($34.99 / Count)</p><a href="https://www.amazon.com/dp/B0C94YG17L?tag=eloabder-20&linkCode=osi&th=1&psc=1">View Product</a></div><div class="product"><a href="https://www.amazon.com/dp/B00K35V3F8?tag=eloabder-20&linkCode=osi&th=1&psc=1"><img src="https://m.media-amazon.com/images/I/41bd0TKnKfL._SL500_.jpg" alt="Product Image"></a><p>Farmers' Market Charcuterie Gift for Summer, Wisconsin Cheese, Hickory Smoked Meat, Shelf Stable, Gourmet Meat and Cheese Platter, Large Original</p><p>$39.99</p><a href="https://www.amazon.com/dp/B00K35V3F8?tag=eloabder-20&linkCode=osi&th=1&psc=1">View Product</a></div><div class="product"><a href="https://www.amazon.com/dp/B0994V3KXV?tag=eloabder-20&linkCode=osi&th=1&psc=1"><img src="https://m.media-amazon.com/images/I/61Zr7E45qvL._SL500_.jpg" alt="Product Image"></a><p>Wisconsin Cheese Company - Specialty 100% Wisconsin Cheese Block Assortment 4 oz. (Pack of 7 Blocks) Cheddar, Pepper Jack, Swiss, Gouda, Cheddar Salami, Smoked Cheddar & Tomato Basil Cheese - Cheese Sampler Gift Set</p><p>$39.99 ($1.43 / Ounce)</p><a href="https://www.amazon.com/dp/B0994V3KXV?tag=eloabder-20&linkCode=osi&th=1&psc=1">View Product</a></div><div class="product"><a href="https://www.amazon.com/dp/B009Y7I2F0?tag=eloabder-20&linkCode=osi&th=1&psc=1"><img src="https://m.media-amazon.com/images/I/41VgrnxieeL._SL500_.jpg" alt="Product Image"></a><p>Wisconsin Cheese Company - 100% Wisconsin Cheddar & Pepper Jack Cheese and Cracker Gift Basket. Large Gourmet Gift Box Assortment. Great for Charcuterie Boards & Gifts.</p><p>$29.99 ($2.11 / Ounce)</p><a href="https://www.amazon.com/dp/B009Y7I2F0?tag=eloabder-20&linkCode=osi&th=1&psc=1">View Product</a></div><div class="product"><a href="https://www.amazon.com/dp/B00FY43IJ2?tag=eloabder-20&linkCode=osi&th=1&psc=1"><img src="https://m.media-amazon.com/images/I/41QN9RXV4RL._SL500_.jpg" alt="Product Image"></a><p>California Delicious Gourmet Cheeseboard Gift, 8 piece set</p><p>$47.98 ($6.00 / Count)</p><a href="https://www.amazon.com/dp/B00FY43IJ2?tag=eloabder-20&linkCode=osi&th=1&psc=1">View Product</a></div><div class="product"><a href="https://www.amazon.com/dp/B0CRM55TF8?tag=eloabder-20&linkCode=osi&th=1&psc=1"><img src="https://m.media-amazon.com/images/I/51Vz3kt14-L._SL500_.jpg" alt="Product Image"></a><p>Farmers' Market Cheese Block Assortment 7oz 6-Pack, Shelf Stable, Pasteurized, Locally Sourced Wisconsin Cheese (Assortment, 6 Count)</p><p>$29.99 ($0.71 / Ounce)</p><a href="https://www.amazon.com/dp/B0CRM55TF8?tag=eloabder-20&linkCode=osi&th=1&psc=1">View Product</a></div>
<div class="product"><a href="https://www.amazon.com/dp/B006GXQHKW?tag=eloabder-20&linkCode=osi&th=1&psc=1"><img src="https://m.media-amazon.com/images/I/41gffgWPG4L._SL500_.jpg" alt="Product Image"></a><p>Old Wisconsin Premium Summer Sausage, 100% Natural Meat, Charcuterie, Ready to Eat, High Protein, Low Carb, Keto, Gluten Free, Original Flavor, 8 Ounce</p><p>$6.09 ($0.76 / Count)</p><a href="https://www.amazon.com/dp/B006GXQHKW?tag=eloabder-20&linkCode=osi&th=1&psc=1">View Product</a></div><div class="product"><a href="https://www.amazon.com/dp/B07PNM9SNJ?tag=eloabder-20&linkCode=osi&th=1&psc=1"><img src="https://m.media-amazon.com/images/I/51XUGii8qrL._SL500_.jpg" alt="Product Image"></a><p>Meat Shredz - Premium Dried Pulled Pork (Variety, 6 Pack) | Gluten Free | High Protein & Low Sugar | Bacon Bits | Dehydrated Backpacking & Camping Food | Shredded, Dried Jerky Chew Snack</p><p>$42.95 ($52.06 / lb)</p><a href="https://www.amazon.com/dp/B07PNM9SNJ?tag=eloabder-20&linkCode=osi&th=1&psc=1">View Product</a></div><div class="product"><a href="https://www.amazon.com/dp/B0CVQWPGC5?tag=eloabder-20&linkCode=osi&th=1&psc=1"><img src="https://m.media-amazon.com/images/I/41M9k0m4dOL._SL500_.jpg" alt="Product Image"></a><p>Olympic Delights Premium Meats and Cheese Gift Box by Dan the Sausageman featuring Summer Sausage, Stuffed Olives, Crackers and Mustard</p><p>$68.95</p><a href="https://www.amazon.com/dp/B0CVQWPGC5?tag=eloabder-20&linkCode=osi&th=1&psc=1">View Product</a></div><div class="product"><a href="https://www.amazon.com/dp/B000FIUQAQ?tag=eloabder-20&linkCode=osi&th=1&psc=1"><img src="https://m.media-amazon.com/images/I/51-jFNA-ZgL._SL500_.jpg" alt="Product Image"></a><p>Hormel Premium No Salt Added Canned Chunk Chicken Breast in Water, 5 Ounce (Pack of 12)</p><p>$25.44 ($0.42 / Ounce)</p><a href="https://www.amazon.com/dp/B000FIUQAQ?tag=eloabder-20&linkCode=osi&th=1&psc=1">View Product</a></div><div class="product"><a href="https://www.amazon.com/dp/B07Y936YWY?tag=eloabder-20&linkCode=osi&th=1&psc=1"><img src="https://m.media-amazon.com/images/I/51cpUvuRIzL._SL500_.jpg" alt="Product Image"></a><p>Jack Link's Beef Jerky, Sweet & Hot, ½ Pounder Bag - Flavorful Meat Snack, 9g of Protein and 80 Calories, Made with Premium Beef - 96 Percent Fat Free, No Added MSG or Nitrates/Nitrites</p><p>$9.99 ($1.25 / Ounce)</p><a href="https://www.amazon.com/dp/B07Y936YWY?tag=eloabder-20&linkCode=osi&th=1&psc=1">View Product</a></div><div class="product"><a href="https://www.amazon.com/dp/B000FK7G20?tag=eloabder-20&linkCode=osi&th=1&psc=1"><img src="https://m.media-amazon.com/images/I/414A4Q9AvAL._SL500_.jpg" alt="Product Image"></a><p>Swanson White and Dark Premium Chunk Canned Chicken Breast in Water, Fully Cooked Chicken, 9.75 OZ Can (Case of 12)</p><p>$35.76 ($0.31 / Ounce)</p><a href="https://www.amazon.com/dp/B000FK7G20?tag=eloabder-20&linkCode=osi&th=1&psc=1">View Product</a></div>
<div class="product"><a href="https://www.amazon.com/dp/B072126PMY?tag=eloabder-20&linkCode=osi&th=1&psc=1"><img src="https://m.media-amazon.com/images/I/51nw4J9x8YL._SL500_.jpg" alt="Product Image"></a><p>Simple Mills Almond Flour Baking Mix, Artisan Bread Mix - Gluten Free, Plant Based, Paleo Friendly, 10.4 Ounce (Pack of 3)</p><p>$23.97 ($0.77 / Ounce)</p><a href="https://www.amazon.com/dp/B072126PMY?tag=eloabder-20&linkCode=osi&th=1&psc=1">View Product</a></div><div class="product"><a href="https://www.amazon.com/dp/B081VPXGJS?tag=eloabder-20&linkCode=osi&th=1&psc=1"><img src="https://m.media-amazon.com/images/I/51j0-+rAaZL._SL500_.jpg" alt="Product Image"></a><p>Essential Baking Company Organic Artisan Sourdough Bread, 18.2 Ounce (Pack of 3)</p><p>$28.65 ($0.52 / Ounce)</p><a href="https://www.amazon.com/dp/B081VPXGJS?tag=eloabder-20&linkCode=osi&th=1&psc=1">View Product</a></div><div class="product"><a href="https://www.amazon.com/dp/B08HSPX7LM?tag=eloabder-20&linkCode=osi&th=1&psc=1"><img src="https://m.media-amazon.com/images/I/41RUhxZCnNL._SL500_.jpg" alt="Product Image"></a><p>Giusto's Vita-Grain All-Natural Artisan Malted Unbleached Bread Flour, 5lb Bag</p><p>$10.95 ($0.14 / Ounce)</p><a href="https://www.amazon.com/dp/B08HSPX7LM?tag=eloabder-20&linkCode=osi&th=1&psc=1">View Product</a></div>
<div class="product"><a href="https://www.amazon.com/dp/B001DDD4DS?tag=eloabder-20&linkCode=osi&th=1&psc=1"><img src="https://m.media-amazon.com/images/I/51osI10x5HL._SL500_.jpg" alt="Product Image"></a><p>Mantova Flavored Extra Virgin Olive Oil Variety Pack: Garlic, Basil, Chili, Lemon Organic Extra Virgin Olive Oil, 8.5-Ounce Per Bottle (Pack of 4) Great Gift Item</p><p>$36.99 ($1.09 / Fl Oz)</p><a href="https://www.amazon.com/dp/B001DDD4DS?tag=eloabder-20&linkCode=osi&th=1&psc=1">View Product</a></div><div class="product"><a href="https://www.amazon.com/dp/B001DDD4E2?tag=eloabder-20&linkCode=osi&th=1&psc=1"><img src="https://m.media-amazon.com/images/I/51cFWLj1kiL._SL500_.jpg" alt="Product Image"></a><p>Mantova Grand’Aroma Flavored Extra Virgin Olive Oils, Variety Gift Set, made in Italy, cold-pressed, 100% natural, heart-healthy, for grilling, barbequing, smoking, and cooking, 8.5 oz (Pack of 4)</p><p>$39.99 ($1.18 / Fl Oz)</p><a href="https://www.amazon.com/dp/B001DDD4E2?tag=eloabder-20&linkCode=osi&th=1&psc=1">View Product</a></div><div class="product"><a href="https://www.amazon.com/dp/B087S41Y1W?tag=eloabder-20&linkCode=osi&th=1&psc=1"><img src="https://m.media-amazon.com/images/I/518tVUgnUkL._SL500_.jpg" alt="Product Image"></a><p>Benissimo Herb Infused Cooking Oil Chef Pack, All Natural Italiano, Roasted Garlic, Mediterranean Garlic, Balsamic Garlic</p><p>$26.99 ($0.79 / Fl Oz)</p><a href="https://www.amazon.com/dp/B087S41Y1W?tag=eloabder-20&linkCode=osi&th=1&psc=1">View Product</a></div><div class="product"><a href="https://www.amazon.com/dp/B08CY8R7TF?tag=eloabder-20&linkCode=osi&th=1&psc=1"><img src="https://m.media-amazon.com/images/I/61pbDfsr-8L._SL500_.jpg" alt="Product Image"></a><p>Infused Extra Virgin Olive Oil Gift Box Set, First Cold Pressed, Variety Pack, 4 bottles x 8.5 fl.oz (250ml), Naturally Infused for Dipping & Tasting, (Gift Box Included), Chili, Garlic, Basil, Rosemary, BASSO1904</p><p>$35.99 ($1.06 / Fl Oz)</p><a href="https://www.amazon.com/dp/B08CY8R7TF?tag=eloabder-20&linkCode=osi&th=1&psc=1">View Product</a></div><div class="product"><a href="https://www.amazon.com/dp/B009HRQ47U?tag=eloabder-20&linkCode=osi&th=1&psc=1"><img src="https://m.media-amazon.com/images/I/41PaTko-dvL._SL500_.jpg" alt="Product Image"></a><p>TruffleHunter - English, Black & White Truffle Oil Set - 3.38 Oz x 3</p><p>$29.70 ($0.10 / Fl Oz)</p><a href="https://www.amazon.com/dp/B009HRQ47U?tag=eloabder-20&linkCode=osi&th=1&psc=1">View Product</a></div><div class="product"><a href="https://www.amazon.com/dp/B07ZZLZBF8?tag=eloabder-20&linkCode=osi&th=1&psc=1"><img src="https://m.media-amazon.com/images/I/51fpIYH949L._SL500_.jpg" alt="Product Image"></a><p>Viva Oliva Six 60ml (2oz) Variety Gift Set - Premium Flavored Extra Virgin Olive Oils (Tuscan Herb, Basil, Mushroom & Sage) and All Natural Balsamic Vinegars (18 Year Traditional, Grapefruit, Black Mission Fig)</p><p>$43.95 ($3.61 / Fl Oz)</p><a href="https://www.amazon.com/dp/B07ZZLZBF8?tag=eloabder-20&linkCode=osi&th=1&psc=1">View Product</a></div><div class="product"><a href="https://www.amazon.com/dp/B0B2LS1J8F?tag=eloabder-20&linkCode=osi&th=1&psc=1"><img src="https://m.media-amazon.com/images/I/41q4RRhEqPL._SL500_.jpg" alt="Product Image"></a><p>Infused Olive Oil Gift Sets - Organic Puglia Olive Oil Sampler Gift Set. Ideal for Italian Gifts and Edible Gift Baskets. Gourmet Olive Oil Gift Box of 5 x 3.45 Fl.Oz.</p><p>$53.80 ($3.16 / Fl Oz)</p><a href="https://www.amazon.com/dp/B0B2LS1J8F?tag=eloabder-20&linkCode=osi&th=1&psc=1">View Product</a></div><div class="product"><a href="https://www.amazon.com/dp/B08P967SSX?tag=eloabder-20&linkCode=osi&th=1&psc=1"><img src="https://m.media-amazon.com/images/I/51HyprLyr5L._SL500_.jpg" alt="Product Image"></a><p>Viva Oliva Four 60ml (2oz) Variety Gift Set - Premium Flavored Extra Virgin Olive Oils (Tuscan Herb & Basil) and All Natural Balsamic Vinegars (18 Year Traditional & Black Mission Fig)</p><p>$33.95 ($4.18 / Fl Oz)</p><a href="https://www.amazon.com/dp/B08P967SSX?tag=eloabder-20&linkCode=osi&th=1&psc=1">View Product</a></div><div class="product"><a href="https://www.amazon.com/dp/B0078DPMQY?tag=eloabder-20&linkCode=osi&th=1&psc=1"><img src="https://m.media-amazon.com/images/I/31qLwvo1tML._SL500_.jpg" alt="Product Image"></a><p>Benissimo Oil Roasted Garlic, 8.1 Ounces</p><p>$11.99 ($1.48 / Ounce)</p><a href="https://www.amazon.com/dp/B0078DPMQY?tag=eloabder-20&linkCode=osi&th=1&psc=1">View Product</a></div>
<div class="product"><a href="https://www.amazon.com/dp/B07MGKCV5Y?tag=eloabder-20&linkCode=osi&th=1&psc=1"><img src="https://m.media-amazon.com/images/I/31tE+o2DanL._SL500_.jpg" alt="Product Image"></a><p>Iberia All Natural Distilled White Vinegar, 1 Gallon - 5% Acidity</p><p>$12.99 ($0.10 / Fl Oz)</p><a href="https://www.amazon.com/dp/B07MGKCV5Y?tag=eloabder-20&linkCode=osi&th=1&psc=1">View Product</a></div><div class="product"><a href="https://www.amazon.com/dp/B07985NMQD?tag=eloabder-20&linkCode=osi&th=1&psc=1"><img src="https://m.media-amazon.com/images/I/41ElEDybjlL._SL500_.jpg" alt="Product Image"></a><p>Lucy's Family Owned - Natural Distilled White Vinegar, 1 Gallon (128 oz) - 5% Acidity (White Vinegar, 1 Gallon (128 fl oz.))</p><p>$17.99 ($0.14 / Fl Oz)</p><a href="https://www.amazon.com/dp/B07985NMQD?tag=eloabder-20&linkCode=osi&th=1&psc=1">View Product</a></div><div class="product"><a href="https://www.amazon.com/dp/B07F7MXPWD?tag=eloabder-20&linkCode=osi&th=1&psc=1"><img src="https://m.media-amazon.com/images/I/51GKn4NVqTL._SL500_.jpg" alt="Product Image"></a><p>Soeos Chinkiang Vinegar 16.9 fl oz (500ml), 3 Years Aged, Naturally Fermented, Mature Aged Black Vinegar, Chinese Black Vinegar, Zhenjiang Vinegar, Black Rice Vinegar, Black Vinegar Chinese.</p><p>$13.99 ($0.83 / Fl Oz)</p><a href="https://www.amazon.com/dp/B07F7MXPWD?tag=eloabder-20&linkCode=osi&th=1&psc=1">View Product</a></div><div class="product"><a href="https://www.amazon.com/dp/B001I7MVG0?tag=eloabder-20&linkCode=osi&th=1&psc=1"><img src="https://m.media-amazon.com/images/I/41HHUOECW2L._SL500_.jpg" alt="Product Image"></a><p>Bragg Organic Raw Apple Cider Vinegar, 32 Ounce - 1 Pack</p><p>$5.99 ($0.19 / Fl Oz)</p><a href="https://www.amazon.com/dp/B001I7MVG0?tag=eloabder-20&linkCode=osi&th=1&psc=1">View Product</a></div><div class="product"><a href="https://www.amazon.com/dp/B07W9HX3MV?tag=eloabder-20&linkCode=osi&th=1&psc=1"><img src="https://m.media-amazon.com/images/I/413FdgpxYrL._SL500_.jpg" alt="Product Image"></a><p>Calyptus 45% Pure Super Concentrated Vinegar | Dilutes to 9 Gallons | 9x Power Concentrate Vinegar | 1 Gallon</p><p>$26.99 ($0.21 / Fl Oz)</p><a href="https://www.amazon.com/dp/B07W9HX3MV?tag=eloabder-20&linkCode=osi&th=1&psc=1">View Product</a></div><div class="product"><a href="https://www.amazon.com/dp/B0052BFNLS?tag=eloabder-20&linkCode=osi&th=1&psc=1"><img src="https://m.media-amazon.com/images/I/31Tfk-0-ybL._SL500_.jpg" alt="Product Image"></a><p>Pompeian Gourmet Red Wine Vinegar, Perfect for Salad Dressings, Marinades & Sauces, Naturally Gluten Free, 30 Ounce</p><p>$4.91 ($0.16 / Fl Oz)</p><a href="https://www.amazon.com/dp/B0052BFNLS?tag=eloabder-20&linkCode=osi&th=1&psc=1">View Product</a></div><div class="product"><a href="https://www.amazon.com/dp/B00AAL6W2Y?tag=eloabder-20&linkCode=osi&th=1&psc=1"><img src="https://m.media-amazon.com/images/I/51dfgVE7orL._SL500_.jpg" alt="Product Image"></a><p>Mantova Organic Flavored Balsamic Vinegar of Modena 4-Variety Pack: Fig, Pear, Pomegranate, & Raspberry; Perfect for Gift Basket, Add to Pasta, Salad, Ice Cream and Cocktails, 8.5 oz per bottle</p><p>$27.99 ($0.82 / Fl Oz)</p><a href="https://www.amazon.com/dp/B00AAL6W2Y?tag=eloabder-20&linkCode=osi&th=1&psc=1">View Product</a></div><div class="product"><a href="https://www.amazon.com/dp/B0BGYTGT7X?tag=eloabder-20&linkCode=osi&th=1&psc=1"><img src="https://m.media-amazon.com/images/I/41huHEExA1L._SL500_.jpg" alt="Product Image"></a><p>Bragg Organic Apple Cider Vinegar With the Mother– Raw, Unfiltered All Natural Ingredients (64 Fl Oz (Pack of 1))</p><p>$13.68 ($0.21 / Fl Oz)</p><a href="https://www.amazon.com/dp/B0BGYTGT7X?tag=eloabder-20&linkCode=osi&th=1&psc=1">View Product</a></div><div class="product"><a href="https://www.amazon.com/dp/B08TZY2TZ8?tag=eloabder-20&linkCode=osi&th=1&psc=1"><img src="https://m.media-amazon.com/images/I/41YwKPQA9rL._SL500_.jpg" alt="Product Image"></a><p>Due Vittorie Oro Gold Balsamic Vinegar of Modena. Highest score from The Consortium of Modena With Cork Pourer - 8.45fl oz / 250ml</p><p>$17.00 ($2.01 / Fl Oz)</p><a href="https://www.amazon.com/dp/B08TZY2TZ8?tag=eloabder-20&linkCode=osi&th=1&psc=1">View Product</a></div>
<div class="product"><a href="https://www.amazon.com/dp/B07HMJWCNL?tag=eloabder-20&linkCode=osi&th=1&psc=1"><img src="https://m.media-amazon.com/images/I/51ayBrtgPUL._SL500_.jpg" alt="Product Image"></a><p>TRUFF Original Black Truffle Hot Sauce, Gourmet Hot Sauce with Ripe Chili Peppers, Black Truffle Oil, Agave Nectar, Unique Flavor Experience in a Bottle, 6 oz.</p><p>$14.99</p><a href="https://www.amazon.com/dp/B07HMJWCNL?tag=eloabder-20&linkCode=osi&th=1&psc=1">View Product</a></div><div class="product"><a href="https://www.amazon.com/dp/B083QT1TPX?tag=eloabder-20&linkCode=osi&th=1&psc=1"><img src="https://m.media-amazon.com/images/I/41mYuAlAFNL._SL500_.jpg" alt="Product Image"></a><p>TRUFF Hot Sauce Variety Pack, Gourmet Hot Sauce Set of Original, Hotter and Limited White Edition, Unique Flavor Experiences with Truffle, 3-Bottle Bundle, 3ct 6oz bottles</p><p>$67.99 ($3.78 / Ounce)</p><a href="https://www.amazon.com/dp/B083QT1TPX?tag=eloabder-20&linkCode=osi&th=1&psc=1">View Product</a></div><div class="product"><a href="https://www.amazon.com/dp/B0BV19S7TR?tag=eloabder-20&linkCode=osi&th=1&psc=1"><img src="https://m.media-amazon.com/images/I/51iGXyqK-pL._SL500_.jpg" alt="Product Image"></a><p>Le Sauce & Co., White Wine Lemon Garlic Gourmet Finishing Sauce (2-pack), Steakhouse Quality Gourmet Sauce, Lemon Sauce, Garlic Sauce, White Wine Sauce, Steak Sauce, Chicken sauce, Lemon Sauce, Cream Sauce,</p><p>$13.94 ($1.55 / Ounce)</p><a href="https://www.amazon.com/dp/B0BV19S7TR?tag=eloabder-20&linkCode=osi&th=1&psc=1">View Product</a></div><div class="product"><a href="https://www.amazon.com/dp/B078JBZBW5?tag=eloabder-20&linkCode=osi&th=1&psc=1"><img src="https://m.media-amazon.com/images/I/51J1qgzr8uL._SL500_.jpg" alt="Product Image"></a><p>Melinda’s Hot Sauce Variety Pack - Extra Spicy Gourmet Hot Sauce Gift Set with Variety of Heat Levels - Includes XXXXtra Reserve, Garlic Habanero, Extra Hot, Mango, Ghost Pepper- 5 oz, 5 Pack</p><p>$21.99 ($0.88 / Fl Oz)</p><a href="https://www.amazon.com/dp/B078JBZBW5?tag=eloabder-20&linkCode=osi&th=1&psc=1">View Product</a></div><div class="product"><a href="https://www.amazon.com/dp/B0BL864XMH?tag=eloabder-20&linkCode=osi&th=1&psc=1"><img src="https://m.media-amazon.com/images/I/51+63Ag8ApL._SL500_.jpg" alt="Product Image"></a><p>Dave's Gourmet Creamy Hot Sauce Variety 4-Pack - Moderate Heat for Flavoring Your Favorite Food</p><p>$30.99 ($0.97 / Ounce)</p><a href="https://www.amazon.com/dp/B0BL864XMH?tag=eloabder-20&linkCode=osi&th=1&psc=1">View Product</a></div>
<div class="product"><a href="https://www.amazon.com/dp/B07WT6GP2F?tag=eloabder-20&linkCode=osi&th=1&psc=1"><img src="https://m.media-amazon.com/images/I/41mEgBeglEL._SL500_.jpg" alt="Product Image"></a><p>Lindt Mini Pralines, Assorted Chocolate Pralines with Premium Filling, Great for gift giving, 6.2 oz Box</p><p>$16.49 ($2.66 / Ounce)</p><a href="https://www.amazon.com/dp/B07WT6GP2F?tag=eloabder-20&linkCode=osi&th=1&psc=1">View Product</a></div><div class="product"><a href="https://www.amazon.com/dp/B01BDI89SW?tag=eloabder-20&linkCode=osi&th=1&psc=1"><img src="https://m.media-amazon.com/images/I/61w5wYyxzKL._SL500_.jpg" alt="Product Image"></a><p>Ferrero Collection, 24 Count, Premium Gourmet Assorted Hazelnut Milk Chocolate, Dark Chocolate and Coconut, 9.1 oz</p><p>$11.97 ($1.32 / Ounce)</p><a href="https://www.amazon.com/dp/B01BDI89SW?tag=eloabder-20&linkCode=osi&th=1&psc=1">View Product</a></div><div class="product"><a href="https://www.amazon.com/dp/B0BHTWFQ5X?tag=eloabder-20&linkCode=osi&th=1&psc=1"><img src="https://m.media-amazon.com/images/I/41K-mIm1WNL._SL500_.jpg" alt="Product Image"></a><p>Lindt LINDOR Assorted Chocolate Truffles 90 Count Gift Box, Chocolate Candy with Smooth, Melting Truffle Center, 38.4 oz. Box</p><p>$33.95 ($0.88 / Ounce)</p><a href="https://www.amazon.com/dp/B0BHTWFQ5X?tag=eloabder-20&linkCode=osi&th=1&psc=1">View Product</a></div><div class="product"><a href="https://www.amazon.com/dp/B00UXI3PLU?tag=eloabder-20&linkCode=osi&th=1&psc=1"><img src="https://m.media-amazon.com/images/I/41Jw-Ek4+CL._SL500_.jpg" alt="Product Image"></a><p>Lindt LINDOR Milk Chocolate Candy Truffles, Milk Chocolate with Melting Truffle Center, 15.2 oz. Bag</p><p>$12.18 ($0.80 / Ounce)</p><a href="https://www.amazon.com/dp/B00UXI3PLU?tag=eloabder-20&linkCode=osi&th=1&psc=1">View Product</a></div>
<div class="product"><a href="https://www.amazon.com/dp/B000SDKDM4?tag=eloabder-20&linkCode=osi&th=1&psc=1"><img src="https://m.media-amazon.com/images/I/41L+oJp7MmL._SL500_.jpg" alt="Product Image"></a><p>Lavazza Super Crema Whole Bean Coffee Blend, light-Medium Espresso Roast, 2.2 Pound (Pack of 1) ,Premium Quality, Aromatic, Mild and creamy</p><p>$18.49 ($0.53 / Ounce)</p><a href="https://www.amazon.com/dp/B000SDKDM4?tag=eloabder-20&linkCode=osi&th=1&psc=1">View Product</a></div><div class="product"><a href="https://www.amazon.com/dp/B0721BGRS9?tag=eloabder-20&linkCode=osi&th=1&psc=1"><img src="https://m.media-amazon.com/images/I/41tHHVMfguL._SL500_.jpg" alt="Product Image"></a><p>Amazon Fresh, Dark Roast, Whole Bean Coffee, 32 Oz</p><p>$19.18 ($0.60 / Ounce)</p><a href="https://www.amazon.com/dp/B0721BGRS9?tag=eloabder-20&linkCode=osi&th=1&psc=1">View Product</a></div><div class="product"><a href="https://www.amazon.com/dp/B003GV7JFE?tag=eloabder-20&linkCode=osi&th=1&psc=1"><img src="https://m.media-amazon.com/images/I/41IKY6hLa9L._SL500_.jpg" alt="Product Image"></a><p>Eight O'Clock Coffee Whole Bean, The Original, 42 Ounce</p><p>$13.98</p><a href="https://www.amazon.com/dp/B003GV7JFE?tag=eloabder-20&linkCode=osi&th=1&psc=1">View Product</a></div><div class="product"><a href="https://www.amazon.com/dp/B07171HMF5?tag=eloabder-20&linkCode=osi&th=1&psc=1"><img src="https://m.media-amazon.com/images/I/41EBDHFVYVL._SL500_.jpg" alt="Product Image"></a><p>Mt. Comfort Coffee Organic Peru Medium Roast, 2.5 Pounds - Flavor Notes of Nutty, Chocolate, & Citrus - Sourced From Small, Peruvian Coffee Farms - Roasted Whole Beans</p><p>$23.19 ($0.58 / Ounce)</p><a href="https://www.amazon.com/dp/B07171HMF5?tag=eloabder-20&linkCode=osi&th=1&psc=1">View Product</a></div><div class="product"><a href="https://www.amazon.com/dp/B006Y7WAHE?tag=eloabder-20&linkCode=osi&th=1&psc=1"><img src="https://m.media-amazon.com/images/I/31VxnI1AuQL._SL500_.jpg" alt="Product Image"></a><p>Cameron's Coffee Roasted Whole Bean Coffee, Breakfast Blend, 32 Ounce, (Pack of 1)</p><p>$10.98 ($0.34 / Ounce)</p><a href="https://www.amazon.com/dp/B006Y7WAHE?tag=eloabder-20&linkCode=osi&th=1&psc=1">View Product</a></div><div class="product"><a href="https://www.amazon.com/dp/B0002E2GQU?tag=eloabder-20&linkCode=osi&th=1&psc=1"><img src="https://m.media-amazon.com/images/I/41f+StbrprL._SL500_.jpg" alt="Product Image"></a><p>Lavazza Crema E Aroma Whole Bean Coffee Blend, 2.2-Pound Bag , Balanced medium roast with an intense, earthy flavor and long lasting crema, Non-GMO</p><p>$17.99 ($0.51 / Ounce)</p><a href="https://www.amazon.com/dp/B0002E2GQU?tag=eloabder-20&linkCode=osi&th=1&psc=1">View Product</a></div><div class="product"><a href="https://www.amazon.com/dp/B005OJ4X32?tag=eloabder-20&linkCode=osi&th=1&psc=1"><img src="https://m.media-amazon.com/images/I/31GzxEGJ-1L._SL500_.jpg" alt="Product Image"></a><p>Lavazza Espresso Barista Gran Crema Whole Bean Coffee Blend, Medium Espresso Roast, Oz Bag (Packaging May Vary) - 2.2 LB, 35.2 Ounce</p><p>$17.99 ($0.51 / Ounce)</p><a href="https://www.amazon.com/dp/B005OJ4X32?tag=eloabder-20&linkCode=osi&th=1&psc=1">View Product</a></div><div class="product"><a href="https://www.amazon.com/dp/B003YVRX5W?tag=eloabder-20&linkCode=osi&th=1&psc=1"><img src="https://m.media-amazon.com/images/I/41Ioxmr1WhL._SL500_.jpg" alt="Product Image"></a><p>Tim Hortons Whole Bean Original, Medium Roast Coffee, Made with 100% Arabica Beans, 32 Ounce Bag</p><p>$15.68 ($0.49 / Ounce)</p><a href="https://www.amazon.com/dp/B003YVRX5W?tag=eloabder-20&linkCode=osi&th=1&psc=1">View Product</a></div><div class="product"><a href="https://www.amazon.com/dp/B016RY0LWO?tag=eloabder-20&linkCode=osi&th=1&psc=1"><img src="https://m.media-amazon.com/images/I/41I6lHKpWrL._SL500_.jpg" alt="Product Image"></a><p>Lavazza Espresso Italiano Whole Bean Coffee Blend, Medium Roast,Premium Quality Arabic, 2.2 Pound (Pack of 1) (Packaging may vary)</p><p>$14.98 ($0.43 / Ounce)</p><a href="https://www.amazon.com/dp/B016RY0LWO?tag=eloabder-20&linkCode=osi&th=1&psc=1">View Product</a></div>
<div class="product"><a href="https://www.amazon.com/dp/B09ZMVM3XJ?tag=eloabder-20&linkCode=osi&th=1&psc=1"><img src="https://m.media-amazon.com/images/I/51IRO3xhEKL._SL500_.jpg" alt="Product Image"></a><p>Gardenika Organic Loose Leaf Tea Sampler – 8 Pack, 1 LB – Herbal and Naturally Caffeine-Free Set - Ayurvedic Assortment Blend</p><p>$29.95 ($29.95 / Count)</p><a href="https://www.amazon.com/dp/B09ZMVM3XJ?tag=eloabder-20&linkCode=osi&th=1&psc=1">View Product</a></div><div class="product"><a href="https://www.amazon.com/dp/B0CVTGJHK9?tag=eloabder-20&linkCode=osi&th=1&psc=1"><img src="https://m.media-amazon.com/images/I/51J-jqFqytL._SL500_.jpg" alt="Product Image"></a><p>Lyon DIY Tea Blending Set-16 Tin Variety Pack-Premium Herbal Tea & Exotic Floral/Fruit Flavor Infusers - Create 75+ Cups w/Assorted Teas, Oolong, Chamomile, Rose, Peach & More</p><p>$44.95 ($6.25 / Ounce)</p><a href="https://www.amazon.com/dp/B0CVTGJHK9?tag=eloabder-20&linkCode=osi&th=1&psc=1">View Product</a></div><div class="product"><a href="https://www.amazon.com/dp/B01AJBV0US?tag=eloabder-20&linkCode=osi&th=1&psc=1"><img src="https://m.media-amazon.com/images/I/516u5DAm7GL._SL500_.jpg" alt="Product Image"></a><p>Tiesta Tea - Lavender Chamomile | Soft Chamomile Herbal Tea | Premium Loose Leaf Tea Blend | Non Caffeinated Herbal Tea | Make Hot or Iced Tea & Brews Up to 25 Cups - 0.9 Ounce Resealable Pouch</p><p>$4.99 ($5.54 / Ounce)</p><a href="https://www.amazon.com/dp/B01AJBV0US?tag=eloabder-20&linkCode=osi&th=1&psc=1">View Product</a></div><div class="product"><a href="https://www.amazon.com/dp/B08VF85JJF?tag=eloabder-20&linkCode=osi&th=1&psc=1"><img src="https://m.media-amazon.com/images/I/517Ac4bB6FL._SL500_.jpg" alt="Product Image"></a><p>Tiesta Tea Top 8 Favorites Sampler Set, Up to 80 Cups, High to No Caffeine, Hot & Iced Tea, Loose Leaf Tea Variety Pack with Green, Herbal, Black & Chai Tea, 8 Sample Pouches</p><p>$22.95 ($3.59 / Ounce)</p><a href="https://www.amazon.com/dp/B08VF85JJF?tag=eloabder-20&linkCode=osi&th=1&psc=1">View Product</a></div><div class="product"><a href="https://www.amazon.com/dp/B08MWDTNTZ?tag=eloabder-20&linkCode=osi&th=1&psc=1"><img src="https://m.media-amazon.com/images/I/51M1TNYBU7L._SL500_.jpg" alt="Product Image"></a><p>Tetley British Blend Premium Black Tea, 320 Tea Bags, Rainforest Alliance Certified, 320 Count (Pack of 1)</p><p>$15.92 ($0.05 / Count)</p><a href="https://www.amazon.com/dp/B08MWDTNTZ?tag=eloabder-20&linkCode=osi&th=1&psc=1">View Product</a></div><div class="product"><a href="https://www.amazon.com/dp/B086R8PDZV?tag=eloabder-20&linkCode=osi&th=1&psc=1"><img src="https://m.media-amazon.com/images/I/41nHau5YdVL._SL500_.jpg" alt="Product Image"></a><p>Buddha Teas - Organic Mushroom Wellness Blend - Herbal Tea - For Health & Wellbeing - With Antioxidants & Minerals - Clean Ingredients - Caffeine Free - OU Kosher & Non-GMO - 18 Tea Bags (Pack of 1).</p><p>$8.25 ($0.46 / Count)</p><a href="https://www.amazon.com/dp/B086R8PDZV?tag=eloabder-20&linkCode=osi&th=1&psc=1">View Product</a></div><div class="product"><a href="https://www.amazon.com/dp/B07CGW59KH?tag=eloabder-20&linkCode=osi&th=1&psc=1"><img src="https://m.media-amazon.com/images/I/611h06lvlUL._SL500_.jpg" alt="Product Image"></a><p>Loose Leaf Tea Sampler Create Your Own Tea Blend Starter Kit w/Sencha, Rooibos, China Black, & Ginger, Lavender, Rose, Lemongrass, Hibiscus Spices</p><p>$29.99</p><a href="https://www.amazon.com/dp/B07CGW59KH?tag=eloabder-20&linkCode=osi&th=1&psc=1">View Product</a></div><div class="product"><a href="https://www.amazon.com/dp/B0CT8JGNB8?tag=eloabder-20&linkCode=osi&th=1&psc=1"><img src="https://m.media-amazon.com/images/I/411PWQNU6BL._SL500_.jpg" alt="Product Image"></a><p>120 Premium Turmeric, Ginger, Cinnamon Blend Tea Bags, 100% Natural & No Additives & Caffeine Free.</p><p>$14.95 ($0.12 / Count)</p><a href="https://www.amazon.com/dp/B0CT8JGNB8?tag=eloabder-20&linkCode=osi&th=1&psc=1">View Product</a></div><div class="product"><a href="https://www.amazon.com/dp/B00OS96DVY?tag=eloabder-20&linkCode=osi&th=1&psc=1"><img src="https://m.media-amazon.com/images/I/51-sK6ajnML._SL500_.jpg" alt="Product Image"></a><p>Harney & Sons Tower of London Black Tea with Vanilla, Black Currant, Caramel, and Honey | 30 sachets, Historic Royal Palaces Collection</p><p>$10.33 ($3.90 / Ounce)</p><a href="https://www.amazon.com/dp/B00OS96DVY?tag=eloabder-20&linkCode=osi&th=1&psc=1">View Product</a></div><div class="product"><a href="https://www.amazon.com/dp/B0BHYBHVJ6?tag=eloabder-20&linkCode=osi&th=1&psc=1"><img src="https://m.media-amazon.com/images/I/51F9trJcmdL._SL500_.jpg" alt="Product Image"></a><p>Organic Sleep Blend Herbal Tea - 50 Packets - Natural Chamomile, Peppermint, Fennel And Tulsi Teabags - USDA Certified 100% Non-GMO - Decaffeinated Designer Gift Tin</p><p>$8.69 ($0.17 / Count)</p><a href="https://www.amazon.com/dp/B0BHYBHVJ6?tag=eloabder-20&linkCode=osi&th=1&psc=1">View Product</a></div>
<div class="product"><a href="https://www.amazon.com/dp/B0BVXD8CX3?tag=eloabder-20&linkCode=osi&th=1&psc=1"><img src="https://m.media-amazon.com/images/I/51hkEiL7c8L._SL500_.jpg" alt="Product Image"></a><p>Simply Organic Herbs, Spices and Seasonings Assorted Variety Sampler Gift Set - By Veher (24-Pack)</p><p>$142.95 ($5.96 / Ounce)</p><a href="https://www.amazon.com/dp/B0BVXD8CX3?tag=eloabder-20&linkCode=osi&th=1&psc=1">View Product</a></div><div class="product"><a href="https://www.amazon.com/dp/B094WXH3KP?tag=eloabder-20&linkCode=osi&th=1&psc=1"><img src="https://m.media-amazon.com/images/I/51mqUk3dM1L._SL500_.jpg" alt="Product Image"></a><p>eonou Encore Seasonings and Spices 10 pk - Premium Cooking Spices and Herbs (Oregano, Rosemary, Basil, Parsley, Italian Seasoning, Cumin, Steak Spice, Chopped Onion, Onion Powder, Thyme)</p><p>$19.99 ($2.00 / Count)</p><a href="https://www.amazon.com/dp/B094WXH3KP?tag=eloabder-20&linkCode=osi&th=1&psc=1">View Product</a></div><div class="product"><a href="https://www.amazon.com/dp/B072N9BLHS?tag=eloabder-20&linkCode=osi&th=1&psc=1"><img src="https://m.media-amazon.com/images/I/519zkN7EgWL._SL500_.jpg" alt="Product Image"></a><p>The Spice Way Herbes De Provence - | 4oz | fresh herbs and spice seasoning</p><p>$6.99 ($1.75 / Ounce)</p><a href="https://www.amazon.com/dp/B072N9BLHS?tag=eloabder-20&linkCode=osi&th=1&psc=1">View Product</a></div><div class="product"><a href="https://www.amazon.com/dp/B0761Z81ZK?tag=eloabder-20&linkCode=osi&th=1&psc=1"><img src="https://m.media-amazon.com/images/I/51tYgb8ntBL._SL500_.jpg" alt="Product Image"></a><p>McCormick Grill Mates Roasted Garlic & Herb Seasoning, 9.25 oz</p><p>$7.43 ($0.80 / Ounce)</p><a href="https://www.amazon.com/dp/B0761Z81ZK?tag=eloabder-20&linkCode=osi&th=1&psc=1">View Product</a></div><div class="product"><a href="https://www.amazon.com/dp/B00CQ7K9J2?tag=eloabder-20&linkCode=osi&th=1&psc=1"><img src="https://m.media-amazon.com/images/I/317BBm1p-TL._SL500_.jpg" alt="Product Image"></a><p>Bragg Sprinkle Herbs and Spices - Salt Free Seasoning, 1.5oz, Single</p><p>$6.99 ($4.66 / Ounce)</p><a href="https://www.amazon.com/dp/B00CQ7K9J2?tag=eloabder-20&linkCode=osi&th=1&psc=1">View Product</a></div><div class="product"><a href="https://www.amazon.com/dp/B003H2S2KI?tag=eloabder-20&linkCode=osi&th=1&psc=1"><img src="https://m.media-amazon.com/images/I/41mr0wk+3mL._SL500_.jpg" alt="Product Image"></a><p>Badia Herbs De Provence, 8 Ounces</p><p>$6.26 ($0.78 / Ounce)</p><a href="https://www.amazon.com/dp/B003H2S2KI?tag=eloabder-20&linkCode=osi&th=1&psc=1">View Product</a></div><div class="product"><a href="https://www.amazon.com/dp/B0BQ4VRJBL?tag=eloabder-20&linkCode=osi&th=1&psc=1"><img src="https://m.media-amazon.com/images/I/41ZxLNNd8mL._SL500_.jpg" alt="Product Image"></a><p>Weber Roasted Garlic & Herb Seasoning, 5.5 Ounce Shaker</p><p>$2.82 ($0.51 / Ounce)</p><a href="https://www.amazon.com/dp/B0BQ4VRJBL?tag=eloabder-20&linkCode=osi&th=1&psc=1">View Product</a></div><div class="product"><a href="https://www.amazon.com/dp/B08KRC7V7J?tag=eloabder-20&linkCode=osi&th=1&psc=1"><img src="https://m.media-amazon.com/images/I/4170CYnZ9WL._SL500_.jpg" alt="Product Image"></a><p>McCormick Salt Free Garlic and Herb Seasoning, 4.37 oz</p><p>$4.68 ($1.07 / Ounce)</p><a href="https://www.amazon.com/dp/B08KRC7V7J?tag=eloabder-20&linkCode=osi&th=1&psc=1">View Product</a></div><div class="product"><a href="https://www.amazon.com/dp/B00IX4WUTY?tag=eloabder-20&linkCode=osi&th=1&psc=1"><img src="https://m.media-amazon.com/images/I/51TAH1ijkqS._SL500_.jpg" alt="Product Image"></a><p>Bragg Sprinkle Herbs and Spices Seasoning, 1.5oz, 3 Pack</p><p>$20.27 ($13.51 / Ounce)</p><a href="https://www.amazon.com/dp/B00IX4WUTY?tag=eloabder-20&linkCode=osi&th=1&psc=1">View Product</a></div>
<div class="product"><a href="https://www.amazon.com/dp/B0BWSKYV63?tag=eloabder-20&linkCode=osi&th=1&psc=1"><img src="https://m.media-amazon.com/images/I/51Q5Je2yRhL._SL500_.jpg" alt="Product Image"></a><p>Welch's Fruit Snacks, Mixed Fruit, Perfect Easter Basket Stuffers, Gluten Free, Bulk Pack, Individual Single Serve Bags, 0.8 oz (Pack of 40)</p><p>$7.99 ($0.25 / Ounce)</p><a href="https://www.amazon.com/dp/B0BWSKYV63?tag=eloabder-20&linkCode=osi&th=1&psc=1">View Product</a></div><div class="product"><a href="https://www.amazon.com/dp/B08826B2XL?tag=eloabder-20&linkCode=osi&th=1&psc=1"><img src="https://m.media-amazon.com/images/I/61DT5pSYXFL._SL500_.jpg" alt="Product Image"></a><p>Frito Lay Ultimate Classic Snacks Package, Variety Assortment of Chips, Cookies, Crackers, & Nuts, (Pack of 40) (Packaging May Vary)</p><p>$26.91</p><a href="https://www.amazon.com/dp/B08826B2XL?tag=eloabder-20&linkCode=osi&th=1&psc=1">View Product</a></div><div class="product"><a href="https://www.amazon.com/dp/B013OY25GA?tag=eloabder-20&linkCode=osi&th=1&psc=1"><img src="https://m.media-amazon.com/images/I/51FlSjX95aL._SL500_.jpg" alt="Product Image"></a><p>Snack Pack Chocolate and Vanilla Flavored Pudding Cups Family Pack, 12 Count Pudding Cups (6 Pack)</p><p>$3.27 ($0.01 / Ounce)</p><a href="https://www.amazon.com/dp/B013OY25GA?tag=eloabder-20&linkCode=osi&th=1&psc=1">View Product</a></div><div class="product"><a href="https://www.amazon.com/dp/B0BWSLB73Z?tag=eloabder-20&linkCode=osi&th=1&psc=1"><img src="https://m.media-amazon.com/images/I/51RWXG4OG6L._SL500_.jpg" alt="Product Image"></a><p>Welch's Fruit Snacks, Fruit Punch & Island Fruits Variety Pack, Perfect for School Lunches, Gluten Free, Bulk Pack, 0.8 oz Individual Single Serve Bags (Pack of 40)</p><p>$8.49 ($0.21 / Count)</p><a href="https://www.amazon.com/dp/B0BWSLB73Z?tag=eloabder-20&linkCode=osi&th=1&psc=1">View Product</a></div><div class="product"><a href="https://www.amazon.com/dp/B09FFXR2VV?tag=eloabder-20&linkCode=osi&th=1&psc=1"><img src="https://m.media-amazon.com/images/I/51SZiftXwcL._SL500_.jpg" alt="Product Image"></a><p>The Only Bean Crunchy Dry Roasted Edamame Snacks (Sea Salt), Keto Snack Food, High Protein (11g) Healthy Snacks, Low Carb Gluten Free Office Vegan Food 100 Calorie Snack Pack, 0.9oz 10 Pack</p><p>$12.72 ($1.41 / Ounce)</p><a href="https://www.amazon.com/dp/B09FFXR2VV?tag=eloabder-20&linkCode=osi&th=1&psc=1">View Product</a></div><div class="product"><a href="https://www.amazon.com/dp/B072151Q32?tag=eloabder-20&linkCode=osi&th=1&psc=1"><img src="https://m.media-amazon.com/images/I/41Rlgfdz90L._SL500_.jpg" alt="Product Image"></a><p>Dole Fruit Bowls No Sugar Added Variety Pack Snacks, Peaches, Mandarin Oranges & Cherry Mixed Fruit, 4oz 12 Cups, Gluten & Dairy Free, Bulk Lunch Snacks for Kids & Adults</p><p>$6.74 ($0.56 / Count)</p><a href="https://www.amazon.com/dp/B072151Q32?tag=eloabder-20&linkCode=osi&th=1&psc=1">View Product</a></div><div class="product"><a href="https://www.amazon.com/dp/B084RDDFGR?tag=eloabder-20&linkCode=osi&th=1&psc=1"><img src="https://m.media-amazon.com/images/I/41eLMpoHGkL._SL500_.jpg" alt="Product Image"></a><p>Kellogg's Rice Krispies Treats, Crispy Marshmallow Squares, Original, School Lunch Snack, 41.9oz Case (54 Count)</p><p>$13.49 ($0.32 / Ounce)</p><a href="https://www.amazon.com/dp/B084RDDFGR?tag=eloabder-20&linkCode=osi&th=1&psc=1">View Product</a></div><div class="product"><a href="https://www.amazon.com/dp/B00G2XNSWQ?tag=eloabder-20&linkCode=osi&th=1&psc=1"><img src="https://m.media-amazon.com/images/I/411XH1pQP8L._SL500_.jpg" alt="Product Image"></a><p>Nutella & GO! Bulk 12 Pack, Hazelnut and Cocoa Spread with Breadsticks, Snack Cups for Kids, 1.8 oz Each</p><p>$11.99 ($0.56 / Ounce)</p><a href="https://www.amazon.com/dp/B00G2XNSWQ?tag=eloabder-20&linkCode=osi&th=1&psc=1">View Product</a></div><div class="product"><a href="https://www.amazon.com/dp/B00KR7PKTC?tag=eloabder-20&linkCode=osi&th=1&psc=1"><img src="https://m.media-amazon.com/images/I/414UW7g-s5L._SL500_.jpg" alt="Product Image"></a><p>Cheez-It Cheese Crackers, Baked Snack Crackers, Lunch Snacks, Variety Pack, 12.1oz Box (12 Packs)</p><p>$5.82 ($0.48 / Ounce)</p><a href="https://www.amazon.com/dp/B00KR7PKTC?tag=eloabder-20&linkCode=osi&th=1&psc=1">View Product</a></div><div class="product"><a href="https://www.amazon.com/dp/B078D7MGY5?tag=eloabder-20&linkCode=osi&th=1&psc=1"><img src="https://m.media-amazon.com/images/I/41ttxloA1AL._SL500_.jpg" alt="Product Image"></a><p>Pringles Potato Crisps Chips, Lunch Snacks, On-the-Go Snacks, Snack Stacks, Variety Pack, 19.3oz Box (27 Cups)</p><p>$12.99 ($0.67 / Ounce)</p><a href="https://www.amazon.com/dp/B078D7MGY5?tag=eloabder-20&linkCode=osi&th=1&psc=1">View Product</a></div>
<div class="product"><a href="https://www.amazon.com/dp/B0C5YLP6PC?tag=eloabder-20&linkCode=osi&th=1&psc=1"><img src="https://m.media-amazon.com/images/I/41Ru-8CxkhL._SL500_.jpg" alt="Product Image"></a><p>3 Pack, Gluten Free Potato Gnocchi, Cooks in 2-3 minutes, (3 x 1 lb), Italian Gnocchi, Product of Italy, NON GMO, Eggs Free, Vegan, by L'Oro Del Sud</p><p>$17.99 ($1.12 / Ounce)</p><a href="https://www.amazon.com/dp/B0C5YLP6PC?tag=eloabder-20&linkCode=osi&th=1&psc=1">View Product</a></div><div class="product"><a href="https://www.amazon.com/dp/B09Q98H64R?tag=eloabder-20&linkCode=osi&th=1&psc=1"><img src="https://m.media-amazon.com/images/I/5101NV4WQOL._SL500_.jpg" alt="Product Image"></a><p>Kraft Gluten Free Original Mac & Cheese Macaroni and Cheese Dinner, 4 ct Pack, 1.9 oz Cups</p><p>$6.49 ($0.85 / Ounce)</p><a href="https://www.amazon.com/dp/B09Q98H64R?tag=eloabder-20&linkCode=osi&th=1&psc=1">View Product</a></div><div class="product"><a href="https://www.amazon.com/dp/B0BRBWXDTK?tag=eloabder-20&linkCode=osi&th=1&psc=1"><img src="https://m.media-amazon.com/images/I/41Di2iNnMJL._SL500_.jpg" alt="Product Image"></a><p>Katz Gluten Free Oatmeal Crème Pies| Dairy Free, Nut Free, Soy Free, Gluten Free | Kosher (1 Pack 6.3 Ounce)</p><p>$12.99 ($2.16 / Ounce)</p><a href="https://www.amazon.com/dp/B0BRBWXDTK?tag=eloabder-20&linkCode=osi&th=1&psc=1">View Product</a></div><div class="product"><a href="https://www.amazon.com/dp/B01JJ9H1Q8?tag=eloabder-20&linkCode=osi&th=1&psc=1"><img src="https://m.media-amazon.com/images/I/41EC1yykptL._SL500_.jpg" alt="Product Image"></a><p>King Arthur, Measure for Measure Flour, Certified Gluten-Free, Non-GMO Project Verified, Certified Kosher, 3 Pounds, Packaging May Vary</p><p>$8.62 ($0.18 / Ounce)</p><a href="https://www.amazon.com/dp/B01JJ9H1Q8?tag=eloabder-20&linkCode=osi&th=1&psc=1">View Product</a></div><div class="product"><a href="https://www.amazon.com/dp/B07CL1SRNB?tag=eloabder-20&linkCode=osi&th=1&psc=1"><img src="https://m.media-amazon.com/images/I/51jpv3MCzgL._SL500_.jpg" alt="Product Image"></a><p>Snyder's of Hanover, Gluten Free Pretzels, 8 Oz</p><p>$4.89 ($0.61 / Ounce)</p><a href="https://www.amazon.com/dp/B07CL1SRNB?tag=eloabder-20&linkCode=osi&th=1&psc=1">View Product</a></div><div class="product"><a href="https://www.amazon.com/dp/B004TSXNIA?tag=eloabder-20&linkCode=osi&th=1&psc=1"><img src="https://m.media-amazon.com/images/I/5137tUox+SL._SL500_.jpg" alt="Product Image"></a><p>Annie's Gluten Free Cocoa and Vanilla Bunny Cookies, 6.75 oz</p><p>$4.22 ($0.62 / Ounce)</p><a href="https://www.amazon.com/dp/B004TSXNIA?tag=eloabder-20&linkCode=osi&th=1&psc=1">View Product</a></div><div class="product"><a href="https://www.amazon.com/dp/B00GI9B84O?tag=eloabder-20&linkCode=osi&th=1&psc=1"><img src="https://m.media-amazon.com/images/I/41e7kO-b3WS._SL500_.jpg" alt="Product Image"></a><p>Mom's Place Gluten Free Beef Stroganoff Mix</p><p>$5.99 ($5.99 / Count)</p><a href="https://www.amazon.com/dp/B00GI9B84O?tag=eloabder-20&linkCode=osi&th=1&psc=1">View Product</a></div><div class="product"><a href="https://www.amazon.com/dp/B0BXQWVL1Q?tag=eloabder-20&linkCode=osi&th=1&psc=1"><img src="https://m.media-amazon.com/images/I/413idrGl7fL._SL500_.jpg" alt="Product Image"></a><p>Simple Mills Almond Flour Snack Bars (Chocolate Brownie) with Organic Coconut Oil, Chia Seeds, Sunflower Seeds, and Flax Seeds, 6oz, 1 Count</p><p>$4.50 ($0.75 / Ounce)</p><a href="https://www.amazon.com/dp/B0BXQWVL1Q?tag=eloabder-20&linkCode=osi&th=1&psc=1">View Product</a></div><div class="product"><a href="https://www.amazon.com/dp/B09Z9QV2CT?tag=eloabder-20&linkCode=osi&th=1&psc=1"><img src="https://m.media-amazon.com/images/I/41pnXqKjS7L._SL500_.jpg" alt="Product Image"></a><p>Mom's Place Gluten Free Biscuits & Gravy Mix</p><p>$8.99 ($0.67 / Ounce)</p><a href="https://www.amazon.com/dp/B09Z9QV2CT?tag=eloabder-20&linkCode=osi&th=1&psc=1">View Product</a></div>
<div class="product"><a href="https://www.amazon.com/dp/B0BNZF5CCM?tag=eloabder-20&linkCode=osi&th=1&psc=1"><img src="https://m.media-amazon.com/images/I/61ZB1KesX-L._SL500_.jpg" alt="Product Image"></a><p>Midi International Snack Box | Premium Exotic Foreign Snacks | Unique Snack Food Gifts Included | Purple Theme Box | Candies from Around the World | 12 Full-Size + 1 Bonus Snacks</p><p>$14.95 ($14.95 / Count)</p><a href="https://www.amazon.com/dp/B0BNZF5CCM?tag=eloabder-20&linkCode=osi&th=1&psc=1">View Product</a></div><div class="product"><a href="https://www.amazon.com/dp/B08W72N8SM?tag=eloabder-20&linkCode=osi&th=1&psc=1"><img src="https://m.media-amazon.com/images/I/61UC7bprqkL._SL500_.jpg" alt="Product Image"></a><p>Midi International Snack Box | Premium Exotic Foreign Snacks | Unique Snack Food Gifts Included | Fantastic Space Theme | Candies from Around the World | 12 Full-Size + 1 Bonus Snacks</p><p>$14.99 ($1.25 / Count)</p><a href="https://www.amazon.com/dp/B08W72N8SM?tag=eloabder-20&linkCode=osi&th=1&psc=1">View Product</a></div><div class="product"><a href="https://www.amazon.com/dp/B0C6PRVVJY?tag=eloabder-20&linkCode=osi&th=1&psc=1"><img src="https://m.media-amazon.com/images/I/61o8Z3EzSnL._SL500_.jpg" alt="Product Image"></a><p>International Exotic Snack Box Variety Pack, 22 Count Premium Foreign Rare Snack Food Gifts with Suprise Item for Fun, Mystery Box of Snacks, European Snacks for Adults and Kids</p><p>$29.95</p><a href="https://www.amazon.com/dp/B0C6PRVVJY?tag=eloabder-20&linkCode=osi&th=1&psc=1">View Product</a></div><div class="product"><a href="https://www.amazon.com/dp/B09T7B3QFJ?tag=eloabder-20&linkCode=osi&th=1&psc=1"><img src="https://m.media-amazon.com/images/I/61Xx7pPJCkL._SL500_.jpg" alt="Product Image"></a><p>Universal Yums International Snack Box | Variety Pack Of Chips, Candy, Chocolates, And Snacks From Around The World | Foreign Snacks For Office, Family, Gifts, And Parties | (50 Exotic Snacks)</p><p>$49.50</p><a href="https://www.amazon.com/dp/B09T7B3QFJ?tag=eloabder-20&linkCode=osi&th=1&psc=1">View Product</a></div><div class="product"><a href="https://www.amazon.com/dp/B08W71KXLS?tag=eloabder-20&linkCode=osi&th=1&psc=1"><img src="https://m.media-amazon.com/images/I/61dcTJQFmBL._SL500_.jpg" alt="Product Image"></a><p>Midi International Snack Box | Premium Exotic Foreign Snacks | Unique Snack Food Gifts Included | Picnic Box Theme | Candies from Around the World | 12 Full-Size + 1 Bonus Snacks</p><p>$14.99 ($14.99 / Count)</p><a href="https://www.amazon.com/dp/B08W71KXLS?tag=eloabder-20&linkCode=osi&th=1&psc=1">View Product</a></div><div class="product"><a href="https://www.amazon.com/dp/B09TG6WCBC?tag=eloabder-20&linkCode=osi&th=1&psc=1"><img src="https://m.media-amazon.com/images/I/61lmk368l0L._SL500_.jpg" alt="Product Image"></a><p>Midi International Snack Box (Fairy Tale Themed) | Snacks Variety Pack of International Treats | Foreign Snack Box Offering Unique Experience | Mix Care Pack of Turkish Candies | 12 Full-Size Snacks</p><p>$14.99 ($1.00 / Ounce)</p><a href="https://www.amazon.com/dp/B09TG6WCBC?tag=eloabder-20&linkCode=osi&th=1&psc=1">View Product</a></div><div class="product"><a href="https://www.amazon.com/dp/B0BNZCVDYQ?tag=eloabder-20&linkCode=osi&th=1&psc=1"><img src="https://m.media-amazon.com/images/I/61aTXvWjbSL._SL500_.jpg" alt="Product Image"></a><p>Midi International Snack Box | Premium Exotic Foreign Snacks | Unique Snack Food Gifts Included | Orange Nebula Space Theme | Candies from Around the World | 12 Full-Size + 1 Bonus Snacks</p><p>$14.99 ($14.99 / Count)</p><a href="https://www.amazon.com/dp/B0BNZCVDYQ?tag=eloabder-20&linkCode=osi&th=1&psc=1">View Product</a></div><div class="product"><a href="https://www.amazon.com/dp/B0CK8DWXS2?tag=eloabder-20&linkCode=osi&th=1&psc=1"><img src="https://m.media-amazon.com/images/I/511Z-FX62TL._SL500_.jpg" alt="Product Image"></a><p>Mega International Snack Box | Premium Exotic Foreign Snacks | Unique Snack Food Gifts Included | Try Extraordinary Turkish Snacks | Candies from Around the World | 32+1 Full-Size Snacks</p><p>$39.95 ($1.00 / Ounce)</p><a href="https://www.amazon.com/dp/B0CK8DWXS2?tag=eloabder-20&linkCode=osi&th=1&psc=1">View Product</a></div><div class="product"><a href="https://www.amazon.com/dp/B0CGRMR7VN?tag=eloabder-20&linkCode=osi&th=1&psc=1"><img src="https://m.media-amazon.com/images/I/51PgWRUNnkL._SL500_.jpg" alt="Product Image"></a><p>Turkish Foreign Snack Box, Gourmet Turkish Food Gift Box, Variety of Unique Sweets and Savory Snacks from Turkey - International Snacks Box - Full Sized Snacks - 24ct</p><p>$23.99 ($1.00 / Count)</p><a href="https://www.amazon.com/dp/B0CGRMR7VN?tag=eloabder-20&linkCode=osi&th=1&psc=1">View Product</a></div>
<div class="product"><a href="https://www.amazon.com/dp/B001EQ5NHE?tag=eloabder-20&linkCode=osi&th=1&psc=1"><img src="https://m.media-amazon.com/images/I/51Kg06c5YuL._SL500_.jpg" alt="Product Image"></a><p>Spam Classic, 12 Ounce Can (Pack of 12)</p><p>$28.32 ($0.20 / Ounce)</p><a href="https://www.amazon.com/dp/B001EQ5NHE?tag=eloabder-20&linkCode=osi&th=1&psc=1">View Product</a></div><div class="product"><a href="https://www.amazon.com/dp/B08DQ6422D?tag=eloabder-20&linkCode=osi&th=1&psc=1"><img src="https://m.media-amazon.com/images/I/51-xOj2EbVL._SL500_.jpg" alt="Product Image"></a><p>Del Monte Cut Blue Lake Green Beans With No Added Salt 14.5 Oz,(Pack of 4)</p><p>$5.28 ($0.09 / Ounce)</p><a href="https://www.amazon.com/dp/B08DQ6422D?tag=eloabder-20&linkCode=osi&th=1&psc=1">View Product</a></div><div class="product"><a href="https://www.amazon.com/dp/B089PMW6C3?tag=eloabder-20&linkCode=osi&th=1&psc=1"><img src="https://m.media-amazon.com/images/I/41fKtFm2RAL._SL500_.jpg" alt="Product Image"></a><p>SpaghettiOs Canned Pasta with Meatballs, 15.6 oz Can (Pack of 12)</p><p>$11.44 ($0.06 / Ounce)</p><a href="https://www.amazon.com/dp/B089PMW6C3?tag=eloabder-20&linkCode=osi&th=1&psc=1">View Product</a></div><div class="product"><a href="https://www.amazon.com/dp/B006VS7C60?tag=eloabder-20&linkCode=osi&th=1&psc=1"><img src="https://m.media-amazon.com/images/I/51adZb-RUeL._SL500_.jpg" alt="Product Image"></a><p>Campbell’s Pork and Beans, 11 Oz Can (Case of 24)</p><p>$20.64 ($0.08 / Ounce)</p><a href="https://www.amazon.com/dp/B006VS7C60?tag=eloabder-20&linkCode=osi&th=1&psc=1">View Product</a></div><div class="product"><a href="https://www.amazon.com/dp/B00CPDWTBI?tag=eloabder-20&linkCode=osi&th=1&psc=1"><img src="https://m.media-amazon.com/images/I/61M2-LCC5uL._SL500_.jpg" alt="Product Image"></a><p>DEL MONTE FRESH CUT Whole New Canned Potatoes, Canned Vegetables, 12 Pack, 14.5 oz Can</p><p>$17.76 ($0.10 / Ounce)</p><a href="https://www.amazon.com/dp/B00CPDWTBI?tag=eloabder-20&linkCode=osi&th=1&psc=1">View Product</a></div><div class="product"><a href="https://www.amazon.com/dp/B00TFPKEZM?tag=eloabder-20&linkCode=osi&th=1&psc=1"><img src="https://m.media-amazon.com/images/I/51VTHItyaXL._SL500_.jpg" alt="Product Image"></a><p>Del Monte Canned Fresh Cut French Style Green Beans, 8 Ounce (Pack of 12)</p><p>$16.68 ($0.17 / Ounce)</p><a href="https://www.amazon.com/dp/B00TFPKEZM?tag=eloabder-20&linkCode=osi&th=1&psc=1">View Product</a></div><div class="product"><a href="https://www.amazon.com/dp/B08WR5J62L?tag=eloabder-20&linkCode=osi&th=1&psc=1"><img src="https://m.media-amazon.com/images/I/51QjonsN18L._SL500_.jpg" alt="Product Image"></a><p>Chicken of the Sea Chunk Light Tuna in Water, Wild Caught Tuna, 5-Ounce Cans (Pack of 10)</p><p>$8.90 ($2.85 / lb)</p><a href="https://www.amazon.com/dp/B08WR5J62L?tag=eloabder-20&linkCode=osi&th=1&psc=1">View Product</a></div><div class="product"><a href="https://www.amazon.com/dp/B01MQ6BDM0?tag=eloabder-20&linkCode=osi&th=1&psc=1"><img src="https://m.media-amazon.com/images/I/51chxbCoRfL._SL500_.jpg" alt="Product Image"></a><p>Libby's Vienna Sausage in Chicken Broth, Canned Sausage, 4.6 OZ (Pack of 24)</p><p>$23.52 ($0.98 / Count)</p><a href="https://www.amazon.com/dp/B01MQ6BDM0?tag=eloabder-20&linkCode=osi&th=1&psc=1">View Product</a></div><div class="product"><a href="https://www.amazon.com/dp/B01NBFQ8TF?tag=eloabder-20&linkCode=osi&th=1&psc=1"><img src="https://m.media-amazon.com/images/I/41ijyPglLPL._SL500_.jpg" alt="Product Image"></a><p>Bush's Best Baked Beans, Country Style with Bacon and Brown Sugar, 8.3 OZ (Pack of 12)</p><p>$20.28 ($1.69 / Count)</p><a href="https://www.amazon.com/dp/B01NBFQ8TF?tag=eloabder-20&linkCode=osi&th=1&psc=1">View Product</a></div><div class="product"><a href="https://www.amazon.com/dp/B019YHSNGC?tag=eloabder-20&linkCode=osi&th=1&psc=1"><img src="https://m.media-amazon.com/images/I/51oHYkvLL0L._SL500_.jpg" alt="Product Image"></a><p>Bumble Bee Chunk Light Tuna In Water, 5 oz Cans (Pack of 24) - Wild Caught Skipjack Tuna - 23g Protein Per Serving - MSC Certified Sustainable Seafood, Non-GMO, Gluten Free, Kosher</p><p>$23.36 ($0.19 / Ounce)</p><a href="https://www.amazon.com/dp/B019YHSNGC?tag=eloabder-20&linkCode=osi&th=1&psc=1">View Product</a></div>
<div class="product"><a href="https://www.amazon.com/dp/B07KQNNW9K?tag=eloabder-20&linkCode=osi&th=1&psc=1"><img src="https://m.media-amazon.com/images/I/51EVSxp535L._SL500_.jpg" alt="Product Image"></a><p>HORMEL COMPLEATS Protein Variety Pack Microwave Trays (Pack of 5)</p><p>$14.99 ($0.33 / Ounce)</p><a href="https://www.amazon.com/dp/B07KQNNW9K?tag=eloabder-20&linkCode=osi&th=1&psc=1">View Product</a></div><div class="product"><a href="https://www.amazon.com/dp/B000V1JVAI?tag=eloabder-20&linkCode=osi&th=1&psc=1"><img src="https://m.media-amazon.com/images/I/51moeAwg0qL._SL500_.jpg" alt="Product Image"></a><p>HORMEL COMPLEATS Meatloaf & Gravy With Mashed Potatoes Microwave Tray, 9 oz. (6 Pack)</p><p>$13.68 ($0.25 / Ounce)</p><a href="https://www.amazon.com/dp/B000V1JVAI?tag=eloabder-20&linkCode=osi&th=1&psc=1">View Product</a></div><div class="product"><a href="https://www.amazon.com/dp/B001E55YXS?tag=eloabder-20&linkCode=osi&th=1&psc=1"><img src="https://m.media-amazon.com/images/I/51f7Q-awP2L._SL500_.jpg" alt="Product Image"></a><p>HORMEL COMPLEATS Beef Pot Roast Microwave Tray, 9 Ounce (Pack of 6)</p><p>$13.68 ($0.25 / Ounce)</p><a href="https://www.amazon.com/dp/B001E55YXS?tag=eloabder-20&linkCode=osi&th=1&psc=1">View Product</a></div><div class="product"><a href="https://www.amazon.com/dp/B001E52XGO?tag=eloabder-20&linkCode=osi&th=1&psc=1"><img src="https://m.media-amazon.com/images/I/513-IE78MvL._SL500_.jpg" alt="Product Image"></a><p>HORMEL COMPLEATS Turkey & Dressing Microwave Tray, 10 oz. (6 Pack)</p><p>$13.68 ($0.23 / Ounce)</p><a href="https://www.amazon.com/dp/B001E52XGO?tag=eloabder-20&linkCode=osi&th=1&psc=1">View Product</a></div><div class="product"><a href="https://www.amazon.com/dp/B01JLWGOCA?tag=eloabder-20&linkCode=osi&th=1&psc=1"><img src="https://m.media-amazon.com/images/I/41JtN2c2Y3L._SL500_.jpg" alt="Product Image"></a><p>Idahoan Four Cheese Mashed Potatoes, Made with Gluten-Free 100-Percent Real Idaho Potatoes, 1.5 oz Cup (Pack of 10)</p><p>$11.23 ($0.75 / Ounce)</p><a href="https://www.amazon.com/dp/B01JLWGOCA?tag=eloabder-20&linkCode=osi&th=1&psc=1">View Product</a></div><div class="product"><a href="https://www.amazon.com/dp/B08P3SVWFR?tag=eloabder-20&linkCode=osi&th=1&psc=1"><img src="https://m.media-amazon.com/images/I/51Q7KX85dtL._SL500_.jpg" alt="Product Image"></a><p>StarKist Premium White Chicken - 2.6 oz Pouch (Pack of 12)</p><p>$15.06 ($0.48 / Ounce)</p><a href="https://www.amazon.com/dp/B08P3SVWFR?tag=eloabder-20&linkCode=osi&th=1&psc=1">View Product</a></div><div class="product"><a href="https://www.amazon.com/dp/B001E52WAG?tag=eloabder-20&linkCode=osi&th=1&psc=1"><img src="https://m.media-amazon.com/images/I/51dV9dBtkEL._SL500_.jpg" alt="Product Image"></a><p>Dinty Moore Beef Stew, 9-Ounce Packages (Pack of 6)</p><p>$17.34 ($0.32 / Ounce)</p><a href="https://www.amazon.com/dp/B001E52WAG?tag=eloabder-20&linkCode=osi&th=1&psc=1">View Product</a></div><div class="product"><a href="https://www.amazon.com/dp/B0BTQWY5LL?tag=eloabder-20&linkCode=osi&th=1&psc=1"><img src="https://m.media-amazon.com/images/I/61dN-t0ureL._SL500_.jpg" alt="Product Image"></a><p>MISS OLIVE'S Variety Pack Microwavable Low Sodium Ready Meals (Bundle of 6)-1 of each flavor</p><p>$26.49 ($0.63 / Ounce)</p><a href="https://www.amazon.com/dp/B0BTQWY5LL?tag=eloabder-20&linkCode=osi&th=1&psc=1">View Product</a></div><div class="product"><a href="https://www.amazon.com/dp/B0111Y7PO2?tag=eloabder-20&linkCode=osi&th=1&psc=1"><img src="https://m.media-amazon.com/images/I/51ReJtj0zJL._SL500_.jpg" alt="Product Image"></a><p>HORMEL COMPLEATS Rice & Chicken Microwave Tray, 7.5 Ounces (Pack of 7)</p><p>$15.96 ($0.30 / Ounce)</p><a href="https://www.amazon.com/dp/B0111Y7PO2?tag=eloabder-20&linkCode=osi&th=1&psc=1">View Product</a></div><div class="product"><a href="https://www.amazon.com/dp/B09GL33XZG?tag=eloabder-20&linkCode=osi&th=1&psc=1"><img src="https://m.media-amazon.com/images/I/41tbj+XvZLL._SL500_.jpg" alt="Product Image"></a><p>HMR Ultimate Entrée Pack | Pre-packaged Lunch or Dinner to Support Weight Loss | Pack of 17 Ready to Eat Meals | 10-20 grams of Protein per Entrée | Low Calorie Food | 7-8oz Servings per Meal</p><p>$89.99</p><a href="https://www.amazon.com/dp/B09GL33XZG?tag=eloabder-20&linkCode=osi&th=1&psc=1">View Product</a></div>
<div class="product"><a href="https://www.amazon.com/dp/B00I9VBMLI?tag=eloabder-20&linkCode=osi&th=1&psc=1"><img src="https://m.media-amazon.com/images/I/51kyWWI+vRL._SL500_.jpg" alt="Product Image"></a><p>Chef Boyardee Beef Ravioli, 15 oz, 4 Pack</p><p>$4.48 ($0.07 / Count)</p><a href="https://www.amazon.com/dp/B00I9VBMLI?tag=eloabder-20&linkCode=osi&th=1&psc=1">View Product</a></div>
<div class="product"><a href="https://www.amazon.com/dp/B0CJCXLDSP?tag=eloabder-20&linkCode=osi&th=1&psc=1"><img src="https://m.media-amazon.com/images/I/41uUHvJRp2L._SL500_.jpg" alt="Product Image"></a><p>ARM & HAMMER Baking Soda Made in USA, Ideal for Baking, Pure & Natural, 2.7lb Bag</p><p>$7.99 ($0.18 / Ounce)</p><a href="https://www.amazon.com/dp/B0CJCXLDSP?tag=eloabder-20&linkCode=osi&th=1&psc=1">View Product</a></div><div class="product"><a href="https://www.amazon.com/dp/B07JFLXZQV?tag=eloabder-20&linkCode=osi&th=1&psc=1"><img src="https://m.media-amazon.com/images/I/41mGwlHTcmL._SL500_.jpg" alt="Product Image"></a><p>Vanilla Bean Paste for Baking and Cooking - Gourmet Madagascar Bourbon Blend made with Real Vanilla Seeds - 4 Ounces</p><p>$14.99 ($3.75 / Ounce)</p><a href="https://www.amazon.com/dp/B07JFLXZQV?tag=eloabder-20&linkCode=osi&th=1&psc=1">View Product</a></div><div class="product"><a href="https://www.amazon.com/dp/B0046EJ570?tag=eloabder-20&linkCode=osi&th=1&psc=1"><img src="https://m.media-amazon.com/images/I/31TFd1IdsRL._SL500_.jpg" alt="Product Image"></a><p>Watkins All Natural Original Gourmet Baking Vanilla, with Pure Vanilla Extract, 11 Fl Oz (Pack of 1) - Packaging May Vary</p><p>$12.35 ($1.12 / Fl Oz)</p><a href="https://www.amazon.com/dp/B0046EJ570?tag=eloabder-20&linkCode=osi&th=1&psc=1">View Product</a></div><div class="product"><a href="https://www.amazon.com/dp/B00PMUNEK6?tag=eloabder-20&linkCode=osi&th=1&psc=1"><img src="https://m.media-amazon.com/images/I/41LZqR+JNZL._SL500_.jpg" alt="Product Image"></a><p>10 Organic Madagascar Vanilla Beans Whole Grade A Vanilla Pods for Vanilla Extract and Baking</p><p>$11.04 ($1.10 / Count)</p><a href="https://www.amazon.com/dp/B00PMUNEK6?tag=eloabder-20&linkCode=osi&th=1&psc=1">View Product</a></div><div class="product"><a href="https://www.amazon.com/dp/B0CBW3D9T7?tag=eloabder-20&linkCode=osi&th=1&psc=1"><img src="https://m.media-amazon.com/images/I/414XubDDPPL._SL500_.jpg" alt="Product Image"></a><p>Scratch Diastatic Malt Powder for Baking - (10oz) Dried Barley Malt for Baking Bread - Bread Improver - Premium Baking Ingredients for Breads, Pizzas, Pretzels, Desserts, Shakes and More</p><p>$8.95 ($0.90 / Ounce)</p><a href="https://www.amazon.com/dp/B0CBW3D9T7?tag=eloabder-20&linkCode=osi&th=1&psc=1">View Product</a></div><div class="product"><a href="https://www.amazon.com/dp/B00VEJOUXE?tag=eloabder-20&linkCode=osi&th=1&psc=1"><img src="https://m.media-amazon.com/images/I/41HmZhMPH1L._SL500_.jpg" alt="Product Image"></a><p>Bob's Red Mill Baking Soda - 1 Pound (Pack of 4), Non GMO, Gluten Free, Vegan, Kosher, Paleo Friendly</p><p>$13.10 ($0.20 / Ounce)</p><a href="https://www.amazon.com/dp/B00VEJOUXE?tag=eloabder-20&linkCode=osi&th=1&psc=1">View Product</a></div><div class="product"><a href="https://www.amazon.com/dp/B0CG7C5X2F?tag=eloabder-20&linkCode=osi&th=1&psc=1"><img src="https://m.media-amazon.com/images/I/41cN3OdncVL._SL500_.jpg" alt="Product Image"></a><p>Micro Ingredients Baking Soda Powder, 6lbs | Pure Sodium Bicarbonate | Bulk Food Grade Supply | Great for Cleaning, Cooking, Laundry, or Personal Care | Non-GMO, Filler Free</p><p>$13.95 ($0.15 / Ounce)</p><a href="https://www.amazon.com/dp/B0CG7C5X2F?tag=eloabder-20&linkCode=osi&th=1&psc=1">View Product</a></div><div class="product"><a href="https://www.amazon.com/dp/B075456XMK?tag=eloabder-20&linkCode=osi&th=1&psc=1"><img src="https://m.media-amazon.com/images/I/31YCnL21+nL._SL500_.jpg" alt="Product Image"></a><p>Pure Original Ingredients Baking Soda (2 lb) Sodium Bicarbonate (NaHCO3), Always Pure, No Fillers Or Additives.</p><p>$11.99 ($0.37 / Ounce)</p><a href="https://www.amazon.com/dp/B075456XMK?tag=eloabder-20&linkCode=osi&th=1&psc=1">View Product</a></div><div class="product"><a href="https://www.amazon.com/dp/B08FYKMRGT?tag=eloabder-20&linkCode=osi&th=1&psc=1"><img src="https://m.media-amazon.com/images/I/41TdlxCI0EL._SL500_.jpg" alt="Product Image"></a><p>King Arthur, Baking Sugar Alternative, Made with Plant-Based Ingredients, Keto-Friendly, 1-to-1 Substitute for Granulated Sugar, 12 Ounces</p><p>$9.95 ($0.83 / Ounce)</p><a href="https://www.amazon.com/dp/B08FYKMRGT?tag=eloabder-20&linkCode=osi&th=1&psc=1">View Product</a></div><div class="product"><a href="https://www.amazon.com/dp/B07KKL5Q68?tag=eloabder-20&linkCode=osi&th=1&psc=1"><img src="https://m.media-amazon.com/images/I/41G0eZnHIxL._SL500_.jpg" alt="Product Image"></a><p>Pure Original Ingredients Baking Soda (1 Gallon) Aluminum Free, Cooking, Baking, Cleaning</p><p>$30.99 ($0.19 / Ounce)</p><a href="https://www.amazon.com/dp/B07KKL5Q68?tag=eloabder-20&linkCode=osi&th=1&psc=1">View Product</a></div>
<div class="product"><a href="https://www.amazon.com/dp/B0029K0U90?tag=eloabder-20&linkCode=osi&th=1&psc=1"><img src="https://m.media-amazon.com/images/I/412vWjuj9tL._SL500_.jpg" alt="Product Image"></a><p>Mrs. Wages Pasta Sauce Canning Mix 5 Ounce (Pack of 6)</p><p>$19.32 ($0.64 / Ounce)</p><a href="https://www.amazon.com/dp/B0029K0U90?tag=eloabder-20&linkCode=osi&th=1&psc=1">View Product</a></div><div class="product"><a href="https://www.amazon.com/dp/B0005ZWUDU?tag=eloabder-20&linkCode=osi&th=1&psc=1"><img src="https://m.media-amazon.com/images/I/411oE+5BGYL._SL500_.jpg" alt="Product Image"></a><p>Classico Roasted Garlic Tomato Spaghetti Pasta Sauce (24 oz Jar)</p><p>$2.98 ($0.12 / Ounce)</p><a href="https://www.amazon.com/dp/B0005ZWUDU?tag=eloabder-20&linkCode=osi&th=1&psc=1">View Product</a></div><div class="product"><a href="https://www.amazon.com/dp/B00H3TKG6O?tag=eloabder-20&linkCode=osi&th=1&psc=1"><img src="https://m.media-amazon.com/images/I/41dtGUjEl7L._SL500_.jpg" alt="Product Image"></a><p>Classico Family Favorites Traditional Pasta Sauce (24 oz Jar)</p><p>$2.16 ($0.09 / Ounce)</p><a href="https://www.amazon.com/dp/B00H3TKG6O?tag=eloabder-20&linkCode=osi&th=1&psc=1">View Product</a></div><div class="product"><a href="https://www.amazon.com/dp/B088N719GQ?tag=eloabder-20&linkCode=osi&th=1&psc=1"><img src="https://m.media-amazon.com/images/I/412O4vvfLcL._SL500_.jpg" alt="Product Image"></a><p>Prego Traditional Pasta Sauce, 45 Oz Jar</p><p>$4.23 ($0.09 / Ounce)</p><a href="https://www.amazon.com/dp/B088N719GQ?tag=eloabder-20&linkCode=osi&th=1&psc=1">View Product</a></div><div class="product"><a href="https://www.amazon.com/dp/B00IAE65L6?tag=eloabder-20&linkCode=osi&th=1&psc=1"><img src="https://m.media-amazon.com/images/I/41keFWtHEbL._SL500_.jpg" alt="Product Image"></a><p>Prego Traditional Pasta Sauce, 67 Oz Jar</p><p>$5.36 ($0.08 / Ounce)</p><a href="https://www.amazon.com/dp/B00IAE65L6?tag=eloabder-20&linkCode=osi&th=1&psc=1">View Product</a></div><div class="product"><a href="https://www.amazon.com/dp/B0CRXQZMWN?tag=eloabder-20&linkCode=osi&th=1&psc=1"><img src="https://m.media-amazon.com/images/I/41GWdkqzH0L._SL500_.jpg" alt="Product Image"></a><p>Prego Creamy Roasted Garlic Pesto Pasta Sauce, 14.5 oz Jar</p><p>$2.79 ($0.19 / Ounce)</p><a href="https://www.amazon.com/dp/B0CRXQZMWN?tag=eloabder-20&linkCode=osi&th=1&psc=1">View Product</a></div><div class="product"><a href="https://www.amazon.com/dp/B0033TSDKY?tag=eloabder-20&linkCode=osi&th=1&psc=1"><img src="https://m.media-amazon.com/images/I/416ipEt-ErS._SL500_.jpg" alt="Product Image"></a><p>Classico Four Cheese Alfredo Pasta Sauce (15 oz Jar)</p><p>$3.13 ($0.21 / Ounce)</p><a href="https://www.amazon.com/dp/B0033TSDKY?tag=eloabder-20&linkCode=osi&th=1&psc=1">View Product</a></div><div class="product"><a href="https://www.amazon.com/dp/B000Q3R6V2?tag=eloabder-20&linkCode=osi&th=1&psc=1"><img src="https://m.media-amazon.com/images/I/51DwtNnipoL._SL500_.jpg" alt="Product Image"></a><p>Hunt's Traditional Pasta Sauce, 24 oz</p><p>$1.34 ($0.06 / Ounce)</p><a href="https://www.amazon.com/dp/B000Q3R6V2?tag=eloabder-20&linkCode=osi&th=1&psc=1">View Product</a></div><div class="product"><a href="https://www.amazon.com/dp/B00XXGW39Y?tag=eloabder-20&linkCode=osi&th=1&psc=1"><img src="https://m.media-amazon.com/images/I/41FycYZ91BL._SL500_.jpg" alt="Product Image"></a><p>Classico Vodka Sauce Tomato Spaghetti Pasta Sauce (24 oz Jar)</p><p>$2.52 ($0.10 / Fl Oz)</p><a href="https://www.amazon.com/dp/B00XXGW39Y?tag=eloabder-20&linkCode=osi&th=1&psc=1">View Product</a></div><div class="product"><a href="https://www.amazon.com/dp/B07JVJR966?tag=eloabder-20&linkCode=osi&th=1&psc=1"><img src="https://m.media-amazon.com/images/I/412rjNSU1HL._SL500_.jpg" alt="Product Image"></a><p>Prego Traditional Pasta Sauce, 24 Oz Jar (Case of 12)</p><p>$29.76 ($0.10 / Fl Oz)</p><a href="https://www.amazon.com/dp/B07JVJR966?tag=eloabder-20&linkCode=osi&th=1&psc=1">View Product</a></div>
<div class="product"><a href="https://www.amazon.com/dp/B07GBS8GVH?tag=eloabder-20&linkCode=osi&th=1&psc=1"><img src="https://m.media-amazon.com/images/I/51Xpb2UbnAS._SL500_.jpg" alt="Product Image"></a><p>BEN'S ORIGINAL Ready Rice Whole Grain Brown Rice, Easy Dinner Side, 8.8 OZ Pouch (Pack of 6)</p><p>$13.08 ($0.25 / Ounce)</p><a href="https://www.amazon.com/dp/B07GBS8GVH?tag=eloabder-20&linkCode=osi&th=1&psc=1">View Product</a></div><div class="product"><a href="https://www.amazon.com/dp/B000YPKPV0?tag=eloabder-20&linkCode=osi&th=1&psc=1"><img src="https://m.media-amazon.com/images/I/51RKdJy7-TL._SL500_.jpg" alt="Product Image"></a><p>Rice-A-Roni Long grain & wild rice with herbs, 4.3 Ounce Pack of 12</p><p>$12.00 ($0.23 / Ounce)</p><a href="https://www.amazon.com/dp/B000YPKPV0?tag=eloabder-20&linkCode=osi&th=1&psc=1">View Product</a></div><div class="product"><a href="https://www.amazon.com/dp/B004NRLAVY?tag=eloabder-20&linkCode=osi&th=1&psc=1"><img src="https://m.media-amazon.com/images/I/51l35npdSyL._SL500_.jpg" alt="Product Image"></a><p>Nishiki Premium Rice, Medium Grain,15 Pound (Pack of 1)</p><p>$20.19 ($0.08 / Ounce)</p><a href="https://www.amazon.com/dp/B004NRLAVY?tag=eloabder-20&linkCode=osi&th=1&psc=1">View Product</a></div><div class="product"><a href="https://www.amazon.com/dp/B00MMTQAF6?tag=eloabder-20&linkCode=osi&th=1&psc=1"><img src="https://m.media-amazon.com/images/I/41uID5vVhuL._SL500_.jpg" alt="Product Image"></a><p>Mahatma Extra Long Grain White Rice, 10 Pound, Gluten-Free and Non-GMO, Rice Bulk Bag (Pack of 1)</p><p>$9.98 ($0.06 / Ounce)</p><a href="https://www.amazon.com/dp/B00MMTQAF6?tag=eloabder-20&linkCode=osi&th=1&psc=1">View Product</a></div><div class="product"><a href="https://www.amazon.com/dp/B00I330QEQ?tag=eloabder-20&linkCode=osi&th=1&psc=1"><img src="https://m.media-amazon.com/images/I/41eu-3nevsL._SL500_.jpg" alt="Product Image"></a><p>Authentic Royal - Naturally Aged Long Grain Indian White Basmati Rice - 15 lbs</p><p>$15.03 ($0.06 / Ounce)</p><a href="https://www.amazon.com/dp/B00I330QEQ?tag=eloabder-20&linkCode=osi&th=1&psc=1">View Product</a></div><div class="product"><a href="https://www.amazon.com/dp/B00CLGUKKG?tag=eloabder-20&linkCode=osi&th=1&psc=1"><img src="https://m.media-amazon.com/images/I/41mEtyqtEVL._SL500_.jpg" alt="Product Image"></a><p>Mahatma Whole-Grain Brown Rice, 32-Ounce Bag of Rice, Stovetop or Microwave Rice</p><p>$2.68 ($0.08 / Ounce)</p><a href="https://www.amazon.com/dp/B00CLGUKKG?tag=eloabder-20&linkCode=osi&th=1&psc=1">View Product</a></div><div class="product"><a href="https://www.amazon.com/dp/B0087HFXJ6?tag=eloabder-20&linkCode=osi&th=1&psc=1"><img src="https://m.media-amazon.com/images/I/51eYTUAUKZL._SL500_.jpg" alt="Product Image"></a><p>RiceSelect Royal Blend, Blend Of Texmati White, Brown, Red, And Wild Rice, Premium Gluten Free Rice, Non-GMO, 21 Ounce Jar</p><p>$6.98 ($0.33 / Ounce)</p><a href="https://www.amazon.com/dp/B0087HFXJ6?tag=eloabder-20&linkCode=osi&th=1&psc=1">View Product</a></div><div class="product"><a href="https://www.amazon.com/dp/B07HKTD2BD?tag=eloabder-20&linkCode=osi&th=1&psc=1"><img src="https://m.media-amazon.com/images/I/519+60cp2dL._SL500_.jpg" alt="Product Image"></a><p>Nishiki Premium 7 Grains Mix, 2 Pound</p><p>$14.49 ($0.45 / Ounce)</p><a href="https://www.amazon.com/dp/B07HKTD2BD?tag=eloabder-20&linkCode=osi&th=1&psc=1">View Product</a></div><div class="product"><a href="https://www.amazon.com/dp/B00G9U46DW?tag=eloabder-20&linkCode=osi&th=1&psc=1"><img src="https://m.media-amazon.com/images/I/51Xpb2UbnAS._SL500_.jpg" alt="Product Image"></a><p>BEN'S ORIGINAL Ready Rice Whole Grain Brown Rice, Easy Dinner Side, 8.8 OZ Pouch (Pack of 12)</p><p>$26.16 ($0.25 / Ounce)</p><a href="https://www.amazon.com/dp/B00G9U46DW?tag=eloabder-20&linkCode=osi&th=1&psc=1">View Product</a></div>
<div class="product"><a href="https://www.amazon.com/dp/B0D4KLB4HP?tag=eloabder-20&linkCode=osi&th=1&psc=1"><img src="https://m.media-amazon.com/images/I/51r7s+M2jqL._SL500_.jpg" alt="Product Image"></a><p>Chronos Condiment 150 bundle pack - 50 Single Serve Pouches of Each: Ketchup, Mustard, and Mayo - 150 Pack, Great for Picnics, Boxed Lunch, BBQ, Travel, and Parties</p><p>$21.97</p><a href="https://www.amazon.com/dp/B0D4KLB4HP?tag=eloabder-20&linkCode=osi&th=1&psc=1">View Product</a></div><div class="product"><a href="https://www.amazon.com/dp/B003XLOOCS?tag=eloabder-20&linkCode=osi&th=1&psc=1"><img src="https://m.media-amazon.com/images/I/51x0jDzOLjL._SL500_.jpg" alt="Product Image"></a><p>Heinz Tomato Ketchup, Relish, and Mustard Picnic Pack, 3 Count</p><p>$5.98 ($0.11 / Ounce)</p><a href="https://www.amazon.com/dp/B003XLOOCS?tag=eloabder-20&linkCode=osi&th=1&psc=1">View Product</a></div><div class="product"><a href="https://www.amazon.com/dp/B0992VW16R?tag=eloabder-20&linkCode=osi&th=1&psc=1"><img src="https://m.media-amazon.com/images/I/51eFgOarc1L._SL500_.jpg" alt="Product Image"></a><p>Grab-n-Go Condiment Packs - 50 Single Serve Pouches of Each: Ketchup, Mustard, Relish, and Mayo - Great for Picnics, Boxed Lunch, BBQ, Travel, Picnic and Parties (200 Condiment Packets Total)</p><p>$29.99 ($0.15 / Count)</p><a href="https://www.amazon.com/dp/B0992VW16R?tag=eloabder-20&linkCode=osi&th=1&psc=1">View Product</a></div><div class="product"><a href="https://www.amazon.com/dp/B0D3J9HHS2?tag=eloabder-20&linkCode=osi&th=1&psc=1"><img src="https://m.media-amazon.com/images/I/51VkOjMAkXL._SL500_.jpg" alt="Product Image"></a><p>Heinz Condiment Packets Variety 100 Pack- 25 Heinz Ketchup Packets, 25 Mayonnaise Packets, 25 Mustard Packets, and 25 Relish Packets. Ketchup Heinz, Mayo Packets.</p><p>$19.99 ($0.20 / Count)</p><a href="https://www.amazon.com/dp/B0D3J9HHS2?tag=eloabder-20&linkCode=osi&th=1&psc=1">View Product</a></div><div class="product"><a href="https://www.amazon.com/dp/B091DCC2CH?tag=eloabder-20&linkCode=osi&th=1&psc=1"><img src="https://m.media-amazon.com/images/I/415Iq4kWRXL._SL500_.jpg" alt="Product Image"></a><p>Hellmann's Real Mayonnaise Squeeze Bottle 3 Count a Rich Creamy Condiment Gluten Free, Made With 100% Cage-Free Eggs 20 oz</p><p>$11.90 ($0.20 / Fl Oz)</p><a href="https://www.amazon.com/dp/B091DCC2CH?tag=eloabder-20&linkCode=osi&th=1&psc=1">View Product</a></div><div class="product"><a href="https://www.amazon.com/dp/B0CMR2DML7?tag=eloabder-20&linkCode=osi&th=1&psc=1"><img src="https://m.media-amazon.com/images/I/61dFhpega1L._SL500_.jpg" alt="Product Image"></a><p>Crait Individual Condiment Packets Variety Pack of 50 Hot Sauce Packets with Mayo Packets, Ketchup Packets and Yellow Mustard Packets Single Serve</p><p>$15.00 ($0.30 / Count)</p><a href="https://www.amazon.com/dp/B0CMR2DML7?tag=eloabder-20&linkCode=osi&th=1&psc=1">View Product</a></div><div class="product"><a href="https://www.amazon.com/dp/B0D3JCR2XS?tag=eloabder-20&linkCode=osi&th=1&psc=1"><img src="https://m.media-amazon.com/images/I/51RtTP7u7aL._SL500_.jpg" alt="Product Image"></a><p>Hot Sauce Variety Pack of 48 Condiment Packets. 4 Each of 12 Flavors. Texas Pete Hot Sauce Packets, Mini Condiments, Mini Hot Sauce, Condiment Packets Variety Pack, Single Serve</p><p>$17.99 ($0.37 / Count)</p><a href="https://www.amazon.com/dp/B0D3JCR2XS?tag=eloabder-20&linkCode=osi&th=1&psc=1">View Product</a></div><div class="product"><a href="https://www.amazon.com/dp/B00XK3IYUW?tag=eloabder-20&linkCode=osi&th=1&psc=1"><img src="https://m.media-amazon.com/images/I/51T9Vgtx+bL._SL500_.jpg" alt="Product Image"></a><p>Heinz Condiment Packets Ketchup and Mustard (100 Total; 50 Each Flavor)</p><p>$13.10 ($0.60 / Ounce)</p><a href="https://www.amazon.com/dp/B00XK3IYUW?tag=eloabder-20&linkCode=osi&th=1&psc=1">View Product</a></div>
<div class="product"><a href="https://www.amazon.com/dp/B09DYZSHJR?tag=eloabder-20&linkCode=osi&th=1&psc=1"><img src="https://m.media-amazon.com/images/I/31fEqU5FfOL._SL500_.jpg" alt="Product Image"></a><p>DaVinci Gourmet Honey Syrup, 25.4 Fluid Ounce (Pack of 1)</p><p>$9.99 ($0.39 / Fl Oz)</p><a href="https://www.amazon.com/dp/B09DYZSHJR?tag=eloabder-20&linkCode=osi&th=1&psc=1">View Product</a></div><div class="product"><a href="https://www.amazon.com/dp/B09GW7TXH3?tag=eloabder-20&linkCode=osi&th=1&psc=1"><img src="https://m.media-amazon.com/images/I/31hUGuR-NsL._SL500_.jpg" alt="Product Image"></a><p>Glorybee, Premium Honey Syrup, Real Honey, No Artifical colors or flavors, 25.4 fl oz</p><p>$10.73 ($0.42 / Fl Oz)</p><a href="https://www.amazon.com/dp/B09GW7TXH3?tag=eloabder-20&linkCode=osi&th=1&psc=1">View Product</a></div><div class="product"><a href="https://www.amazon.com/dp/B07C1138N5?tag=eloabder-20&linkCode=osi&th=1&psc=1"><img src="https://m.media-amazon.com/images/I/31bISVR+FkL._SL500_.jpg" alt="Product Image"></a><p>Monin - Honey Syrup, Smooth Sweet Honey Flavor, Great for Teas, Lemonades, Cocktails, & Coffee, Gluten-Free, Non-GMO (1 Liter)</p><p>$19.13 ($0.57 / Fl Oz)</p><a href="https://www.amazon.com/dp/B07C1138N5?tag=eloabder-20&linkCode=osi&th=1&psc=1">View Product</a></div><div class="product"><a href="https://www.amazon.com/dp/B0D43FMJ8V?tag=eloabder-20&linkCode=osi&th=1&psc=1"><img src="https://m.media-amazon.com/images/I/41P8d3eueDL._SL500_.jpg" alt="Product Image"></a><p>Torani Salted Honey Butter Syrup for Coffee 25.4 Ounces Coffee Syrups and Flavors with Jimoco Pump Syrup Dispenser</p><p>$17.95 ($0.71 / Fl Oz)</p><a href="https://www.amazon.com/dp/B0D43FMJ8V?tag=eloabder-20&linkCode=osi&th=1&psc=1">View Product</a></div><div class="product"><a href="https://www.amazon.com/dp/B00IRRJBRQ?tag=eloabder-20&linkCode=osi&th=1&psc=1"><img src="https://m.media-amazon.com/images/I/31a3OJgvluL._SL500_.jpg" alt="Product Image"></a><p>Torani Honey Sweetener, 25.4 Ounce (Pack of 4)</p><p>$25.47 ($0.25 / Fl Oz)</p><a href="https://www.amazon.com/dp/B00IRRJBRQ?tag=eloabder-20&linkCode=osi&th=1&psc=1">View Product</a></div><div class="product"><a href="https://www.amazon.com/dp/B0BSMPDPZ9?tag=eloabder-20&linkCode=osi&th=1&psc=1"><img src="https://m.media-amazon.com/images/I/41A+L9ilEXL._SL500_.jpg" alt="Product Image"></a><p>Monin - Hot Honey Syrup, Robust Sweet & Spicy Flavors, Great for Lemonades, Teas, Cocktails, Culinary Recipes, & More, No Artificial Sweeteners, Gluten-Free, Non-GMO, Clean Label (1 Liter)</p><p>$17.99 ($0.53 / Fl Oz)</p><a href="https://www.amazon.com/dp/B0BSMPDPZ9?tag=eloabder-20&linkCode=osi&th=1&psc=1">View Product</a></div><div class="product"><a href="https://www.amazon.com/dp/B078YFLF9K?tag=eloabder-20&linkCode=osi&th=1&psc=1"><img src="https://m.media-amazon.com/images/I/41Gx-mwendL._SL500_.jpg" alt="Product Image"></a><p>Tippleman's Ginger Honey Syrup - Craft Cocktail Mixer - All Natural Complex Syrup for Cocktails and Non-Alcoholic Beverages - Margarita, Whiskey Sour, or Sweet Iced Tea - Makes 17 Cocktails</p><p>$24.99 ($1.92 / Fl Oz)</p><a href="https://www.amazon.com/dp/B078YFLF9K?tag=eloabder-20&linkCode=osi&th=1&psc=1">View Product</a></div><div class="product"><a href="https://www.amazon.com/dp/B07CWFJV6C?tag=eloabder-20&linkCode=osi&th=1&psc=1"><img src="https://m.media-amazon.com/images/I/41cmu+ltDxL._SL500_.jpg" alt="Product Image"></a><p>Robitussin Maximum Strength Honey Cough + Chest Congestion DM, Cough Medicine for Cough and Chest Congestion Relief Made with Real Honey- 4 Fl Oz Bottle</p><p>$11.74 ($2.94 / Fl Oz)</p><a href="https://www.amazon.com/dp/B07CWFJV6C?tag=eloabder-20&linkCode=osi&th=1&psc=1">View Product</a></div><div class="product"><a href="https://www.amazon.com/dp/B005S1LP28?tag=eloabder-20&linkCode=osi&th=1&psc=1"><img src="https://m.media-amazon.com/images/I/41DkU4bxBrL._SL500_.jpg" alt="Product Image"></a><p>Monin - Organic Honey Sweetener, Low-Calorie Liquid Sweetener, Sugar Substitute, Coffee Syrup, Made with Organic Honey, Simple Syrup for Cocktails, Iced Tea, & More, Clean Label (1 Liter)</p><p>$26.99 ($0.80 / Fl Oz)</p><a href="https://www.amazon.com/dp/B005S1LP28?tag=eloabder-20&linkCode=osi&th=1&psc=1">View Product</a></div>
<div class="product"><a href="https://www.amazon.com/dp/B0D3FYHWP7?tag=eloabder-20&linkCode=osi&th=1&psc=1"><img src="https://m.media-amazon.com/images/I/41W51dqWhAL._SL500_.jpg" alt="Product Image"></a><p>Blueprint Bryan Johnson Nutty Butter - Macadamia Nuts and Walnuts - Just 3 Ingredients - No Palm Oil - Keto and Low Carb Snack - No Added Sugar, Vegan, Non GMO, Keto and Paleo Friendly (8.8 ounces)</p><p>$11.00 ($1.25 / Ounce)</p><a href="https://www.amazon.com/dp/B0D3FYHWP7?tag=eloabder-20&linkCode=osi&th=1&psc=1">View Product</a></div><div class="product"><a href="https://www.amazon.com/dp/B0B34J7HHD?tag=eloabder-20&linkCode=osi&th=1&psc=1"><img src="https://m.media-amazon.com/images/I/31UpKhqk2QL._SL500_.jpg" alt="Product Image"></a><p>Octonuts Dry Roasted Pure Cashew 16oz Nut Butter 16oz - Pure Creamy Nut Butter - Gluten Free, Vegan, Kosher, Paleo, Non-GMO Nut Butters Single Ingredient</p><p>$11.99 ($0.75 / Ounce)</p><a href="https://www.amazon.com/dp/B0B34J7HHD?tag=eloabder-20&linkCode=osi&th=1&psc=1">View Product</a></div><div class="product"><a href="https://www.amazon.com/dp/B09NP7D465?tag=eloabder-20&linkCode=osi&th=1&psc=1"><img src="https://m.media-amazon.com/images/I/51+XSeELM2L._SL500_.jpg" alt="Product Image"></a><p>Crazy Go Nuts Walnut Butter - Plain w/ Sea Salt - Healthy Snacks, Keto, Vegan, Low Carb, Gluten Free, Superfood - Natural, Non-GMO, ALA, Omega 3 Fatty Acids, Good Fats and Antioxidants - 9.25 oz (1-Pack)</p><p>$10.99 ($1.19 / Ounce)</p><a href="https://www.amazon.com/dp/B09NP7D465?tag=eloabder-20&linkCode=osi&th=1&psc=1">View Product</a></div><div class="product"><a href="https://www.amazon.com/dp/B00KHAG1BK?tag=eloabder-20&linkCode=osi&th=1&psc=1"><img src="https://m.media-amazon.com/images/I/41nZVovN5oL._SL500_.jpg" alt="Product Image"></a><p>JUSTIN'S Classic Gluten-Free Almond Butter Squeeze Packs, 1.15 Ounce (Pack of 10)</p><p>$13.40 ($1.17 / Ounce)</p><a href="https://www.amazon.com/dp/B00KHAG1BK?tag=eloabder-20&linkCode=osi&th=1&psc=1">View Product</a></div><div class="product"><a href="https://www.amazon.com/dp/B01M06S98E?tag=eloabder-20&linkCode=osi&th=1&psc=1"><img src="https://m.media-amazon.com/images/I/41fCsKiYMdL._SL500_.jpg" alt="Product Image"></a><p>Organic Power Fuel Crunchy Nut Butter by NuttZo | 7 Nuts & Seeds Blend, Paleo, Non-GMO, Gluten-Free, Vegan, Kosher | 1g Sugar, 6g Protein | 26oz Jar</p><p>$21.99 ($0.85 / Ounce)</p><a href="https://www.amazon.com/dp/B01M06S98E?tag=eloabder-20&linkCode=osi&th=1&psc=1">View Product</a></div><div class="product"><a href="https://www.amazon.com/dp/B07CGZ2RJQ?tag=eloabder-20&linkCode=osi&th=1&psc=1"><img src="https://m.media-amazon.com/images/I/41eZiTYDVgL._SL500_.jpg" alt="Product Image"></a><p>Vör Pure Macadamia Nut Butter Spread (11oz) | Only One Ingredient</p><p>$18.99 ($1.73 / Ounce)</p><a href="https://www.amazon.com/dp/B07CGZ2RJQ?tag=eloabder-20&linkCode=osi&th=1&psc=1">View Product</a></div><div class="product"><a href="https://www.amazon.com/dp/B00X7W96OO?tag=eloabder-20&linkCode=osi&th=1&psc=1"><img src="https://m.media-amazon.com/images/I/41jU7bL5rFL._SL500_.jpg" alt="Product Image"></a><p>MaraNatha Creamy Roasted Caramel Almond Butter, No Stir, 12 Ounce Jar</p><p>$6.94 ($0.58 / Ounce)</p><a href="https://www.amazon.com/dp/B00X7W96OO?tag=eloabder-20&linkCode=osi&th=1&psc=1">View Product</a></div>
<div class="product"><a href="https://www.amazon.com/dp/B01CUS63OG?tag=eloabder-20&linkCode=osi&th=1&psc=1"><img src="https://m.media-amazon.com/images/I/51o0FJwMj8L._SL500_.jpg" alt="Product Image"></a><p>Anna and Sarah Tropical Dried Fruit Mix 2 Lbs</p><p>$17.99 ($9.00 / lb)</p><a href="https://www.amazon.com/dp/B01CUS63OG?tag=eloabder-20&linkCode=osi&th=1&psc=1">View Product</a></div><div class="product"><a href="https://www.amazon.com/dp/B09LZ7YCF7?tag=eloabder-20&linkCode=osi&th=1&psc=1"><img src="https://m.media-amazon.com/images/I/41XMLNKxlML._SL500_.jpg" alt="Product Image"></a><p>Dried Pineapple Chunks, 1 Pound. Dehydrated Pineapple Chunk, Dehydrated Pineapple Bulk, Dried Pineapple Bits. All Natural, Non-GMO, Lightly Sweetened Dried Pineapples, 16 oz.</p><p>$9.99 ($0.62 / oz)</p><a href="https://www.amazon.com/dp/B09LZ7YCF7?tag=eloabder-20&linkCode=osi&th=1&psc=1">View Product</a></div><div class="product"><a href="https://www.amazon.com/dp/B000M69QRU?tag=eloabder-20&linkCode=osi&th=1&psc=1"><img src="https://m.media-amazon.com/images/I/51EyH2xvyyS._SL500_.jpg" alt="Product Image"></a><p>Ocean Spray Craisins Dried Cranberries, Original, 48 Ounce</p><p>$7.62 ($0.16 / Fl Oz)</p><a href="https://www.amazon.com/dp/B000M69QRU?tag=eloabder-20&linkCode=osi&th=1&psc=1">View Product</a></div><div class="product"><a href="https://www.amazon.com/dp/B09YTMZ1GP?tag=eloabder-20&linkCode=osi&th=1&psc=1"><img src="https://m.media-amazon.com/images/I/51+y56cVq0L._SL500_.jpg" alt="Product Image"></a><p>Oregon Farm Fresh Snacks Dried Fruit Mix – 24oz Healthy Snacks - Fresh and Natural Fruit Trail Mix – Mixed Fruit Snacks for Adults and Kids – Ideal for Breakfast, Cakes, Snacks</p><p>$17.99 ($0.75 / Ounce)</p><a href="https://www.amazon.com/dp/B09YTMZ1GP?tag=eloabder-20&linkCode=osi&th=1&psc=1">View Product</a></div><div class="product"><a href="https://www.amazon.com/dp/B08Z5QXBK1?tag=eloabder-20&linkCode=osi&th=1&psc=1"><img src="https://m.media-amazon.com/images/I/51a0Oclr3nS._SL500_.jpg" alt="Product Image"></a><p>Dried Cherries Tart Cherry, 1lb. Montmorency Tart Cherries, Dried Sour Cherries Fresh, Montmorency Dried Tart Cherries, Dried Cherries, All-Natural Whole Sour Cherry 16 oz.</p><p>$14.28 ($0.89 / oz)</p><a href="https://www.amazon.com/dp/B08Z5QXBK1?tag=eloabder-20&linkCode=osi&th=1&psc=1">View Product</a></div><div class="product"><a href="https://www.amazon.com/dp/B00F34772M?tag=eloabder-20&linkCode=osi&th=1&psc=1"><img src="https://m.media-amazon.com/images/I/51AsgKQIMiL._SL500_.jpg" alt="Product Image"></a><p>A Gift Inside Sweet Bloom Dried Fruit Deluxe Tray Basket Arrangement for Holiday Birthday Healthy Snack Business Kosher</p><p>$33.20</p><a href="https://www.amazon.com/dp/B00F34772M?tag=eloabder-20&linkCode=osi&th=1&psc=1">View Product</a></div><div class="product"><a href="https://www.amazon.com/dp/B01N057EEP?tag=eloabder-20&linkCode=osi&th=1&psc=1"><img src="https://m.media-amazon.com/images/I/51MrelYxkML._SL500_.jpg" alt="Product Image"></a><p>Mavuno Harvest Organic Dried Fruit Variety Pack | Dried Mango, Pineapple, and Jackfruit | Healthy, Vegan, No Sugar Added, Non GMO Snacks for Kids & Adults | 2 Ounce, Pack of 3</p><p>$13.99 ($2.33 / Ounce)</p><a href="https://www.amazon.com/dp/B01N057EEP?tag=eloabder-20&linkCode=osi&th=1&psc=1">View Product</a></div><div class="product"><a href="https://www.amazon.com/dp/B08JWR4M3F?tag=eloabder-20&linkCode=osi&th=1&psc=1"><img src="https://m.media-amazon.com/images/I/41rjnxAN2FL._SL500_.jpg" alt="Product Image"></a><p>Sunrise Fresh Dried Sweet Cherries, Unsweetened, No Sugar Added, Fresh Fruit Flavor, 1 lb Bag</p><p>$14.49 ($0.91 / oz)</p><a href="https://www.amazon.com/dp/B08JWR4M3F?tag=eloabder-20&linkCode=osi&th=1&psc=1">View Product</a></div><div class="product"><a href="https://www.amazon.com/dp/B08YP8NQP4?tag=eloabder-20&linkCode=osi&th=1&psc=1"><img src="https://m.media-amazon.com/images/I/51GM51afRIS._SL500_.jpg" alt="Product Image"></a><p>Whole Dried Blueberries, No Sugar Added, Bulk, Dehydrated, Dried Unsweetened Blueberries, All Natural, Non-GMO, 1 Pound. - 16 oz.</p><p>$17.44 ($1.09 / oz)</p><a href="https://www.amazon.com/dp/B08YP8NQP4?tag=eloabder-20&linkCode=osi&th=1&psc=1">View Product</a></div>
<div class="product"><a href="https://www.amazon.com/dp/B084T1VWP5?tag=eloabder-20&linkCode=osi&th=1&psc=1"><img src="https://m.media-amazon.com/images/I/51o0utHF41L._SL500_.jpg" alt="Product Image"></a><p>Planters Pop & Pour Dry Roasted Sunflower Seeds, (4 - 5.85 oz. Jars)</p><p>$7.96 ($0.34 / Ounce)</p><a href="https://www.amazon.com/dp/B084T1VWP5?tag=eloabder-20&linkCode=osi&th=1&psc=1">View Product</a></div><div class="product"><a href="https://www.amazon.com/dp/B07TZX3KQZ?tag=eloabder-20&linkCode=osi&th=1&psc=1"><img src="https://m.media-amazon.com/images/I/41OvCvu5E9L._SL500_.jpg" alt="Product Image"></a><p>Yupik Organic Super 6 Seeds Mix, 2.2 lb, Non-GMO, Vegan</p><p>$11.99 ($0.34 / Ounce)</p><a href="https://www.amazon.com/dp/B07TZX3KQZ?tag=eloabder-20&linkCode=osi&th=1&psc=1">View Product</a></div><div class="product"><a href="https://www.amazon.com/dp/B07W7ZZJQB?tag=eloabder-20&linkCode=osi&th=1&psc=1"><img src="https://m.media-amazon.com/images/I/51jbKA5l0CL._SL500_.jpg" alt="Product Image"></a><p>Southern Style Nuts Gourmet Hunter Mix, 23 Ounces, Sesame Sticks, Peanuts, Sunflower Kernels, Almonds, Cashews, and Pepitas</p><p>$7.92 ($0.34 / Ounce)</p><a href="https://www.amazon.com/dp/B07W7ZZJQB?tag=eloabder-20&linkCode=osi&th=1&psc=1">View Product</a></div><div class="product"><a href="https://www.amazon.com/dp/B089LJB5F5?tag=eloabder-20&linkCode=osi&th=1&psc=1"><img src="https://m.media-amazon.com/images/I/51kS4PKIyZL._SL500_.jpg" alt="Product Image"></a><p>Fisher Oven Roasted Never Fried Deluxe Mixed Nuts, 24 Ounces (Pack of 1), Almonds, Cashews, Pecans, Pistachios, Snacks for Adults, Made With Sea Salt, No Added Oil, Artificial Ingredients or Preservatives, Trail Mix, Gluten Free</p><p>$17.09 ($0.71 / Ounce)</p><a href="https://www.amazon.com/dp/B089LJB5F5?tag=eloabder-20&linkCode=osi&th=1&psc=1">View Product</a></div><div class="product"><a href="https://www.amazon.com/dp/B077HZW2FX?tag=eloabder-20&linkCode=osi&th=1&psc=1"><img src="https://m.media-amazon.com/images/I/51AQx+2kfEL._SL500_.jpg" alt="Product Image"></a><p>BetterBody Foods Superfood Organic Super Seeds - Blend of Organic Chia Seeds, Milled Flax Seed, Hemp Hearts, Add to Smoothies Shakes & More, 1lb, 16 oz</p><p>$10.66 ($0.67 / Ounce)</p><a href="https://www.amazon.com/dp/B077HZW2FX?tag=eloabder-20&linkCode=osi&th=1&psc=1">View Product</a></div><div class="product"><a href="https://www.amazon.com/dp/B00PPKSZO8?tag=eloabder-20&linkCode=osi&th=1&psc=1"><img src="https://m.media-amazon.com/images/I/41Q7alFU8RL._SL500_.jpg" alt="Product Image"></a><p>PLANTERS Unsalted Mixed Nuts, Cashews, Almonds, Hazelnuts, Pecans, Pistachios no Shell, Party Snacks, Plant-Based Protein, Quick Snack for Adults, After School Snack, Kosher, 2.16lb Container</p><p>$17.26 ($0.50 / Fl Oz)</p><a href="https://www.amazon.com/dp/B00PPKSZO8?tag=eloabder-20&linkCode=osi&th=1&psc=1">View Product</a></div><div class="product"><a href="https://www.amazon.com/dp/B0CHLKJ7JM?tag=eloabder-20&linkCode=osi&th=1&psc=1"><img src="https://m.media-amazon.com/images/I/51sXps1S2KL._SL500_.jpg" alt="Product Image"></a><p>KIND Seeds Fruit & Nuts Snack Bar, Orange Cranberry | 5g Protein, High Fiber, Gluten Free Bars, 1.4 OZ, 12 Count</p><p>$14.96 ($1.25 / Count)</p><a href="https://www.amazon.com/dp/B0CHLKJ7JM?tag=eloabder-20&linkCode=osi&th=1&psc=1">View Product</a></div><div class="product"><a href="https://www.amazon.com/dp/B0CHLD9ZKL?tag=eloabder-20&linkCode=osi&th=1&psc=1"><img src="https://m.media-amazon.com/images/I/51l78v8NL9L._SL500_.jpg" alt="Product Image"></a><p>KIND Seeds Fruit & Nuts Snack Bar, Strawberry Sunflower Seed | 5g Protein, High Fiber, Gluten Free Bars, 1.4 OZ, 12 Count</p><p>$13.58 ($1.13 / Count)</p><a href="https://www.amazon.com/dp/B0CHLD9ZKL?tag=eloabder-20&linkCode=osi&th=1&psc=1">View Product</a></div><div class="product"><a href="https://www.amazon.com/dp/B079WN7C3F?tag=eloabder-20&linkCode=osi&th=1&psc=1"><img src="https://m.media-amazon.com/images/I/41YqpED33FL._SL500_.jpg" alt="Product Image"></a><p>GERBS Raw Super 7 Seed Snack Trail Mix 1 LBS. | Top 14 Food Allergy Free | Resealable Bulk Bag | Made in USA | Raw Pumpkin | Sunflower | Brown & Golden Flax | Black & White Chia | Hemp | Gluten Free</p><p>$14.99 ($0.94 / Ounce)</p><a href="https://www.amazon.com/dp/B079WN7C3F?tag=eloabder-20&linkCode=osi&th=1&psc=1">View Product</a></div><div class="product"><a href="https://www.amazon.com/dp/B00CYK8DOE?tag=eloabder-20&linkCode=osi&th=1&psc=1"><img src="https://m.media-amazon.com/images/I/41hvbaCdz6L._SL500_.jpg" alt="Product Image"></a><p>Oh! Nuts Roasted Salted Pumpkin Seeds | Resealable 2LB Bulk Bag of Unshelled Pepitas | All-Natural Protein Power for Gluten-Free & Vegan Snacking | Fresh & Healthy Keto Snacks</p><p>$18.81 ($0.59 / Ounce)</p><a href="https://www.amazon.com/dp/B00CYK8DOE?tag=eloabder-20&linkCode=osi&th=1&psc=1">View Product</a></div>

<div class="product"><a href="https://www.amazon.com/dp/B08TTFGPS5?tag=eloabder-20&linkCode=osi&th=1&psc=1"><img src="https://m.media-amazon.com/images/I/51LP-kQBLAL._SL500_.jpg" alt="Product Image"></a><p>Pine River Cheese Spreads - Variety Pack 3 8oz. Sharp Cheddar-Garlic & Herb-Swiss (24oz)</p><p>$21.93 ($0.91 / Ounce)</p><a href="https://www.amazon.com/dp/B08TTFGPS5?tag=eloabder-20&linkCode=osi&th=1&psc=1">View Product</a></div><div class="product"><a href="https://www.amazon.com/dp/B09GW71DPQ?tag=eloabder-20&linkCode=osi&th=1&psc=1"><img src="https://m.media-amazon.com/images/I/41BpjCgQpKL._SL500_.jpg" alt="Product Image"></a><p>Port Wine Cheese Spread 8 Ounce (Pack of 4)</p><p>$26.10 ($0.82 / Ounce)</p><a href="https://www.amazon.com/dp/B09GW71DPQ?tag=eloabder-20&linkCode=osi&th=1&psc=1">View Product</a></div><div class="product"><a href="https://www.amazon.com/dp/B006G4NCT0?tag=eloabder-20&linkCode=osi&th=1&psc=1"><img src="https://m.media-amazon.com/images/I/41-Krj0PbcL._SL500_.jpg" alt="Product Image"></a><p>Sharp Cheddar Cheese Spread 8 Ounce (Pack of 4)</p><p>$25.90 ($1.08 / Ounce)</p><a href="https://www.amazon.com/dp/B006G4NCT0?tag=eloabder-20&linkCode=osi&th=1&psc=1">View Product</a></div><div class="product"><a href="https://www.amazon.com/dp/B09SM3L7LN?tag=eloabder-20&linkCode=osi&th=1&psc=1"><img src="https://m.media-amazon.com/images/I/417W7hKPcvL._SL500_.jpg" alt="Product Image"></a><p>Cheese Snack Spread Variety 4 Pack</p><p>$34.00 ($1.06 / Ounce)</p><a href="https://www.amazon.com/dp/B09SM3L7LN?tag=eloabder-20&linkCode=osi&th=1&psc=1">View Product</a></div>
<div class="product"><a href="https://www.amazon.com/dp/B08CNRQ2C6?tag=eloabder-20&linkCode=osi&th=1&psc=1"><img src="https://m.media-amazon.com/images/I/41ps--esahL._SL500_.jpg" alt="Product Image"></a><p>HOIST Premium Military Hydration Electrolyte Drink, Powerful IV-Level Hydration, Clinically Proven Performance Drink, Peach Mango, 16 Fl Oz (Pack of 12)</p><p>$29.99 ($0.16 / Fl Oz)</p><a href="https://www.amazon.com/dp/B08CNRQ2C6?tag=eloabder-20&linkCode=osi&th=1&psc=1">View Product</a></div><div class="product"><a href="https://www.amazon.com/dp/B082BG3XYZ?tag=eloabder-20&linkCode=osi&th=1&psc=1"><img src="https://m.media-amazon.com/images/I/51+XFCzX3zL._SL500_.jpg" alt="Product Image"></a><p>UPTIME – Blueberry Pomegranate - Zero Sugar (12 Pack), Premium Energy Drink, 12oz Bottles, Natural Caffeine, Sparkling, Natural Flavors, 5 Calories…</p><p>$28.99 ($0.20 / Fl Oz)</p><a href="https://www.amazon.com/dp/B082BG3XYZ?tag=eloabder-20&linkCode=osi&th=1&psc=1">View Product</a></div><div class="product"><a href="https://www.amazon.com/dp/B0BSP3R4JX?tag=eloabder-20&linkCode=osi&th=1&psc=1"><img src="https://m.media-amazon.com/images/I/41TvMVYbcjL._SL500_.jpg" alt="Product Image"></a><p>Barcode Premium Hydration Drink - No Added Sugars, Variety Pack (12 Pack) - Plant-Based Beverage - Adaptogen Drink with Electrolytes for Immunity & Performance</p><p>$29.88 ($0.15 / Fl Oz)</p><a href="https://www.amazon.com/dp/B0BSP3R4JX?tag=eloabder-20&linkCode=osi&th=1&psc=1">View Product</a></div><div class="product"><a href="https://www.amazon.com/dp/B0CYL4CCKM?tag=eloabder-20&linkCode=osi&th=1&psc=1"><img src="https://m.media-amazon.com/images/I/514q0PPV9+L._SL500_.jpg" alt="Product Image"></a><p>ProBaller Ultra Premium Energy Drink - Wild Berry ZERO</p><p>$35.99 ($0.20 / Fl Oz)</p><a href="https://www.amazon.com/dp/B0CYL4CCKM?tag=eloabder-20&linkCode=osi&th=1&psc=1">View Product</a></div><div class="product"><a href="https://www.amazon.com/dp/B0D2BKB2J3?tag=eloabder-20&linkCode=osi&th=1&psc=1"><img src="https://m.media-amazon.com/images/I/41MbnJUx3LL._SL500_.jpg" alt="Product Image"></a><p>ProBaller Ultra Premium Energy Drink - Sugar Free</p><p>$35.99 ($0.20 / Fl Oz)</p><a href="https://www.amazon.com/dp/B0D2BKB2J3?tag=eloabder-20&linkCode=osi&th=1&psc=1">View Product</a></div><div class="product"><a href="https://www.amazon.com/dp/B0CYJXMRKS?tag=eloabder-20&linkCode=osi&th=1&psc=1"><img src="https://m.media-amazon.com/images/I/41gt6X6dVdL._SL500_.jpg" alt="Product Image"></a><p>Joggy Clean Energy Drink - 4-Pack Tart Cherry & Hibiscus - 150mg Organic Guayusa Caffeine - Zero Added Sugar, Vegan, Plant-Based, Natural Healthy Boost, Premium Beverage</p><p>$13.99 ($0.44 / Fl Oz)</p><a href="https://www.amazon.com/dp/B0CYJXMRKS?tag=eloabder-20&linkCode=osi&th=1&psc=1">View Product</a></div><div class="product"><a href="https://www.amazon.com/dp/B081QCCN21?tag=eloabder-20&linkCode=osi&th=1&psc=1"><img src="https://m.media-amazon.com/images/I/61k-oHxeO2L._SL500_.jpg" alt="Product Image"></a><p>Hawaiian Sun Premium Tropical Juice Drink Party Bundle of 10 Assorted Flavors (24 Cans Total)</p><p>$44.95 ($0.16 / Fl Oz )</p><a href="https://www.amazon.com/dp/B081QCCN21?tag=eloabder-20&linkCode=osi&th=1&psc=1">View Product</a></div><div class="product"><a href="https://www.amazon.com/dp/B0CCHW3Q8Q?tag=eloabder-20&linkCode=osi&th=1&psc=1"><img src="https://m.media-amazon.com/images/I/414+SPv3c5L._SL500_.jpg" alt="Product Image"></a><p>Camp Craft Cocktail Mix - Flo'rita | Premium Drink Mixer Infusion Kit with Dehydrated Fruit, Herbs and Vegan Sugar | 16 oz Glass Jar Mixer for Cocktails, Margaritas, and Mocktails - Serves 8</p><p>$25.00 ($1.56 / Fl Oz)</p><a href="https://www.amazon.com/dp/B0CCHW3Q8Q?tag=eloabder-20&linkCode=osi&th=1&psc=1">View Product</a></div><div class="product"><a href="https://www.amazon.com/dp/B0CVQN2NBB?tag=eloabder-20&linkCode=osi&th=1&psc=1"><img src="https://m.media-amazon.com/images/I/51bpS7Tlj2L._SL500_.jpg" alt="Product Image"></a><p>Starbucks Cold Brew Coffee, Vanilla Sweet Cream, 11 fl oz Cans (12 Pack), Premium Coffee Drink, Iced Coffee</p><p>$39.39 ($0.30 / Fl Oz)</p><a href="https://www.amazon.com/dp/B0CVQN2NBB?tag=eloabder-20&linkCode=osi&th=1&psc=1">View Product</a></div>
<div class="product"><a href="https://www.amazon.com/dp/B08PW3LK4T?tag=eloabder-20&linkCode=osi&th=1&psc=1"><img src="https://m.media-amazon.com/images/I/41TLoWBkNWL._SL500_.jpg" alt="Product Image"></a><p>Classic Ginger Beer, Regatta Craft Mixers, All-Natural Ingredients, Non-GMO, 7.5oz, Case of 24 Sleek Cans</p><p>$29.98 ($0.17 / Fl Oz)</p><a href="https://www.amazon.com/dp/B08PW3LK4T?tag=eloabder-20&linkCode=osi&th=1&psc=1">View Product</a></div><div class="product"><a href="https://www.amazon.com/dp/B08KTP2999?tag=eloabder-20&linkCode=osi&th=1&psc=1"><img src="https://m.media-amazon.com/images/I/41tC0pFgGtL._SL500_.jpg" alt="Product Image"></a><p>ABC Crafted Series Beer Making Kit | Beer Making Ingredients for Home Brewing | Yields 6 Gallons of Beer | Brown Ale</p><p>$25.00</p><a href="https://www.amazon.com/dp/B08KTP2999?tag=eloabder-20&linkCode=osi&th=1&psc=1">View Product</a></div><div class="product"><a href="https://www.amazon.com/dp/B01KSD9JKU?tag=eloabder-20&linkCode=osi&th=1&psc=1"><img src="https://m.media-amazon.com/images/I/517aGsVY9qL._SL500_.jpg" alt="Product Image"></a><p>Beer-infused Hot Sauce Variety 3-pack (Includes Asian Sriracha, Garlic Serrano, & Roasty Chipotle) - Craft Beer Gift, Hot Sauce Gift Set, Beer Sauce, BBQ Sauce, Beer Lover, Grill + Man Cave</p><p>$27.99 ($1.87 / Fl Oz)</p><a href="https://www.amazon.com/dp/B01KSD9JKU?tag=eloabder-20&linkCode=osi&th=1&psc=1">View Product</a></div><div class="product"><a href="https://www.amazon.com/dp/B0C9KKG6C6?tag=eloabder-20&linkCode=osi&th=1&psc=1"><img src="https://m.media-amazon.com/images/I/41Rxjjlu5+L._SL500_.jpg" alt="Product Image"></a><p>Plochman, Craft Beer Mustard (Brickstone), 11 oz, Blended Mustard</p><p>$6.99 ($0.64 / Ounce)</p><a href="https://www.amazon.com/dp/B0C9KKG6C6?tag=eloabder-20&linkCode=osi&th=1&psc=1">View Product</a></div><div class="product"><a href="https://www.amazon.com/dp/B01692UXRW?tag=eloabder-20&linkCode=osi&th=1&psc=1"><img src="https://m.media-amazon.com/images/I/51qUU-Fjx5L._SL500_.jpg" alt="Product Image"></a><p>BREW CANDY | Hoppy IPA + Roasty Stout + Honey Ale | Great Craft Beer Gift for Beer Drinkers and Candy Lovers | Perfect for the Man Cave, Brewery, Office, or Home | MADE IN USA</p><p>$9.99 ($2.50 / Ounce)</p><a href="https://www.amazon.com/dp/B01692UXRW?tag=eloabder-20&linkCode=osi&th=1&psc=1">View Product</a></div><div class="product"><a href="https://www.amazon.com/dp/B07L1M2P57?tag=eloabder-20&linkCode=osi&th=1&psc=1"><img src="https://m.media-amazon.com/images/I/415wGhwZDvL._SL500_.jpg" alt="Product Image"></a><p>Unique Snacks Sourdough Craft Beer Pretzel Rings, Delicious Homestyle Baked Snack Bag, Vegan, OU Kosher, and Non-GMO Food, No Artificial Flavor, 11 Oz. Bag, Pack of 6</p><p>$24.99 ($0.38 / Ounce)</p><a href="https://www.amazon.com/dp/B07L1M2P57?tag=eloabder-20&linkCode=osi&th=1&psc=1">View Product</a></div>
<div class="product"><a href="https://www.amazon.com/dp/B0CD79R3QZ?tag=eloabder-20&linkCode=osi&th=1&psc=1"><img src="https://m.media-amazon.com/images/I/21X3VVYgpXL._SL500_.jpg" alt="Product Image"></a><p>French Bloom Le Blanc Alcohol-Free Sparkling Wine, 750ml - Certified Organic, Vegan, Halal, Low Calorie, Sulfite Free - Made with Fine Organic Wine, No Preservatives or Added Sugar</p><p>$41.00 ($1.61 / Fl Oz)</p><a href="https://www.amazon.com/dp/B0CD79R3QZ?tag=eloabder-20&linkCode=osi&th=1&psc=1">View Product</a></div><div class="product"><a href="https://www.amazon.com/dp/B0D6HWD369?tag=eloabder-20&linkCode=osi&th=1&psc=1"><img src="https://m.media-amazon.com/images/I/31U1YybAm5L._SL500_.jpg" alt="Product Image"></a><p>Saint Viviana Non-Alcoholic Sauvignon Blanc, Crisp Dry White Wine with Fresh Fruit Flavor & Floral Notes, Made in Washington State, 24.6 Fl Oz Bottle</p><p>$22.99 ($0.93 / Fl Oz)</p><a href="https://www.amazon.com/dp/B0D6HWD369?tag=eloabder-20&linkCode=osi&th=1&psc=1">View Product</a></div><div class="product"><a href="https://www.amazon.com/dp/B0D244C3VJ?tag=eloabder-20&linkCode=osi&th=1&psc=1"><img src="https://m.media-amazon.com/images/I/416UnLmeDPL._SL500_.jpg" alt="Product Image"></a><p>Monari Marsala Fine Wine PDO Glaze| 9 Ounce, Pack of 6</p><p>$37.99 ($6.33 / Count)</p><a href="https://www.amazon.com/dp/B0D244C3VJ?tag=eloabder-20&linkCode=osi&th=1&psc=1">View Product</a></div><div class="product"><a href="https://www.amazon.com/dp/B0054KSA5I?tag=eloabder-20&linkCode=osi&th=1&psc=1"><img src="https://m.media-amazon.com/images/I/41Dk7Gmm5xL._SL500_.jpg" alt="Product Image"></a><p>Regina Fine Red Wine Vinegar, 12 Fl Oz</p><p>$12.94 ($1.08 / Fl Oz)</p><a href="https://www.amazon.com/dp/B0054KSA5I?tag=eloabder-20&linkCode=osi&th=1&psc=1">View Product</a></div><div class="product"><a href="https://www.amazon.com/dp/B0CC6JY2CM?tag=eloabder-20&linkCode=osi&th=1&psc=1"><img src="https://m.media-amazon.com/images/I/31FVY0Kg2cL._SL500_.jpg" alt="Product Image"></a><p>ST. REGIS Cabernet Sauvignon 25.4 Fl Oz (1 Pack) - Low Calorie and Sugar - Fruity & Spicy Rich Flavor from North of Spain Vineyards</p><p>$17.95 ($0.71 / Fl Oz)</p><a href="https://www.amazon.com/dp/B0CC6JY2CM?tag=eloabder-20&linkCode=osi&th=1&psc=1">View Product</a></div><div class="product"><a href="https://www.amazon.com/dp/B0CLYLY93H?tag=eloabder-20&linkCode=osi&th=1&psc=1"><img src="https://m.media-amazon.com/images/I/31cSVgLe1sL._SL500_.jpg" alt="Product Image"></a><p>Chateau del ISH Sparkling Rosé | Award-Winning Non-Alcoholic Sparkling Wine | De-Alcoholized Blend of Merlot & Pinot Noir Grapes | Only 9 grams of Sugar | 45 Calories per Serving | 750 ml Bottle</p><p>$23.99 ($0.94 / Fl Oz)</p><a href="https://www.amazon.com/dp/B0CLYLY93H?tag=eloabder-20&linkCode=osi&th=1&psc=1">View Product</a></div><div class="product"><a href="https://www.amazon.com/dp/B00075WK10?tag=eloabder-20&linkCode=osi&th=1&psc=1"><img src="https://m.media-amazon.com/images/I/41wn5BC9e3L._SL500_.jpg" alt="Product Image"></a><p>Mantova Italian White Wine Vinegar 17 oz (Pack of 2). Made with traditional methods and aged in fine wood casks, it retains the flavor of the wine, accented by the crisp character of the vinegar.</p><p>$12.97 ($7.21 / Fl Oz)</p><a href="https://www.amazon.com/dp/B00075WK10?tag=eloabder-20&linkCode=osi&th=1&psc=1">View Product</a></div><div class="product"><a href="https://www.amazon.com/dp/B0B6Y4LGT8?tag=eloabder-20&linkCode=osi&th=1&psc=1"><img src="https://m.media-amazon.com/images/I/31DYvJX17cL._SL500_.jpg" alt="Product Image"></a><p>Wander + Found Non-Alcoholic Wine, Pinot Noir, Award Winning Red Wine from Germany, Non-GMO Dealcoholized Wine, 750 ml (1 Bottle)</p><p>$25.99 ($1.02 / Fl Oz)</p><a href="https://www.amazon.com/dp/B0B6Y4LGT8?tag=eloabder-20&linkCode=osi&th=1&psc=1">View Product</a></div><div class="product"><a href="https://www.amazon.com/dp/B08FBLJFL3?tag=eloabder-20&linkCode=osi&th=1&psc=1"><img src="https://m.media-amazon.com/images/I/31xcotQJiQL._SL500_.jpg" alt="Product Image"></a><p>Lussory Organic Merlot Dealcoholized 0.0% Non-Alcoholic Red From Spain, Low Calories, Organic, Vegan (750ml, 1 Bottle)</p><p>$27.99 ($1.10 / Fl Oz)</p><a href="https://www.amazon.com/dp/B08FBLJFL3?tag=eloabder-20&linkCode=osi&th=1&psc=1">View Product</a></div>
<div class="product"><a href="https://www.amazon.com/dp/B08RD41V4Y?tag=eloabder-20&linkCode=osi&th=1&psc=1"><img src="https://m.media-amazon.com/images/I/41Ctrzm6OdL._SL500_.jpg" alt="Product Image"></a><p>Pure Organic Layered Fruit Bars Variety Pack 28 count (Pack of 1).</p><p>$13.99 ($0.40 / Ounce)</p><a href="https://www.amazon.com/dp/B08RD41V4Y?tag=eloabder-20&linkCode=osi&th=1&psc=1">View Product</a></div><div class="product"><a href="https://www.amazon.com/dp/B06X6JR48M?tag=eloabder-20&linkCode=osi&th=1&psc=1"><img src="https://m.media-amazon.com/images/I/51QhYDgoJFL._SL500_.jpg" alt="Product Image"></a><p>Nature's Garden Organic Trail Mix Snack Packs, Multi Pack 1.2 oz - Pack of 24 (Total 28.8 oz)</p><p>$14.89 ($0.52 / Ounce)</p><a href="https://www.amazon.com/dp/B06X6JR48M?tag=eloabder-20&linkCode=osi&th=1&psc=1">View Product</a></div><div class="product"><a href="https://www.amazon.com/dp/B0BQTL31PR?tag=eloabder-20&linkCode=osi&th=1&psc=1"><img src="https://m.media-amazon.com/images/I/512GxWL1ejL._SL500_.jpg" alt="Product Image"></a><p>Annie's Organic Birthday Cake Bunny Grahams and Cheddar Bunnies Snack Pack 36 Count, 36 oz</p><p>$16.99 ($0.47 / Ounce)</p><a href="https://www.amazon.com/dp/B0BQTL31PR?tag=eloabder-20&linkCode=osi&th=1&psc=1">View Product</a></div><div class="product"><a href="https://www.amazon.com/dp/B0C17SW6V1?tag=eloabder-20&linkCode=osi&th=1&psc=1"><img src="https://m.media-amazon.com/images/I/51JwHhUMp-L._SL500_.jpg" alt="Product Image"></a><p>Annie's Organic Bunny Fruit Snacks, Variety Pack, Gluten Free, 22 ct, 15.4 oz</p><p>$9.98 ($0.45 / Count)</p><a href="https://www.amazon.com/dp/B0C17SW6V1?tag=eloabder-20&linkCode=osi&th=1&psc=1">View Product</a></div><div class="product"><a href="https://www.amazon.com/dp/B079LY41VY?tag=eloabder-20&linkCode=osi&th=1&psc=1"><img src="https://m.media-amazon.com/images/I/51hNBmR-vOL._SL500_.jpg" alt="Product Image"></a><p>MadeGood Healthy Snacks Variety Pack (40 Count) Organic Assortment of Granola Bars, Granola Mini and Crispy Squares; Individually Wrapped Snacks</p><p>$29.99</p><a href="https://www.amazon.com/dp/B079LY41VY?tag=eloabder-20&linkCode=osi&th=1&psc=1">View Product</a></div><div class="product"><a href="https://www.amazon.com/dp/B0B88WYZVC?tag=eloabder-20&linkCode=osi&th=1&psc=1"><img src="https://m.media-amazon.com/images/I/41jnzaqqPlL._SL500_.jpg" alt="Product Image"></a><p>YumEarth Organic Fruit Snacks Box, 0.7 Ounce (Pack of 10)</p><p>$6.49 ($0.93 / Ounce)</p><a href="https://www.amazon.com/dp/B0B88WYZVC?tag=eloabder-20&linkCode=osi&th=1&psc=1">View Product</a></div><div class="product"><a href="https://www.amazon.com/dp/B087HBLXSM?tag=eloabder-20&linkCode=osi&th=1&psc=1"><img src="https://m.media-amazon.com/images/I/4103I3BvCSL._SL500_.jpg" alt="Product Image"></a><p>Tropical Fields Organic Crispy Coconut Rolls, 11 Oz</p><p>$9.94 ($0.90 / Ounce)</p><a href="https://www.amazon.com/dp/B087HBLXSM?tag=eloabder-20&linkCode=osi&th=1&psc=1">View Product</a></div><div class="product"><a href="https://www.amazon.com/dp/B08L4XZBS1?tag=eloabder-20&linkCode=osi&th=1&psc=1"><img src="https://m.media-amazon.com/images/I/51IN3a2zpZL._SL500_.jpg" alt="Product Image"></a><p>Annie's Organic Fruit Peel-A-Parts Fruit Snacks, Strawberry and Fruit Punch, 12 packs, 6.7 oz.</p><p>$9.99 ($0.83 / Count)</p><a href="https://www.amazon.com/dp/B08L4XZBS1?tag=eloabder-20&linkCode=osi&th=1&psc=1">View Product</a></div><div class="product"><a href="https://www.amazon.com/dp/B088PRVMXL?tag=eloabder-20&linkCode=osi&th=1&psc=1"><img src="https://m.media-amazon.com/images/I/51Lye-KMCNL._SL500_.jpg" alt="Product Image"></a><p>Gimme Seaweed - Sea Salt & Avocado Oil - 20 Count - Organic Roasted Seaweed Sheets - Keto, Vegan, Gluten Free - Great Source of Iodine & Omega 3’s - Healthy On-The-Go Snack for Kids & Adults</p><p>$14.43 ($4.51 / Ounce)</p><a href="https://www.amazon.com/dp/B088PRVMXL?tag=eloabder-20&linkCode=osi&th=1&psc=1">View Product</a></div><div class="product"><a href="https://www.amazon.com/dp/B0792LF5DZ?tag=eloabder-20&linkCode=osi&th=1&psc=1"><img src="https://m.media-amazon.com/images/I/51Ogpal4rKL._SL500_.jpg" alt="Product Image"></a><p>Simply, Variety Pack Snacks, 0.875 Ounce (Pack of 36)</p><p>$22.43 ($0.71 / Ounce)</p><a href="https://www.amazon.com/dp/B0792LF5DZ?tag=eloabder-20&linkCode=osi&th=1&psc=1">View Product</a></div>
<div class="product"><a href="https://www.amazon.com/dp/B07D83162X?tag=eloabder-20&linkCode=osi&th=1&psc=1"><img src="https://m.media-amazon.com/images/I/515OpZM7eUL._SL500_.jpg" alt="Product Image"></a><p>CLIF BAR - Energy Bars - Variety Pack - Made with Organic Oats - 9-11g Protein - Non-GMO - Plant Based - 2.4 oz. (16 Count)</p><p>$25.98 ($0.68 / Ounce)</p><a href="https://www.amazon.com/dp/B07D83162X?tag=eloabder-20&linkCode=osi&th=1&psc=1">View Product</a></div><div class="product"><a href="https://www.amazon.com/dp/B0CXQ6QP2B?tag=eloabder-20&linkCode=osi&th=1&psc=1"><img src="https://m.media-amazon.com/images/I/41zGg7iGu+L._SL500_.jpg" alt="Product Image"></a><p>CLIF BAR - Crunchy Peanut Butter - Made with Organic Oats - 11g Protein - Non-GMO - Plant Based - Energy Bars - 2.4 oz. (15 Pack)</p><p>$17.24 ($0.48 / Ounce)</p><a href="https://www.amazon.com/dp/B0CXQ6QP2B?tag=eloabder-20&linkCode=osi&th=1&psc=1">View Product</a></div><div class="product"><a href="https://www.amazon.com/dp/B00GJ82VK4?tag=eloabder-20&linkCode=osi&th=1&psc=1"><img src="https://m.media-amazon.com/images/I/51j2KOV9-+L._SL500_.jpg" alt="Product Image"></a><p>Pure Protein Bars, High Protein, Nutritious Snacks to Support Energy, Low Sugar, Gluten Free, Chocolate Peanut Butter, 1.76oz, 12 Count (Packaging May Vary)</p><p>$15.55 ($0.73 / Ounce)</p><a href="https://www.amazon.com/dp/B00GJ82VK4?tag=eloabder-20&linkCode=osi&th=1&psc=1">View Product</a></div><div class="product"><a href="https://www.amazon.com/dp/B084R2FJVV?tag=eloabder-20&linkCode=osi&th=1&psc=1"><img src="https://m.media-amazon.com/images/I/51mGjMQ-PjL._SL500_.jpg" alt="Product Image"></a><p>KIND Energy Bars, Chocolate Chunk, Healthy Snacks, Gluten Free, 30 Count</p><p>$35.45 ($0.56 / Ounce)</p><a href="https://www.amazon.com/dp/B084R2FJVV?tag=eloabder-20&linkCode=osi&th=1&psc=1">View Product</a></div><div class="product"><a href="https://www.amazon.com/dp/B0BHMRSNWX?tag=eloabder-20&linkCode=osi&th=1&psc=1"><img src="https://m.media-amazon.com/images/I/51mha5Z8vAL._SL500_.jpg" alt="Product Image"></a><p>Verb Energy - Variety Pack Caffeinated Snack Bars - 110-Calorie Low Sugar Energy Bar - Nutrition Bars - Vegan Snacks - Gluten Free Breakfast Bars with Organic Green Tea, 26g (Pack of 16)</p><p>$28.95 ($1.97 / Ounce)</p><a href="https://www.amazon.com/dp/B0BHMRSNWX?tag=eloabder-20&linkCode=osi&th=1&psc=1">View Product</a></div><div class="product"><a href="https://www.amazon.com/dp/B08939X5HL?tag=eloabder-20&linkCode=osi&th=1&psc=1"><img src="https://m.media-amazon.com/images/I/51RKwNvJZiL._SL500_.jpg" alt="Product Image"></a><p>Nature Valley Chewy Fruit and Nut Granola Bars, Trail Mix, 1.2 oz, 15 ct</p><p>$6.24 ($0.35 / Ounce)</p><a href="https://www.amazon.com/dp/B08939X5HL?tag=eloabder-20&linkCode=osi&th=1&psc=1">View Product</a></div><div class="product"><a href="https://www.amazon.com/dp/B004XEDS5I?tag=eloabder-20&linkCode=osi&th=1&psc=1"><img src="https://m.media-amazon.com/images/I/51dc89OLXjL._SL500_.jpg" alt="Product Image"></a><p>CLIF BAR - Chocolate Chip - Made with Organic Oats - Non-GMO - Plant Based - Energy Bars - 2.4 oz. (12 Pack)</p><p>$15.17 ($0.53 / Ounce)</p><a href="https://www.amazon.com/dp/B004XEDS5I?tag=eloabder-20&linkCode=osi&th=1&psc=1">View Product</a></div><div class="product"><a href="https://www.amazon.com/dp/B07HHK51J9?tag=eloabder-20&linkCode=osi&th=1&psc=1"><img src="https://m.media-amazon.com/images/I/41h0pofx49L._SL500_.jpg" alt="Product Image"></a><p>Quantum Energy Square: Energy Bar with Caffeine & 10g Protein. Delicious Healthy Snack On The Go. (Vegan, Gluten-free, Soy-free, Dairy-free). Flavor: Variety 8Pk</p><p>$19.95 ($1.48 / Ounce)</p><a href="https://www.amazon.com/dp/B07HHK51J9?tag=eloabder-20&linkCode=osi&th=1&psc=1">View Product</a></div><div class="product"><a href="https://www.amazon.com/dp/B0BY3NL6N3?tag=eloabder-20&linkCode=osi&th=1&psc=1"><img src="https://m.media-amazon.com/images/I/61a84haNQXL._SL500_.jpg" alt="Product Image"></a><p>Atkins Soft Baked Energy Bars, Blueberry, 15g Protein,2g Sugar, Excellent Source of Fiber, Low Carb, 4 Packs (5 Bars Each)</p><p>$40.00 ($2.00 / Count)</p><a href="https://www.amazon.com/dp/B0BY3NL6N3?tag=eloabder-20&linkCode=osi&th=1&psc=1">View Product</a></div><div class="product"><a href="https://www.amazon.com/dp/B0767X1YGZ?tag=eloabder-20&linkCode=osi&th=1&psc=1"><img src="https://m.media-amazon.com/images/I/41wLM+HSd7L._SL500_.jpg" alt="Product Image"></a><p>SKRATCH LABS Energy Bar | Cherry + Pistachio (12 pack) | Plant Based Healthy Snack | Low Sugar - 5g Protein | non-gmo, gluten free, soy free, vegan, kosher</p><p>$29.95 ($1.41 / Ounce)</p><a href="https://www.amazon.com/dp/B0767X1YGZ?tag=eloabder-20&linkCode=osi&th=1&psc=1">View Product</a></div>
<div class="product"><a href="https://www.amazon.com/dp/B00819SSGK?tag=eloabder-20&linkCode=osi&th=1&psc=1"><img src="https://m.media-amazon.com/images/I/51OoPlQlUFL._SL500_.jpg" alt="Product Image"></a><p>Orville Redenbacher's Original Gourmet Popping Corn Kernels, 8 lb.</p><p>$13.28 ($0.10 / Ounce)</p><a href="https://www.amazon.com/dp/B00819SSGK?tag=eloabder-20&linkCode=osi&th=1&psc=1">View Product</a></div><div class="product"><a href="https://www.amazon.com/dp/B0C8QMKF7K?tag=eloabder-20&linkCode=osi&th=1&psc=1"><img src="https://m.media-amazon.com/images/I/41Q1zRw163L._SL500_.jpg" alt="Product Image"></a><p>Extra Buttery Caramel Gourmet Popcorn | 6 Cups Total | Made From Scratch, Made in USA, & GMO-Free | Great as a Snack, Gift, Thank You, & Movie Night - (10.8oz Total)</p><p>$8.99 ($0.83 / Ounce)</p><a href="https://www.amazon.com/dp/B0C8QMKF7K?tag=eloabder-20&linkCode=osi&th=1&psc=1">View Product</a></div><div class="product"><a href="https://www.amazon.com/dp/B0CKLW62T5?tag=eloabder-20&linkCode=osi&th=1&psc=1"><img src="https://m.media-amazon.com/images/I/51UzqTDjfaL._SL500_.jpg" alt="Product Image"></a><p>Garrett Popcorn Garrett Mix, 6.0oz, 4 Bags, Cheese and Caramel Gourmet Popcorn, Gluten Free, Sweet and Salty Snack, Popped Popcorn Bags</p><p>$24.95 ($1.04 / Ounce)</p><a href="https://www.amazon.com/dp/B0CKLW62T5?tag=eloabder-20&linkCode=osi&th=1&psc=1">View Product</a></div><div class="product"><a href="https://www.amazon.com/dp/B07JN5467R?tag=eloabder-20&linkCode=osi&th=1&psc=1"><img src="https://m.media-amazon.com/images/I/51vsJLZ79WL._SL500_.jpg" alt="Product Image"></a><p>Urban Accents MOVIE NIGHT Popcorn Kernels and Popcorn Seasoning Variety Pack (set of 8) - 3 Non-GMO Popcorn Kernel Packs and 5 Gourmet Popcorn Snack Seasoning</p><p>$22.00 ($1.01 / Ounce)</p><a href="https://www.amazon.com/dp/B07JN5467R?tag=eloabder-20&linkCode=osi&th=1&psc=1">View Product</a></div><div class="product"><a href="https://www.amazon.com/dp/B0C9592XTW?tag=eloabder-20&linkCode=osi&th=1&psc=1"><img src="https://m.media-amazon.com/images/I/41DvOymNLML._SL500_.jpg" alt="Product Image"></a><p>Funky Chunky Gourmet Popcorn, Chocolatey Popcorn, Pretzel, and Nutty Mixes, Peanut Butter Cup Popcorn, 19-Ounce Large Bag (Pack of 1)</p><p>$15.00 ($0.79 / Ounce)</p><a href="https://www.amazon.com/dp/B0C9592XTW?tag=eloabder-20&linkCode=osi&th=1&psc=1">View Product</a></div><div class="product"><a href="https://www.amazon.com/dp/B0D3FH1GW4?tag=eloabder-20&linkCode=osi&th=1&psc=1"><img src="https://m.media-amazon.com/images/I/51hBtOn2I4L._SL500_.jpg" alt="Product Image"></a><p>Garrett Popcorn Garrett Mix, 1.9oz, 12 Bags, Cheese and Caramel Gourmet Popcorn, Gluten Free, Sweet and Salty Snack Bags, Popped Popcorn Bags, Multipack</p><p>$29.95 ($1.31 / Ounce)</p><a href="https://www.amazon.com/dp/B0D3FH1GW4?tag=eloabder-20&linkCode=osi&th=1&psc=1">View Product</a></div><div class="product"><a href="https://www.amazon.com/dp/B00Q0PWE7Q?tag=eloabder-20&linkCode=osi&th=1&psc=1"><img src="https://m.media-amazon.com/images/I/51jM1d0eF8L._SL500_.jpg" alt="Product Image"></a><p>Popcornopolis Gourmet Caramel Corn Popcorn, Popped Popcorn Snack Bags 9.5 Oz</p><p>$8.99 ($0.95 / Ounce)</p><a href="https://www.amazon.com/dp/B00Q0PWE7Q?tag=eloabder-20&linkCode=osi&th=1&psc=1">View Product</a></div><div class="product"><a href="https://www.amazon.com/dp/B00D2H6LOW?tag=eloabder-20&linkCode=osi&th=1&psc=1"><img src="https://m.media-amazon.com/images/I/41iePRgsY5L._SL500_.jpg" alt="Product Image"></a><p>Thatcher's Gourmet Specialties Fruit Medley, 8 Oz (Pack of 1)</p><p>$6.25 ($0.78 / Ounce)</p><a href="https://www.amazon.com/dp/B00D2H6LOW?tag=eloabder-20&linkCode=osi&th=1&psc=1">View Product</a></div>
<div class="product"><a href="https://www.amazon.com/dp/B07ZXN7LPC?tag=eloabder-20&linkCode=osi&th=1&psc=1"><img src="https://m.media-amazon.com/images/I/51YkD3V1JyL._SL500_.jpg" alt="Product Image"></a><p>Mantova Organic Italian Specialty Pasta, Caserecce (2 packs of 1 lb. each) - Artisan Pasta, Non-GMO, Vegan, Kosher Certified, and Imported From Italy, Premium Quality</p><p>$12.99 ($0.41 / Ounce)</p><a href="https://www.amazon.com/dp/B07ZXN7LPC?tag=eloabder-20&linkCode=osi&th=1&psc=1">View Product</a></div><div class="product"><a href="https://www.amazon.com/dp/B01F2Z8ZOU?tag=eloabder-20&linkCode=osi&th=1&psc=1"><img src="https://m.media-amazon.com/images/I/51MK8iWLCgL._SL500_.jpg" alt="Product Image"></a><p>Mantova Organic Italian Specialty Pasta, Lumaconi, 1 lb (Pack of 2)</p><p>$13.99 ($0.87 / Ounce)</p><a href="https://www.amazon.com/dp/B01F2Z8ZOU?tag=eloabder-20&linkCode=osi&th=1&psc=1">View Product</a></div><div class="product"><a href="https://www.amazon.com/dp/B004N5HA6A?tag=eloabder-20&linkCode=osi&th=1&psc=1"><img src="https://m.media-amazon.com/images/I/517oR0RhHgL._SL500_.jpg" alt="Product Image"></a><p>Morelli Gourmet Pasta Italian Gift Basket From Italy - Tricolor Pasta Linguine Set - Red Chili, Garlic & Basil, and Lemon Pasta - Tricolored Organic Pasta from Italy, Made in Italy (3x 8.8 Ounce)</p><p>$31.99 ($1.21 / Ounce)</p><a href="https://www.amazon.com/dp/B004N5HA6A?tag=eloabder-20&linkCode=osi&th=1&psc=1">View Product</a></div><div class="product"><a href="https://www.amazon.com/dp/B00I8R5HSW?tag=eloabder-20&linkCode=osi&th=1&psc=1"><img src="https://m.media-amazon.com/images/I/41miThBoNtL._SL500_.jpg" alt="Product Image"></a><p>Mafaldine Italian Pasta di Gragnano | I.G.P. Protected | USDA Certified Organic | 17.6 Ounce | 500 Gram</p><p>$12.95 ($0.73 / Ounce)</p><a href="https://www.amazon.com/dp/B00I8R5HSW?tag=eloabder-20&linkCode=osi&th=1&psc=1">View Product</a></div><div class="product"><a href="https://www.amazon.com/dp/B0B1469JM5?tag=eloabder-20&linkCode=osi&th=1&psc=1"><img src="https://m.media-amazon.com/images/I/51spzGwiJ9L._SL500_.jpg" alt="Product Image"></a><p>Morelli Busiate, Pici, and Bucatini Organic Pasta Variety Pack - Imported Italian Pasta Sampler - Specialty Assortment Includes Three-17.6 oz Packages of Gourmet Pasta from Italy</p><p>$39.99 ($0.76 / Ounce)</p><a href="https://www.amazon.com/dp/B0B1469JM5?tag=eloabder-20&linkCode=osi&th=1&psc=1">View Product</a></div><div class="product"><a href="https://www.amazon.com/dp/B083X2P94L?tag=eloabder-20&linkCode=osi&th=1&psc=1"><img src="https://m.media-amazon.com/images/I/51APpkv+ImL._SL500_.jpg" alt="Product Image"></a><p>Pasta Deliziosa! Handcrafted Pasta Variety Pack, All Flavors, 12 Ounce (Pack of 6)</p><p>$38.99 ($3.25 / Ounce)</p><a href="https://www.amazon.com/dp/B083X2P94L?tag=eloabder-20&linkCode=osi&th=1&psc=1">View Product</a></div><div class="product"><a href="https://www.amazon.com/dp/B0793LPXRN?tag=eloabder-20&linkCode=osi&th=1&psc=1"><img src="https://m.media-amazon.com/images/I/41zIY0jxDdL._SL500_.jpg" alt="Product Image"></a><p>La Molisana Pasta Anellini Siciliani, 16 oz</p><p>$6.95 ($0.43 / Ounce)</p><a href="https://www.amazon.com/dp/B0793LPXRN?tag=eloabder-20&linkCode=osi&th=1&psc=1">View Product</a></div><div class="product"><a href="https://www.amazon.com/dp/B006ODJEBS?tag=eloabder-20&linkCode=osi&th=1&psc=1"><img src="https://m.media-amazon.com/images/I/51x4T3SOw1L._SL500_.jpg" alt="Product Image"></a><p>La Molisana Pasta Fusilli Bucati Cort, 1 Pound (Pack of 1)</p><p>$7.99 ($0.05 / Ounce)</p><a href="https://www.amazon.com/dp/B006ODJEBS?tag=eloabder-20&linkCode=osi&th=1&psc=1">View Product</a></div><div class="product"><a href="https://www.amazon.com/dp/B0095F92HS?tag=eloabder-20&linkCode=osi&th=1&psc=1"><img src="https://m.media-amazon.com/images/I/51IXE-gW1gL._SL500_.jpg" alt="Product Image"></a><p>De Cecco Pasta, Egg Pappardelle, 8.8 Ounce</p><p>$2.50 ($0.28 / Ounce)</p><a href="https://www.amazon.com/dp/B0095F92HS?tag=eloabder-20&linkCode=osi&th=1&psc=1">View Product</a></div><div class="product"><a href="https://www.amazon.com/dp/B000LRH8AM?tag=eloabder-20&linkCode=osi&th=1&psc=1"><img src="https://m.media-amazon.com/images/I/517Gsx3xbQL._SL500_.jpg" alt="Product Image"></a><p>RiceSelect Tri-Color Orzo Rice-Shaped Pasta, Premium Spinach- and Tomato-Flavored Non-GMO Orzo Pasta, 32-Ounce Jar</p><p>$7.29 ($0.28 / Ounce)</p><a href="https://www.amazon.com/dp/B000LRH8AM?tag=eloabder-20&linkCode=osi&th=1&psc=1">View Product</a></div>
<div class="product"><a href="https://www.amazon.com/dp/B00LUK2TGC?tag=eloabder-20&linkCode=osi&th=1&psc=1"><img src="https://m.media-amazon.com/images/I/51-6ifc3VmL._SL500_.jpg" alt="Product Image"></a><p>The Gourmet Choice Gift Basket by Wine Country Gift Baskets</p><p>$83.35</p><a href="https://www.amazon.com/dp/B00LUK2TGC?tag=eloabder-20&linkCode=osi&th=1&psc=1">View Product</a></div><div class="product"><a href="https://www.amazon.com/dp/B009LHPJ1S?tag=eloabder-20&linkCode=osi&th=1&psc=1"><img src="https://m.media-amazon.com/images/I/51cf0AEkjgL._SL500_.jpg" alt="Product Image"></a><p>Wine Country Gift Baskets Gourmet Feast Perfect For Family, Friends, Co-Workers, Loved Ones and Clients</p><p>$59.95</p><a href="https://www.amazon.com/dp/B009LHPJ1S?tag=eloabder-20&linkCode=osi&th=1&psc=1">View Product</a></div><div class="product"><a href="https://www.amazon.com/dp/B004D9XYWU?tag=eloabder-20&linkCode=osi&th=1&psc=1"><img src="https://m.media-amazon.com/images/I/515H6eRSagL._SL500_.jpg" alt="Product Image"></a><p>A Gift Inside Chocolate, Caramel and Crunch Grand Gift Basket</p><p>$42.95</p><a href="https://www.amazon.com/dp/B004D9XYWU?tag=eloabder-20&linkCode=osi&th=1&psc=1">View Product</a></div><div class="product"><a href="https://www.amazon.com/dp/B00BY78O7Y?tag=eloabder-20&linkCode=osi&th=1&psc=1"><img src="https://m.media-amazon.com/images/I/51sFeewMqVL._SL500_.jpg" alt="Product Image"></a><p>The Bon Appetit Gourmet Gift Basket by Wine Country Gift Baskets Gift for Families College Students Appreciation Thank You Congratulations Get Well Soon Care Package</p><p>$49.95</p><a href="https://www.amazon.com/dp/B00BY78O7Y?tag=eloabder-20&linkCode=osi&th=1&psc=1">View Product</a></div><div class="product"><a href="https://www.amazon.com/dp/B07CHSN691?tag=eloabder-20&linkCode=osi&th=1&psc=1"><img src="https://m.media-amazon.com/images/I/51-Qvkf4yFL._SL500_.jpg" alt="Product Image"></a><p>Dried Fruit Gift Basket– Healthy Gourmet Snack Box - Holiday Food Tray - Variety Snacks - Birthday, Sympathy, Mom, Dad, Corporate Tray - Bonnie & Pop</p><p>$37.99</p><a href="https://www.amazon.com/dp/B07CHSN691?tag=eloabder-20&linkCode=osi&th=1&psc=1">View Product</a></div><div class="product"><a href="https://www.amazon.com/dp/B00FBGKCHE?tag=eloabder-20&linkCode=osi&th=1&psc=1"><img src="https://m.media-amazon.com/images/I/51anmoX7EkL._SL500_.jpg" alt="Product Image"></a><p>Broadway Basketeers Chocolate Gift Basket Snack Gifts for Women, Men, Families, College, Appreciation, Thank You, Birthday, Corporate, Get Well Soon, Sympathy Care Package</p><p>$48.70 ($48.70 / Count)</p><a href="https://www.amazon.com/dp/B00FBGKCHE?tag=eloabder-20&linkCode=osi&th=1&psc=1">View Product</a></div><div class="product"><a href="https://www.amazon.com/dp/B00BY78O60?tag=eloabder-20&linkCode=osi&th=1&psc=1"><img src="https://m.media-amazon.com/images/I/51vKfvc7JTL._SL500_.jpg" alt="Product Image"></a><p>Wine Country Gift Baskets The Connoisseur Gourmet Gift Basket Food Gift Basket for Families College Students Appreciation Thank You Congratulations Get Well Soon Care Package</p><p>$56.36</p><a href="https://www.amazon.com/dp/B00BY78O60?tag=eloabder-20&linkCode=osi&th=1&psc=1">View Product</a></div><div class="product"><a href="https://www.amazon.com/dp/B07FT598PM?tag=eloabder-20&linkCode=osi&th=1&psc=1"><img src="https://m.media-amazon.com/images/I/51OJVHYoRsL._SL500_.jpg" alt="Product Image"></a><p>Wine Country Gift Baskets Gourmet Deluxe Gift Basket</p><p>$99.95</p><a href="https://www.amazon.com/dp/B07FT598PM?tag=eloabder-20&linkCode=osi&th=1&psc=1">View Product</a></div>
<div class="product"><a href="https://www.amazon.com/dp/B0B5ZTZL6G?tag=eloabder-20&linkCode=osi&th=1&psc=1"><img src="https://m.media-amazon.com/images/I/51rZYLnRlVL._SL500_.jpg" alt="Product Image"></a><p>Reinmoson Tea Strainers for Loose Tea, Extra Fine Mesh Tea Infuser, 304 Stainless Steel & Updated Slim Threaded Lid, Loose Leaf Tea Steeper for Black Tea, Rooibos, etc</p><p>$9.99</p><a href="https://www.amazon.com/dp/B0B5ZTZL6G?tag=eloabder-20&linkCode=osi&th=1&psc=1">View Product</a></div><div class="product"><a href="https://www.amazon.com/dp/B00SBTK5KW?tag=eloabder-20&linkCode=osi&th=1&psc=1"><img src="https://m.media-amazon.com/images/I/414cqIbd9eL._SL500_.jpg" alt="Product Image"></a><p>Tea Forte Single Steeps Loose Leaf Lotus Tea Sampler, Assorted Variety Tea Box, Serve Pouches,15 Count (Pack of 1)</p><p>$18.00 ($9.33 / Ounce)</p><a href="https://www.amazon.com/dp/B00SBTK5KW?tag=eloabder-20&linkCode=osi&th=1&psc=1">View Product</a></div><div class="product"><a href="https://www.amazon.com/dp/B08VMR4MXN?tag=eloabder-20&linkCode=osi&th=1&psc=1"><img src="https://m.media-amazon.com/images/I/51qQv4-VV3L._SL500_.jpg" alt="Product Image"></a><p>Twinings Tea Sampler Set 12 Flavors Assortment 48 Assorted Tea Bags with 20 Honey Sticks for Tea, Straws and Naturally Caffeine Free Herbal Tea Set…</p><p>$22.96 ($22.96 / Count)</p><a href="https://www.amazon.com/dp/B08VMR4MXN?tag=eloabder-20&linkCode=osi&th=1&psc=1">View Product</a></div><div class="product"><a href="https://www.amazon.com/dp/B074T2FWJY?tag=eloabder-20&linkCode=osi&th=1&psc=1"><img src="https://m.media-amazon.com/images/I/41n1uoomGAL._SL500_.jpg" alt="Product Image"></a><p>10Pcs Heart Tea Infuser for Loose Leaf Tea Steeper - Tea Diffusers for Loose Tea Leaf Steeper Tea Strainers for Loose Tea Infuser Spoon - Tea Steeper for Loose Tea Strainer Heart Shaped Tea Infuser</p><p>$9.98 ($1.00 / Count)</p><a href="https://www.amazon.com/dp/B074T2FWJY?tag=eloabder-20&linkCode=osi&th=1&psc=1">View Product</a></div><div class="product"><a href="https://www.amazon.com/dp/B074L4MZRY?tag=eloabder-20&linkCode=osi&th=1&psc=1"><img src="https://m.media-amazon.com/images/I/418v4F8ZhkL._SL500_.jpg" alt="Product Image"></a><p>VAHDAM Perfect Measure Loose Leaf Tea Spoon | Premium Quality Stainless Steel Tea Scoop | Perfect Measuring Teaspoons To Brew 1 Cup Of Loose Leaf Tea & Matcha</p><p>$7.99</p><a href="https://www.amazon.com/dp/B074L4MZRY?tag=eloabder-20&linkCode=osi&th=1&psc=1">View Product</a></div><div class="product"><a href="https://www.amazon.com/dp/B09FF6P7BL?tag=eloabder-20&linkCode=osi&th=1&psc=1"><img src="https://m.media-amazon.com/images/I/41oGPC0w7ML._SL500_.jpg" alt="Product Image"></a><p>Cute Tea Infuser by OTOTO - Loose Leaf Tea Steeper, Tea Accessories, Tea Diffusers, Tea Infuser for Loose Leaf Tea, Tea Strainers, Cute Gifts, Tea Gift Set, Kitchen Gifts, Cooking Gadgets</p><p>$14.95</p><a href="https://www.amazon.com/dp/B09FF6P7BL?tag=eloabder-20&linkCode=osi&th=1&psc=1">View Product</a></div><div class="product"><a href="https://www.amazon.com/dp/B072XP4FQK?tag=eloabder-20&linkCode=osi&th=1&psc=1"><img src="https://m.media-amazon.com/images/I/31Lfv+7oU6L._SL500_.jpg" alt="Product Image"></a><p>Tea Infuser (Set of 2 Pyramid & Square) with Tea Scoop | Ultra Fine Tea Strainer for Loose Leaf Tea | Stainless Steel Tea Steeper for a Superior Brewing Experience</p><p>$9.99</p><a href="https://www.amazon.com/dp/B072XP4FQK?tag=eloabder-20&linkCode=osi&th=1&psc=1">View Product</a></div><div class="product"><a href="https://www.amazon.com/dp/B0D2SCT4C4?tag=eloabder-20&linkCode=osi&th=1&psc=1"><img src="https://m.media-amazon.com/images/I/51vJnfc4-JL._SL500_.jpg" alt="Product Image"></a><p>Organic Tea Gift Set with Portable Kettle - 36 Piece Tea Gifts for Tea Lovers - Includes Insulated Mug, Assorted Organic Teas, Honey Sticks & Tea Accessories - Ultimate Brewing Experience</p><p>$56.90</p><a href="https://www.amazon.com/dp/B0D2SCT4C4?tag=eloabder-20&linkCode=osi&th=1&psc=1">View Product</a></div>
<div class="product"><a href="https://www.amazon.com/dp/B01NAV05XS?tag=eloabder-20&linkCode=osi&th=1&psc=1"><img src="https://m.media-amazon.com/images/I/51xpd-egLaL._SL500_.jpg" alt="Product Image"></a><p>Torani Variety Pack Caramel, French Vanilla, Vanilla & Hazelnut, 25.4 Ounces (Pack of 4)</p><p>$35.99 ($0.35 / Fl Oz)</p><a href="https://www.amazon.com/dp/B01NAV05XS?tag=eloabder-20&linkCode=osi&th=1&psc=1">View Product</a></div><div class="product"><a href="https://www.amazon.com/dp/B084NVN1J6?tag=eloabder-20&linkCode=osi&th=1&psc=1"><img src="https://m.media-amazon.com/images/I/51Vz7p8hhyL._SL500_.jpg" alt="Product Image"></a><p>Bones Coffee Company Cookies 'N Dreams Coffee Beans, Cookies & Cream Flavor, Low Acid Flavored Coffee, Made with Arabica Coffee Beans, Medium Roast Gourmet Coffee (12 oz)</p><p>$17.99 ($1.50 / Ounce)</p><a href="https://www.amazon.com/dp/B084NVN1J6?tag=eloabder-20&linkCode=osi&th=1&psc=1">View Product</a></div><div class="product"><a href="https://www.amazon.com/dp/B0C2DHCBD6?tag=eloabder-20&linkCode=osi&th=1&psc=1"><img src="https://m.media-amazon.com/images/I/51wa33jmF7L._SL500_.jpg" alt="Product Image"></a><p>Torani Puremade Sauce Variety Pack, 4 Flavors, 16.5 Ounces Bottle (Set of 4)</p><p>$25.99 ($0.39 / Ounce)</p><a href="https://www.amazon.com/dp/B0C2DHCBD6?tag=eloabder-20&linkCode=osi&th=1&psc=1">View Product</a></div><div class="product"><a href="https://www.amazon.com/dp/B000S75D66?tag=eloabder-20&linkCode=osi&th=1&psc=1"><img src="https://m.media-amazon.com/images/I/41AZMaoxbWL._SL500_.jpg" alt="Product Image"></a><p>illy Ground Coffee Moka - 100% Arabica Flavored Coffee Ground - Rich Aromatic Coffee Grounds Profile – Classico Medium Roast - Notes of Caramel, Orange Blossom & Jasmine - No Preservatives – 8.8 Ounce</p><p>$13.85 ($1.57 / Ounce)</p><a href="https://www.amazon.com/dp/B000S75D66?tag=eloabder-20&linkCode=osi&th=1&psc=1">View Product</a></div><div class="product"><a href="https://www.amazon.com/dp/B0BBY6V5T3?tag=eloabder-20&linkCode=osi&th=1&psc=1"><img src="https://m.media-amazon.com/images/I/515wvEFTD7L._SL500_.jpg" alt="Product Image"></a><p>Bones Coffee Company NEW World Tour Sample Pack | Ground Coffee Beans Sampler Gift Box Set | 4 oz Pack of 5 Assorted Single-Origin Gourmet Coffee Gifts | Medium Roast Coffee Beverages (Ground)</p><p>$34.99 ($1.75 / Ounce)</p><a href="https://www.amazon.com/dp/B0BBY6V5T3?tag=eloabder-20&linkCode=osi&th=1&psc=1">View Product</a></div>

<div class="product"><a href="https://www.amazon.com/dp/B01E4C982U?tag=eloabder-20&linkCode=osi&th=1&psc=1"><img src="https://m.media-amazon.com/images/I/51nAunBrSiL._SL500_.jpg" alt="Product Image"></a><p>Green Tea leaves Sencha, JAS Certified Organic, Japanese Tea, Uji-Kyoto, 80g Bag 【YAMASAN】</p><p>$14.70 ($5.25 / Ounce)</p><a href="https://www.amazon.com/dp/B01E4C982U?tag=eloabder-20&linkCode=osi&th=1&psc=1">View Product</a></div><div class="product"><a href="https://www.amazon.com/dp/B000SARJF6?tag=eloabder-20&linkCode=osi&th=1&psc=1"><img src="https://m.media-amazon.com/images/I/51hE2hmSzuL._SL500_.jpg" alt="Product Image"></a><p>Davidson's Tea Bulk, English Breakfast, 16 Ounce</p><p>$15.99 ($1.00 / Ounce)</p><a href="https://www.amazon.com/dp/B000SARJF6?tag=eloabder-20&linkCode=osi&th=1&psc=1">View Product</a></div><div class="product"><a href="https://www.amazon.com/dp/B008FOLQRE?tag=eloabder-20&linkCode=osi&th=1&psc=1"><img src="https://m.media-amazon.com/images/I/51F0rcvhhvL._SL500_.jpg" alt="Product Image"></a><p>Traditional Medicinals Organic Raspberry Leaf Herbal Tea, Eases Menstrual Cramps & Supports Healthy Pregnancy, (Pack of 1) - 16 Tea Bags</p><p>$4.92 ($5.79 / Ounce)</p><a href="https://www.amazon.com/dp/B008FOLQRE?tag=eloabder-20&linkCode=osi&th=1&psc=1">View Product</a></div><div class="product"><a href="https://www.amazon.com/dp/B00136MKEO?tag=eloabder-20&linkCode=osi&th=1&psc=1"><img src="https://m.media-amazon.com/images/I/41Ll68Q3iLL._SL500_.jpg" alt="Product Image"></a><p>Ahmad Tea Earl Grey Aromatic Loose Tea, Ceylon Caddy, 17.6 Oz</p><p>$14.87 ($0.84 / Ounce)</p><a href="https://www.amazon.com/dp/B00136MKEO?tag=eloabder-20&linkCode=osi&th=1&psc=1">View Product</a></div><div class="product"><a href="https://www.amazon.com/dp/B087G3NQGN?tag=eloabder-20&linkCode=osi&th=1&psc=1"><img src="https://m.media-amazon.com/images/I/51wev+SayvL._SL500_.jpg" alt="Product Image"></a><p>TIAN HU SHAN Premium Green Tea Loose Leaf 16 Ounce (454g)</p><p>$14.98 ($0.94 / Ounce)</p><a href="https://www.amazon.com/dp/B087G3NQGN?tag=eloabder-20&linkCode=osi&th=1&psc=1">View Product</a></div><div class="product"><a href="https://www.amazon.com/dp/B007Y94GN2?tag=eloabder-20&linkCode=osi&th=1&psc=1"><img src="https://m.media-amazon.com/images/I/51hqdPaNJYL._SL500_.jpg" alt="Product Image"></a><p>The Tao of Tea, Hibiscus Ginger Tea, Loose Leaf, 3.0 Ounce Tin to make 50 cups</p><p>$10.90 ($3.63 / Ounce)</p><a href="https://www.amazon.com/dp/B007Y94GN2?tag=eloabder-20&linkCode=osi&th=1&psc=1">View Product</a></div><div class="product"><a href="https://www.amazon.com/dp/B0D3WN5RG3?tag=eloabder-20&linkCode=osi&th=1&psc=1"><img src="https://m.media-amazon.com/images/I/5109jIe8NoL._SL500_.jpg" alt="Product Image"></a><p>Mevlana Ceylon Tea, Loose Leaf, 1 Lbs - Best Ceylon Black Tea Leaves from Sri Lanka - Loose Leaf Black Tea</p><p>$14.99 ($0.94 / Ounce)</p><a href="https://www.amazon.com/dp/B0D3WN5RG3?tag=eloabder-20&linkCode=osi&th=1&psc=1">View Product</a></div><div class="product"><a href="https://www.amazon.com/dp/B087G345SM?tag=eloabder-20&linkCode=osi&th=1&psc=1"><img src="https://m.media-amazon.com/images/I/51gQfgKqklL._SL500_.jpg" alt="Product Image"></a><p>TIAN HU SHAN Premium Oolong Tea Loose Leaf 14 Ounce (400g)</p><p>$14.99 ($1.07 / Ounce)</p><a href="https://www.amazon.com/dp/B087G345SM?tag=eloabder-20&linkCode=osi&th=1&psc=1">View Product</a></div>
<div class="product"><a href="https://www.amazon.com/dp/B08XWVFTKS?tag=eloabder-20&linkCode=osi&th=1&psc=1"><img src="https://m.media-amazon.com/images/I/41hJk3cTdnL._SL500_.jpg" alt="Product Image"></a><p>Lindt Gourmet Chocolate Truffles Gift Box, Assorted Chocolate Truffles, Great for gift giving, 14.7 Ounces</p><p>$24.99 ($1.70 / Ounce)</p><a href="https://www.amazon.com/dp/B08XWVFTKS?tag=eloabder-20&linkCode=osi&th=1&psc=1">View Product</a></div>
<div class="product"><a href="https://www.amazon.com/dp/B0CJ3XYPV3?tag=eloabder-20&linkCode=osi&th=1&psc=1"><img src="https://m.media-amazon.com/images/I/519ufxoFyDL._SL500_.jpg" alt="Product Image"></a><p>Blue House VARIETY Handcrafted Gourmet Caramel Candies Gift Box, Maple, Raspberry, Coffee, and Sea Salt</p><p>$26.98 ($1.35 / Count)</p><a href="https://www.amazon.com/dp/B0CJ3XYPV3?tag=eloabder-20&linkCode=osi&th=1&psc=1">View Product</a></div><div class="product"><a href="https://www.amazon.com/dp/B06VW4Z7B1?tag=eloabder-20&linkCode=osi&th=1&psc=1"><img src="https://m.media-amazon.com/images/I/516NdD4b5nL._SL500_.jpg" alt="Product Image"></a><p>BALI'S BEST Coffee Candy - Original Flavor | 1lb Jar | Rich, Smooth Taste | Indulge in Gourmet Coffee Delight - For Coffee Lovers, Delicious Treat for Any Occasion</p><p>$9.87 ($0.62 / Ounce)</p><a href="https://www.amazon.com/dp/B06VW4Z7B1?tag=eloabder-20&linkCode=osi&th=1&psc=1">View Product</a></div><div class="product"><a href="https://www.amazon.com/dp/B086N119VC?tag=eloabder-20&linkCode=osi&th=1&psc=1"><img src="https://m.media-amazon.com/images/I/41xKAcovvCS._SL500_.jpg" alt="Product Image"></a><p>Cerez Pazari Turkish Delight Candy with Assorted Mix Flavours 16 oz Gourmet Medium Size Snacks Gift Box | No Nuts Sweet Luxury Traditional Confectionery Vegan Lokum Loukoumi Approx.42 Pcs</p><p>$13.49 ($0.96 / Ounce)</p><a href="https://www.amazon.com/dp/B086N119VC?tag=eloabder-20&linkCode=osi&th=1&psc=1">View Product</a></div>
<div class="product"><a href="https://www.amazon.com/dp/B07CJLPR4P?tag=eloabder-20&linkCode=osi&th=1&psc=1"><img src="https://m.media-amazon.com/images/I/41vviwnqT4L._SL500_.jpg" alt="Product Image"></a><p>Funky Chunky Gourmet Popcorn Sampler Variety Pack with all 5 flavors: Sea Salt Caramel, Nutty Choco Pop, Peanut Butter Cup, Chip Zel Pop, and Chocolate Pretzel, 2 oz (5 Bags)</p><p>$20.00 ($2.00 / Ounce)</p><a href="https://www.amazon.com/dp/B07CJLPR4P?tag=eloabder-20&linkCode=osi&th=1&psc=1">View Product</a></div><div class="product"><a href="https://www.amazon.com/dp/B0CB1Q5YQ1?tag=eloabder-20&linkCode=osi&th=1&psc=1"><img src="https://m.media-amazon.com/images/I/61Xzv3ZgRIL._SL500_.jpg" alt="Product Image"></a><p>Italian Cracker Assortment - Pack of 30 - Snack Size Cracker Packs - Great Mother's Day Gift - Gourmet Artisan Cracker Variety Pack - Rosemary, Olive, Sesame, Poppy & Sesame, Pizza Flavors - Gourmet Crackers for Charcuterie Party - Cracker Gift Box - Kosher, Preservative Free</p><p>$29.99 ($34.01 / Ounce)</p><a href="https://www.amazon.com/dp/B0CB1Q5YQ1?tag=eloabder-20&linkCode=osi&th=1&psc=1">View Product</a></div><div class="product"><a href="https://www.amazon.com/dp/B0BLMMSPLW?tag=eloabder-20&linkCode=osi&th=1&psc=1"><img src="https://m.media-amazon.com/images/I/61jdT7ZVojL._SL500_.jpg" alt="Product Image"></a><p>International Snack Box, 30 Pcs Premium Foreign Rare Snack Food Gifts with Suprise Item,European Snacks for Adults and Kids for Easter Day</p><p>$39.95 ($0.62 / Ounce)</p><a href="https://www.amazon.com/dp/B0BLMMSPLW?tag=eloabder-20&linkCode=osi&th=1&psc=1">View Product</a></div><div class="product"><a href="https://www.amazon.com/dp/B07Z9SBTTC?tag=eloabder-20&linkCode=osi&th=1&psc=1"><img src="https://m.media-amazon.com/images/I/51P13LVLpjL._SL500_.jpg" alt="Product Image"></a><p>Sahale Snacks Glazed Mix Nut Blend Variety Pack, 1.5 Oz Grab & Go Bags (12 Total Packs) - Four Different Dry-Roasted Deluxe Mixed Nuts Blends Included - Non-GMO Kosher & Certified Gluten-Free Snacks</p><p>$42.20 ($2.34 / Ounce)</p><a href="https://www.amazon.com/dp/B07Z9SBTTC?tag=eloabder-20&linkCode=osi&th=1&psc=1">View Product</a></div><div class="product"><a href="https://www.amazon.com/dp/B00LAQ4Z1I?tag=eloabder-20&linkCode=osi&th=1&psc=1"><img src="https://m.media-amazon.com/images/I/41PkJ7khWFL._SL500_.jpg" alt="Product Image"></a><p>Sheila G's Brownie Brittle – Chocolate Chip & Salted Caramel Thin and Crispy Sweet Snacks (Pack of 20, 1 oz), Rich Gourmet Brownie Bites Dessert</p><p>$29.70 ($1.48 / Ounce)</p><a href="https://www.amazon.com/dp/B00LAQ4Z1I?tag=eloabder-20&linkCode=osi&th=1&psc=1">View Product</a></div><div class="product"><a href="https://www.amazon.com/dp/B09GW1NT5C?tag=eloabder-20&linkCode=osi&th=1&psc=1"><img src="https://m.media-amazon.com/images/I/613yB5WvmhL._SL500_.jpg" alt="Product Image"></a><p>CRAVEBOX Gourmet Specialty Snacks Box Care Package Boxes for College Students Adults Healthy Cookies Bar Organic Variety Gift Pack Assortment Basket Mix Sampler Treat Final Exam Office Men Women Halloween Back to School</p><p>$36.95 ($36.95 / Count)</p><a href="https://www.amazon.com/dp/B09GW1NT5C?tag=eloabder-20&linkCode=osi&th=1&psc=1">View Product</a></div>
<div class="product"><a href="https://www.amazon.com/dp/B00MPQ5ZOS?tag=eloabder-20&linkCode=osi&th=1&psc=1"><img src="https://m.media-amazon.com/images/I/51rC2bMIM5L._SL500_.jpg" alt="Product Image"></a><p>BetterBody Foods Organic Chia Seeds 2 lbs, 32 Oz, with Omega-3, Non-GMO, Gluten Free, Keto Diet Friendly, Vegan, Good Source of Fiber</p><p>$14.26 ($0.45 / Ounce)</p><a href="https://www.amazon.com/dp/B00MPQ5ZOS?tag=eloabder-20&linkCode=osi&th=1&psc=1">View Product</a></div><div class="product"><a href="https://www.amazon.com/dp/B000R7V3DE?tag=eloabder-20&linkCode=osi&th=1&psc=1"><img src="https://m.media-amazon.com/images/I/51YhGUGB+2L._SL500_.jpg" alt="Product Image"></a><p>Pacific Foods Organic Free Range Chicken Broth, 8 oz Carton (Pack of 4)</p><p>$3.39 ($0.11 / Fl Oz)</p><a href="https://www.amazon.com/dp/B000R7V3DE?tag=eloabder-20&linkCode=osi&th=1&psc=1">View Product</a></div><div class="product"><a href="https://www.amazon.com/dp/B073ZNGZ7F?tag=eloabder-20&linkCode=osi&th=1&psc=1"><img src="https://m.media-amazon.com/images/I/51PZf9bpVIL._SL500_.jpg" alt="Product Image"></a><p>BetterBody Foods Organic Quinoa, Vegan, Complete Plant Protein, Gluten Free, Low Glycemic Rice Replacement, 24 ounce</p><p>$15.63 ($0.65 / Fl Oz)</p><a href="https://www.amazon.com/dp/B073ZNGZ7F?tag=eloabder-20&linkCode=osi&th=1&psc=1">View Product</a></div><div class="product"><a href="https://www.amazon.com/dp/B01N3365YI?tag=eloabder-20&linkCode=osi&th=1&psc=1"><img src="https://m.media-amazon.com/images/I/41N0Mk2m0pL._SL500_.jpg" alt="Product Image"></a><p>NOW Foods, Organic Pumpkin Seeds, Raw and Unsalted, Excellent Source of Protein and Iron, Certified Non-GMO, Keto-Friendly Snack, 12-Ounce (Packaging May Vary)</p><p>$6.99 ($0.58 / Ounce)</p><a href="https://www.amazon.com/dp/B01N3365YI?tag=eloabder-20&linkCode=osi&th=1&psc=1">View Product</a></div><div class="product"><a href="https://www.amazon.com/dp/B0CMW5KTLL?tag=eloabder-20&linkCode=osi&th=1&psc=1"><img src="https://m.media-amazon.com/images/I/51skmBt-7dL._SL500_.jpg" alt="Product Image"></a><p>Kate’s Real Food Organic Granola Bars - Snack & Share Variety Pack (2.2 oz, Pack of 12) - Organic Energy Bars Made with Gluten Free Oats - Non GMO, Soy Free, Whole Grains, and All Natural</p><p>$33.88 ($1.28 / Ounce)</p><a href="https://www.amazon.com/dp/B0CMW5KTLL?tag=eloabder-20&linkCode=osi&th=1&psc=1">View Product</a></div><div class="product"><a href="https://www.amazon.com/dp/B008RLUXI8?tag=eloabder-20&linkCode=osi&th=1&psc=1"><img src="https://m.media-amazon.com/images/I/51cnqntGe8L._SL500_.jpg" alt="Product Image"></a><p>Annie's Organic Variety Pack, Cheddar Bunnies, Bunny Grahams and Cheddar Squares, 12 Pouches, 11 oz</p><p>$8.49 ($0.77 / Ounce)</p><a href="https://www.amazon.com/dp/B008RLUXI8?tag=eloabder-20&linkCode=osi&th=1&psc=1">View Product</a></div><div class="product"><a href="https://www.amazon.com/dp/B01IPZUZW4?tag=eloabder-20&linkCode=osi&th=1&psc=1"><img src="https://m.media-amazon.com/images/I/51F2XkB6b5L._SL500_.jpg" alt="Product Image"></a><p>BetterBody Foods Organic Cacao Powder, Rich Chocolate Flavor, Non-GMO, Gluten-Free, Cocoa, 16 ounce, 1 lb bag</p><p>$12.27 ($0.77 / Ounce)</p><a href="https://www.amazon.com/dp/B01IPZUZW4?tag=eloabder-20&linkCode=osi&th=1&psc=1">View Product</a></div><div class="product"><a href="https://www.amazon.com/dp/B016BC50VY?tag=eloabder-20&linkCode=osi&th=1&psc=1"><img src="https://m.media-amazon.com/images/I/51yOgUaWJ1L._SL500_.jpg" alt="Product Image"></a><p>Good Sense Roasted & Salted Organic Pumpkin Seeds (Pepitas), Non-GMO & All Natural, 6 Ounce Resealable Bag</p><p>$3.99 ($0.66 / Ounce)</p><a href="https://www.amazon.com/dp/B016BC50VY?tag=eloabder-20&linkCode=osi&th=1&psc=1">View Product</a></div><div class="product"><a href="https://www.amazon.com/dp/B0B5V77FSZ?tag=eloabder-20&linkCode=osi&th=1&psc=1"><img src="https://m.media-amazon.com/images/I/41qVxhNyX6L._SL500_.jpg" alt="Product Image"></a><p>Pacific Foods Organic Chicken and Wild Rice Soup, 16.3 oz Can</p><p>$2.87 ($0.18 / Ounce)</p><a href="https://www.amazon.com/dp/B0B5V77FSZ?tag=eloabder-20&linkCode=osi&th=1&psc=1">View Product</a></div>
<div class="product"><a href="https://www.amazon.com/dp/B00CBX8F3I?tag=eloabder-20&linkCode=osi&th=1&psc=1"><img src="https://m.media-amazon.com/images/I/51YgGi3uXNL._SL500_.jpg" alt="Product Image"></a><p>Glutino Gluten Free Table Crackers, Premium Squares, Original, 7 oz</p><p>$3.13 ($0.45 / Ounce)</p><a href="https://www.amazon.com/dp/B00CBX8F3I?tag=eloabder-20&linkCode=osi&th=1&psc=1">View Product</a></div><div class="product"><a href="https://www.amazon.com/dp/B0C64N6ZTC?tag=eloabder-20&linkCode=osi&th=1&psc=1"><img src="https://m.media-amazon.com/images/I/41jSEFaAtWL._SL500_.jpg" alt="Product Image"></a><p>Katz Gluten Free Toaster Pastries. Strawberry. Easy Breakfast Food Or Anytime Healthy Snacks For Adults & Kids. Gluten Free Snacks. Dairy Free, Nut Free, Peanut Free, Soy Free. Snacks For Adults Kosher Snacks. 8 OZ (Pack Of 2</p><p>$12.97 ($0.81 / Ounce)</p><a href="https://www.amazon.com/dp/B0C64N6ZTC?tag=eloabder-20&linkCode=osi&th=1&psc=1">View Product</a></div><div class="product"><a href="https://www.amazon.com/dp/B006OIWD7U?tag=eloabder-20&linkCode=osi&th=1&psc=1"><img src="https://m.media-amazon.com/images/I/51fcMhMMuFL._SL500_.jpg" alt="Product Image"></a><p>Kinnikinnick Gluten Free Angel Food Cake Mix, 16 Ounce</p><p>$9.00 ($0.56 / Ounce)</p><a href="https://www.amazon.com/dp/B006OIWD7U?tag=eloabder-20&linkCode=osi&th=1&psc=1">View Product</a></div><div class="product"><a href="https://www.amazon.com/dp/B00HKIBKQS?tag=eloabder-20&linkCode=osi&th=1&psc=1"><img src="https://m.media-amazon.com/images/I/41vcEf0YqVL._SL500_.jpg" alt="Product Image"></a><p>Lotus Foods Bulk Food Organic Millet & Brown Rice Ramen Noodles with Red Miso Soup, Gluten-Free Easy to Cook & Healthy Japanese Noodles with Instant Gourmet Broth, 2.8 Oz (Pack of 10)</p><p>$23.90 ($0.85 / Ounce)</p><a href="https://www.amazon.com/dp/B00HKIBKQS?tag=eloabder-20&linkCode=osi&th=1&psc=1">View Product</a></div><div class="product"><a href="https://www.amazon.com/dp/B09P8VQ62R?tag=eloabder-20&linkCode=osi&th=1&psc=1"><img src="https://m.media-amazon.com/images/I/517vF20bKYL._SL500_.jpg" alt="Product Image"></a><p>Gluten Free Sugar Free Butter Cookies 36 Count Traditional Danish Cookies, Premium Assorted Shortbread cookies for Diabetics (1 Pk, 11 Ounce)</p><p>$13.99 ($1.27 / Ounce)</p><a href="https://www.amazon.com/dp/B09P8VQ62R?tag=eloabder-20&linkCode=osi&th=1&psc=1">View Product</a></div><div class="product"><a href="https://www.amazon.com/dp/B07QFY8KVJ?tag=eloabder-20&linkCode=osi&th=1&psc=1"><img src="https://m.media-amazon.com/images/I/41A8K3x-WKL._SL500_.jpg" alt="Product Image"></a><p>Double Yolk Gluten Free Medium Egg Noodles,10 Ounce Bag (Pack of 2)</p><p>$20.00 ($1.00 / Ounce)</p><a href="https://www.amazon.com/dp/B07QFY8KVJ?tag=eloabder-20&linkCode=osi&th=1&psc=1">View Product</a></div><div class="product"><a href="https://www.amazon.com/dp/B017QPT0P2?tag=eloabder-20&linkCode=osi&th=1&psc=1"><img src="https://m.media-amazon.com/images/I/41bJSGh8ocS._SL500_.jpg" alt="Product Image"></a><p>Mom's Gluten Free Angel Food Cake Mix,1-Pack, Easy to Make, 12 Servings, Non GMO Delicious and Healthy Gluten Free Desserts</p><p>$9.99 ($0.55 / Ounce)</p><a href="https://www.amazon.com/dp/B017QPT0P2?tag=eloabder-20&linkCode=osi&th=1&psc=1">View Product</a></div>
<div class="product"><a href="https://www.amazon.com/dp/B08QG24L5V?tag=eloabder-20&linkCode=osi&th=1&psc=1"><img src="https://m.media-amazon.com/images/I/61+-HZ1es-L._SL500_.jpg" alt="Product Image"></a><p>Hellmann's Vegan Dressing and Spread Vegan 3 Ct for a Rich, Creamy Plant-Based Alternative to Mayo Same Great Taste, Plant Based, Free From Eggs 11.5 oz</p><p>$13.47 ($0.39 / Fl Oz)</p><a href="https://www.amazon.com/dp/B08QG24L5V?tag=eloabder-20&linkCode=osi&th=1&psc=1">View Product</a></div><div class="product"><a href="https://www.amazon.com/dp/B07PQ9D3WP?tag=eloabder-20&linkCode=osi&th=1&psc=1"><img src="https://m.media-amazon.com/images/I/519WO4YN0lL._SL500_.jpg" alt="Product Image"></a><p>Kapka Assorted Variety Indian Meals - 5 Pack - Ready to Eat Authentic Vegan Prepared Food - Just Add Water - Microwaveable Plant-Based Snacks for Breakfast, Lunch, Non-GMO, No Additives - 3.5oz Each</p><p>$22.99 ($1.31 / Ounce)</p><a href="https://www.amazon.com/dp/B07PQ9D3WP?tag=eloabder-20&linkCode=osi&th=1&psc=1">View Product</a></div><div class="product"><a href="https://www.amazon.com/dp/B093TNJY8D?tag=eloabder-20&linkCode=osi&th=1&psc=1"><img src="https://m.media-amazon.com/images/I/51imOXudzIL._SL500_.jpg" alt="Product Image"></a><p>TASTY BITE Mexican Protein Bowl, 8.8 Ounce, Pack of 6, Ready to Eat, Microwaveable, Vegan, 12g Plant Protein, Tangy Citrus</p><p>$21.96 ($0.42 / Ounce)</p><a href="https://www.amazon.com/dp/B093TNJY8D?tag=eloabder-20&linkCode=osi&th=1&psc=1">View Product</a></div><div class="product"><a href="https://www.amazon.com/dp/B0B23VJWWN?tag=eloabder-20&linkCode=osi&th=1&psc=1"><img src="https://m.media-amazon.com/images/I/519YN5vy+eL._SL500_.jpg" alt="Product Image"></a><p>Casa Verde | Variety flavours, 100% Natural food, Pack of 4, Real taste | 100% vegan & Non-GMO, Plant based, No preservatives</p><p>$26.99 ($0.77 / Ounce)</p><a href="https://www.amazon.com/dp/B0B23VJWWN?tag=eloabder-20&linkCode=osi&th=1&psc=1">View Product</a></div><div class="product"><a href="https://www.amazon.com/dp/B071JLJ9Q8?tag=eloabder-20&linkCode=osi&th=1&psc=1"><img src="https://m.media-amazon.com/images/I/51iqkJ5JbAL._SL500_.jpg" alt="Product Image"></a><p>Vegan Snacks Gift Basket for Adults Healthy Food Treats Variety Pack with Cookies, Protein Bars, Candy, Crispy Chips, Vegan Jerky, Fruit and Nut Blends - Ideal Vegan Snack Box Gift for Women & Men</p><p>$42.99 ($2.15 / Count)</p><a href="https://www.amazon.com/dp/B071JLJ9Q8?tag=eloabder-20&linkCode=osi&th=1&psc=1">View Product</a></div><div class="product"><a href="https://www.amazon.com/dp/B086PDWSNC?tag=eloabder-20&linkCode=osi&th=1&psc=1"><img src="https://m.media-amazon.com/images/I/51WO5dIKDjL._SL500_.jpg" alt="Product Image"></a><p>Kitchen & Love Best Sellers Variety Box 6-Pack | Vegan, Ready-to-Eat, No Refrigeration Required | Plant-Based, Gourmet Flavors</p><p>$27.99 ($0.59 / Ounce)</p><a href="https://www.amazon.com/dp/B086PDWSNC?tag=eloabder-20&linkCode=osi&th=1&psc=1">View Product</a></div><div class="product"><a href="https://www.amazon.com/dp/B08QG3CRNP?tag=eloabder-20&linkCode=osi&th=1&psc=1"><img src="https://m.media-amazon.com/images/I/617B3UIbxHL._SL500_.jpg" alt="Product Image"></a><p>Best Foods Vegan Dressing and Spread Vegan 1 ct for a Rich, Creamy Plant-Based Alternative to Mayo Same Great Taste, Plant Based, Free From Eggs 11.5 oz</p><p>$5.59 ($0.49 / Fl Oz)</p><a href="https://www.amazon.com/dp/B08QG3CRNP?tag=eloabder-20&linkCode=osi&th=1&psc=1">View Product</a></div><div class="product"><a href="https://www.amazon.com/dp/B09874VXSX?tag=eloabder-20&linkCode=osi&th=1&psc=1"><img src="https://m.media-amazon.com/images/I/51dRBp+9AzS._SL500_.jpg" alt="Product Image"></a><p>VEGAN VALLEY Cashew Nacho Cheeze Sauce, 14.5 oz - Shelf Stable, Tangy Vegan Nacho Cheeze -Certified Gluten-Free, Kosher, Dairy Free Cheeze -Non-GMO Plant-Based Cheeze Great As Vegan Pasta Sauce, Dip</p><p>$12.97 ($0.89 / Ounce)</p><a href="https://www.amazon.com/dp/B09874VXSX?tag=eloabder-20&linkCode=osi&th=1&psc=1">View Product</a></div><div class="product"><a href="https://www.amazon.com/dp/B076XR11WH?tag=eloabder-20&linkCode=osi&th=1&psc=1"><img src="https://m.media-amazon.com/images/I/41cpFCG2iiL._SL500_.jpg" alt="Product Image"></a><p>NOOCH IT! Fair Trade Dairy-Free Cashew Grated Cheeze | Vegan Parmesan ● Tasty Cheese Alternative | 4oz (Vegan "Parm", Gluten-Free)</p><p>$10.99 ($2.75 / Ounce)</p><a href="https://www.amazon.com/dp/B076XR11WH?tag=eloabder-20&linkCode=osi&th=1&psc=1">View Product</a></div>
<div class="product"><a href="https://www.amazon.com/dp/B09GFBR6MW?tag=eloabder-20&linkCode=osi&th=1&psc=1"><img src="https://m.media-amazon.com/images/I/51Jn8cqk0AL._SL500_.jpg" alt="Product Image"></a><p>Keto Almond Flour Crackers Variety Pack - Gluten Free, Low Carb, No Sugar</p><p>$14.99 ($2.22 / Ounce)</p><a href="https://www.amazon.com/dp/B09GFBR6MW?tag=eloabder-20&linkCode=osi&th=1&psc=1">View Product</a></div><div class="product"><a href="https://www.amazon.com/dp/B07TYW7CQ8?tag=eloabder-20&linkCode=osi&th=1&psc=1"><img src="https://m.media-amazon.com/images/I/51HQ0o0qxrL._SL500_.jpg" alt="Product Image"></a><p>Tillamook Country Smoker Keto Friendly Zero Sugar Smoked Sausages, Original, 10 Ounce</p><p>$11.49 ($1.15 / Ounce)</p><a href="https://www.amazon.com/dp/B07TYW7CQ8?tag=eloabder-20&linkCode=osi&th=1&psc=1">View Product</a></div><div class="product"><a href="https://www.amazon.com/dp/B09VXNV7ZZ?tag=eloabder-20&linkCode=osi&th=1&psc=1"><img src="https://m.media-amazon.com/images/I/51GQQjKLByL._SL500_.jpg" alt="Product Image"></a><p>Keto Strawberry Jam, No Sugar Added - Monk Fruit Sweetened, Gluten Free Spread from ChocZero, 12 oz</p><p>$9.99 ($0.83 / Ounce)</p><a href="https://www.amazon.com/dp/B09VXNV7ZZ?tag=eloabder-20&linkCode=osi&th=1&psc=1">View Product</a></div><div class="product"><a href="https://www.amazon.com/dp/B09GJ1RDS8?tag=eloabder-20&linkCode=osi&th=1&psc=1"><img src="https://m.media-amazon.com/images/I/61fQrPm63ML._SL500_.jpg" alt="Product Image"></a><p>Ratio Soft Baked Bars, Chocolate Brownie, 1g Sugar, Keto Friendly, 5.34 OZ (6 Bars)</p><p>$7.43 ($1.39 / Ounce)</p><a href="https://www.amazon.com/dp/B09GJ1RDS8?tag=eloabder-20&linkCode=osi&th=1&psc=1">View Product</a></div><div class="product"><a href="https://www.amazon.com/dp/B08ZS5VQ4P?tag=eloabder-20&linkCode=osi&th=1&psc=1"><img src="https://m.media-amazon.com/images/I/41bWBXP6BWL._SL500_.jpg" alt="Product Image"></a><p>Legendary Foods 20 gr Protein Pastry - Low Carb Tasty Protein Bar Alternative, Keto Friendly, No Sugar Added High Protein Breakfast Snacks, Gluten Free Keto Food - Brown Sugar Cinnamon (8-Pack)</p><p>$24.95 ($1.42 / Ounce)</p><a href="https://www.amazon.com/dp/B08ZS5VQ4P?tag=eloabder-20&linkCode=osi&th=1&psc=1">View Product</a></div><div class="product"><a href="https://www.amazon.com/dp/B08SHZGKD9?tag=eloabder-20&linkCode=osi&th=1&psc=1"><img src="https://m.media-amazon.com/images/I/51z4hGA4oGL._SL500_.jpg" alt="Product Image"></a><p>ChocZero Milk Chocolate Hazelnut Spread - Keto Friendly, No Sugar Added, Best Low Carb Dessert, Perfect Topping for Almond Flour Pancakes, Naturally Sweetened with Monk Fruit (1 jar, 12 oz)</p><p>$9.59 ($0.80 / Ounce)</p><a href="https://www.amazon.com/dp/B08SHZGKD9?tag=eloabder-20&linkCode=osi&th=1&psc=1">View Product</a></div><div class="product"><a href="https://www.amazon.com/dp/B078YD277Z?tag=eloabder-20&linkCode=osi&th=1&psc=1"><img src="https://m.media-amazon.com/images/I/413KVQlVNYL._SL500_.jpg" alt="Product Image"></a><p>Twin Peaks Low Carb, Keto Friendly Protein Puffs, Nacho Cheese (300g, 21g Protein, 2g Carbs)</p><p>$26.98 ($2.55 / Ounce)</p><a href="https://www.amazon.com/dp/B078YD277Z?tag=eloabder-20&linkCode=osi&th=1&psc=1">View Product</a></div><div class="product"><a href="https://www.amazon.com/dp/B09HYCR8H8?tag=eloabder-20&linkCode=osi&th=1&psc=1"><img src="https://m.media-amazon.com/images/I/51-9H1RUjjL._SL500_.jpg" alt="Product Image"></a><p>Ratio Coconut Almond Granola Cereal, 1g Sugar, Keto Friendly, 8 OZ Resealable Cereal Bag</p><p>$6.98 ($0.87 / Ounce)</p><a href="https://www.amazon.com/dp/B09HYCR8H8?tag=eloabder-20&linkCode=osi&th=1&psc=1">View Product</a></div><div class="product"><a href="https://www.amazon.com/dp/B09L78DG1T?tag=eloabder-20&linkCode=osi&th=1&psc=1"><img src="https://m.media-amazon.com/images/I/41zLTQtCMFL._SL500_.jpg" alt="Product Image"></a><p>Keto Biscuit Zero Carb Mix - Keto and Gluten Free Biscuit Baking Mix - 0g Net Carbs Per Biscuit - Sweetened with Allulose - No Erythritol, Easy to Bake - No Sugar Alcohols - No Nut Flours - Makes 12 Biscuits (23g Mix)</p><p>$12.99 ($1.33 / Ounce)</p><a href="https://www.amazon.com/dp/B09L78DG1T?tag=eloabder-20&linkCode=osi&th=1&psc=1">View Product</a></div>
<div class="product"><a href="https://www.amazon.com/dp/B07D3NS8NW?tag=eloabder-20&linkCode=osi&th=1&psc=1"><img src="https://m.media-amazon.com/images/I/5119qXbMHbL._SL500_.jpg" alt="Product Image"></a><p>Chomps Grass-Fed and Finished Original Beef Jerky Snack Sticks 10-Pack - Keto, Paleo, Whole30, 10g Lean Meat Protein, Gluten-Free, Zero Sugar Food, Non-GMO</p><p>$23.99 ($2.09 / Ounce)</p><a href="https://www.amazon.com/dp/B07D3NS8NW?tag=eloabder-20&linkCode=osi&th=1&psc=1">View Product</a></div><div class="product"><a href="https://www.amazon.com/dp/B01MD0T6G0?tag=eloabder-20&linkCode=osi&th=1&psc=1"><img src="https://m.media-amazon.com/images/I/410g9hhT61L._SL500_.jpg" alt="Product Image"></a><p>Paleo Powder Autoimmune Protocol All Purpose Seasoning | The Original Paleo Aip Seasoning Great for All Paleo Diets | Certified Keto Food, Paleo Whole 30, Aip Food, Gluten Free Seasoning</p><p>$10.99 ($2.75 / Ounce)</p><a href="https://www.amazon.com/dp/B01MD0T6G0?tag=eloabder-20&linkCode=osi&th=1&psc=1">View Product</a></div><div class="product"><a href="https://www.amazon.com/dp/B0844YJVX3?tag=eloabder-20&linkCode=osi&th=1&psc=1"><img src="https://m.media-amazon.com/images/I/51ejTPkppoL._SL500_.jpg" alt="Product Image"></a><p>Kevin's Natural Foods Paleo Simmer Sauce Variety Pack - Stir-Fry Sauce, Gluten Free, No Preservatives, Non-GMO - 3 Pack (Teriyaki/Thai Coconut/Korean BBQ)</p><p>$15.00 ($0.71 / Ounce)</p><a href="https://www.amazon.com/dp/B0844YJVX3?tag=eloabder-20&linkCode=osi&th=1&psc=1">View Product</a></div><div class="product"><a href="https://www.amazon.com/dp/B097CGVXGZ?tag=eloabder-20&linkCode=osi&th=1&psc=1"><img src="https://m.media-amazon.com/images/I/51q6lfDMpKL._SL500_.jpg" alt="Product Image"></a><p>Thunderbird Real Food Bars - Gluten Free, Paleo, Vegan Snack Food Bar Variety Pack - 102 Ounce</p><p>$18.99 ($1.86 / Ounce)</p><a href="https://www.amazon.com/dp/B097CGVXGZ?tag=eloabder-20&linkCode=osi&th=1&psc=1">View Product</a></div><div class="product"><a href="https://www.amazon.com/dp/B07B6N46RZ?tag=eloabder-20&linkCode=osi&th=1&psc=1"><img src="https://m.media-amazon.com/images/I/51VZNI8wYuL._SL500_.jpg" alt="Product Image"></a><p>Caveman Foods Dark Chocolate Almond Coconut (12 Count Box) 1.4 Ounce, Nutrition Bar , NON GMO, GULTEN Free, Paleo Friendly Dark Coconut Dark Chocolate Coconut bars</p><p>$18.55 ($1.10 / Ounce)</p><a href="https://www.amazon.com/dp/B07B6N46RZ?tag=eloabder-20&linkCode=osi&th=1&psc=1">View Product</a></div><div class="product"><a href="https://www.amazon.com/dp/B07TBB5XBT?tag=eloabder-20&linkCode=osi&th=1&psc=1"><img src="https://m.media-amazon.com/images/I/41C-Kn4zXqL._SL500_.jpg" alt="Product Image"></a><p>Paleo AIP Seasoned Breading Mix | Cassava Root with AIP Seasoning Paleo Mix for all Paleo Diets | Certified Keto Food, Gluten Free, No MSG, No Additives, No Anti-Caking Agents, No Added Sugar.</p><p>$11.99 ($1.50 / Ounce)</p><a href="https://www.amazon.com/dp/B07TBB5XBT?tag=eloabder-20&linkCode=osi&th=1&psc=1">View Product</a></div><div class="product"><a href="https://www.amazon.com/dp/B01II47Y94?tag=eloabder-20&linkCode=osi&th=1&psc=1"><img src="https://m.media-amazon.com/images/I/51qQs0vK2+L._SL500_.jpg" alt="Product Image"></a><p>Bearded Brothers Organic Vegan Protein Energy Bars - Gluten & Soy Free Paleo | Non GMO, Low Glycemic, Plant Based Protein, High Fiber | 12pk Six Flavor Variety</p><p>$30.99 ($1.70 / Ounce)</p><a href="https://www.amazon.com/dp/B01II47Y94?tag=eloabder-20&linkCode=osi&th=1&psc=1">View Product</a></div><div class="product"><a href="https://www.amazon.com/dp/B081XYV62N?tag=eloabder-20&linkCode=osi&th=1&psc=1"><img src="https://m.media-amazon.com/images/I/61EH9U076rL._SL500_.jpg" alt="Product Image"></a><p>Paleo Snacks Variety Pack for Adult | Healthy Snack Box [25 Count] Holiday Gift Basket Gluten Free | Mix of Whole Foods, Protein Bars, Crackers, Chips, Puffs, Fruit & Nuts by Snack Attack</p><p>$51.99</p><a href="https://www.amazon.com/dp/B081XYV62N?tag=eloabder-20&linkCode=osi&th=1&psc=1">View Product</a></div><div class="product"><a href="https://www.amazon.com/dp/B07NXF79QB?tag=eloabder-20&linkCode=osi&th=1&psc=1"><img src="https://m.media-amazon.com/images/I/41+l-WTpxlL._SL500_.jpg" alt="Product Image"></a><p>BetterBody Foods Avocado Oil Mayonnaise, Non-GMO Mayo Spread Made with Cage-Free Eggs, Paleo (15 Ounces)</p><p>$7.98 ($0.53 / Fl Oz)</p><a href="https://www.amazon.com/dp/B07NXF79QB?tag=eloabder-20&linkCode=osi&th=1&psc=1">View Product</a></div>
<div class="product"><a href="https://www.amazon.com/dp/B08R6DZXYV?tag=eloabder-20&linkCode=osi&th=1&psc=1"><img src="https://m.media-amazon.com/images/I/514+AzE-ZdL._SL500_.jpg" alt="Product Image"></a><p>The Only Bean - Crunchy Roasted Edamame Beans (Sea Salt) - Keto Snacks (2g Net) - High Protein Healthy Snacks (14g Protein) - Low Carb & Calorie, Gluten-Free Snack, Vegan Food - 4 oz (3 Pack)</p><p>$13.97 ($1.16 / Ounce)</p><a href="https://www.amazon.com/dp/B08R6DZXYV?tag=eloabder-20&linkCode=osi&th=1&psc=1">View Product</a></div><div class="product"><a href="https://www.amazon.com/dp/B081K2H9MT?tag=eloabder-20&linkCode=osi&th=1&psc=1"><img src="https://m.media-amazon.com/images/I/51AY70sTn+L._SL500_.jpg" alt="Product Image"></a><p>Natural Heaven Hearts of Palm Pasta, Angel Hair Noodles - Low Carb Pasta, Gluten-Free, Paleo, Keto Pasta Noodles, Plant-Based Healthy Food, 9 Oz</p><p>$7.98 ($0.89 / Ounce)</p><a href="https://www.amazon.com/dp/B081K2H9MT?tag=eloabder-20&linkCode=osi&th=1&psc=1">View Product</a></div><div class="product"><a href="https://www.amazon.com/dp/B010LWGDMA?tag=eloabder-20&linkCode=osi&th=1&psc=1"><img src="https://m.media-amazon.com/images/I/51a0+d-4GQL._SL500_.jpg" alt="Product Image"></a><p>Atkins Endulge Caramel Nut Chew Bar, Dessert Favorite, 1g Sugar, Good Source of Fiber, Low Sugar, 10 Count</p><p>$12.49 ($1.04 / Ounce)</p><a href="https://www.amazon.com/dp/B010LWGDMA?tag=eloabder-20&linkCode=osi&th=1&psc=1">View Product</a></div><div class="product"><a href="https://www.amazon.com/dp/B092L4RYLD?tag=eloabder-20&linkCode=osi&th=1&psc=1"><img src="https://m.media-amazon.com/images/I/51OTsRP+TZL._SL500_.jpg" alt="Product Image"></a><p>Legendary Foods 20 gr Protein Pastry, Low Carb, Tasty Protein Bar Alternative, Keto Friendly, No Sugar Added, High Protein Breakfast Snacks, Gluten Free Keto Food - Hot Fudge (8-Pack)</p><p>$26.99 ($1.53 / Ounce)</p><a href="https://www.amazon.com/dp/B092L4RYLD?tag=eloabder-20&linkCode=osi&th=1&psc=1">View Product</a></div><div class="product"><a href="https://www.amazon.com/dp/B0B3YG1RSV?tag=eloabder-20&linkCode=osi&th=1&psc=1"><img src="https://m.media-amazon.com/images/I/419gDC2KO3L._SL500_.jpg" alt="Product Image"></a><p>King Arthur Baking Keto Pizza Crust Mix, 1g Net Carbs Per Serving, Low Carb & Keto Friendly, 10.25 oz</p><p>$5.49 ($0.54 / Ounce)</p><a href="https://www.amazon.com/dp/B0B3YG1RSV?tag=eloabder-20&linkCode=osi&th=1&psc=1">View Product</a></div><div class="product"><a href="https://www.amazon.com/dp/B0CJ5MXM5F?tag=eloabder-20&linkCode=osi&th=1&psc=1"><img src="https://m.media-amazon.com/images/I/51sa1DKliOL._SL500_.jpg" alt="Product Image"></a><p>BeyondTwistz Low Carb Pretzels, Garlic Butter, Keto Friendly, 2g Net Carbs, 18g Protein, Powered By HealthSense® High Fiber Wheat Flour, Family Size 8oz Bag, Pack of 1</p><p>$12.99 ($1.62 / Ounce)</p><a href="https://www.amazon.com/dp/B0CJ5MXM5F?tag=eloabder-20&linkCode=osi&th=1&psc=1">View Product</a></div><div class="product"><a href="https://www.amazon.com/dp/B0C95KJ8K6?tag=eloabder-20&linkCode=osi&th=1&psc=1"><img src="https://m.media-amazon.com/images/I/51mYAdV0dDL._SL500_.jpg" alt="Product Image"></a><p>Mr. Tortilla Low Carb Keto Soft Taco Shells, Vegan Healthy Snacks & Bread Alternative, 1 Net Carb 15 Calories Delicious Small Batch Kosher Wraps -(Multigrain, 12 Count)</p><p>$5.99 ($0.50 / Count)</p><a href="https://www.amazon.com/dp/B0C95KJ8K6?tag=eloabder-20&linkCode=osi&th=1&psc=1">View Product</a></div>
<div class="product"><a href="https://www.amazon.com/dp/B0B7S2CQ8L?tag=eloabder-20&linkCode=osi&th=1&psc=1"><img src="https://m.media-amazon.com/images/I/41MUr4yS1EL._SL500_.jpg" alt="Product Image"></a><p>Legendary Foods High Protein Snack - Chocolate Sweet Roll, 20 Gr Protein Bar Alternative, Low Carb Food, Low Sugar - Gluten Free Keto Breakfast Snacks, Healthy Chocolate Flavored Rolls (10-pack)</p><p>$33.99 ($1.44 / Ounce)</p><a href="https://www.amazon.com/dp/B0B7S2CQ8L?tag=eloabder-20&linkCode=osi&th=1&psc=1">View Product</a></div><div class="product"><a href="https://www.amazon.com/dp/B0B2N5GHMG?tag=eloabder-20&linkCode=osi&th=1&psc=1"><img src="https://m.media-amazon.com/images/I/61SWf5ZeiCL._SL500_.jpg" alt="Product Image"></a><p>The Only Bean Crunchy Roasted Edamame - Healthy Snacks for Adults and Kids (Variety Pack), Low Calorie & Carb Keto Snack Food, Vegan Gluten Free High Protein Snacks (11g), Office Snack, 0.9oz 24 pack</p><p>$28.97 ($1.34 / Ounce)</p><a href="https://www.amazon.com/dp/B0B2N5GHMG?tag=eloabder-20&linkCode=osi&th=1&psc=1">View Product</a></div><div class="product"><a href="https://www.amazon.com/dp/B0CZT2LPZJ?tag=eloabder-20&linkCode=osi&th=1&psc=1"><img src="https://m.media-amazon.com/images/I/41XWEdSgdDL._SL500_.jpg" alt="Product Image"></a><p>Crisp Power High Protein Pretzel Crisps - 6 Pack x 1.75 oz Crunchy & Flavorful Plant-Based Snack. No Sugar, 28g Protein Per Pack in 3 Savory Flavors, Vegan, Keto Friendly, Non-GMO, Kosher Non-Dairy (1.75 Ounce (Pack of 6), Everything)</p><p>$19.90 ($1.88 / Ounce)</p><a href="https://www.amazon.com/dp/B0CZT2LPZJ?tag=eloabder-20&linkCode=osi&th=1&psc=1">View Product</a></div><div class="product"><a href="https://www.amazon.com/dp/B09GLBLPYG?tag=eloabder-20&linkCode=osi&th=1&psc=1"><img src="https://m.media-amazon.com/images/I/51i+PQS9qVL._SL500_.jpg" alt="Product Image"></a><p>Quest Nutrition Tortilla Style Protein Chips Variety Pack, Chili Lime, Nacho Cheese, Loaded Taco, Low Carb, High Protein, Gluten Free, 1.1 oz (Pack of 12)</p><p>$29.99 ($2.27 / Ounce)</p><a href="https://www.amazon.com/dp/B09GLBLPYG?tag=eloabder-20&linkCode=osi&th=1&psc=1">View Product</a></div><div class="product"><a href="https://www.amazon.com/dp/B086CHT1TM?tag=eloabder-20&linkCode=osi&th=1&psc=1"><img src="https://m.media-amazon.com/images/I/519WyQYsN0L._SL500_.jpg" alt="Product Image"></a><p>Quest Nutrition Lemon Cake Protein Bars, High Protein, Low Carb, Gluten Free, Keto Friendly, 12 Count (Pack of 1)</p><p>$22.99 ($0.90 / Ounce)</p><a href="https://www.amazon.com/dp/B086CHT1TM?tag=eloabder-20&linkCode=osi&th=1&psc=1">View Product</a></div>
<div class="product"><a href="https://www.amazon.com/dp/B093CGRM2T?tag=eloabder-20&linkCode=osi&th=1&psc=1"><img src="https://m.media-amazon.com/images/I/41HZ8Kc174L._SL500_.jpg" alt="Product Image"></a><p>Farmers' Market Charcuterie Gift for Summer, Wisconsin Cheese, Hickory Smoked Meat, Shelf Stable, Gourmet Meat and Cheese Platter, Small Spicy</p><p>$29.99</p><a href="https://www.amazon.com/dp/B093CGRM2T?tag=eloabder-20&linkCode=osi&th=1&psc=1">View Product</a></div>



<div class="product"><a href="https://www.amazon.com/dp/B00JXLYK6M?tag=eloabder-20&linkCode=osi&th=1&psc=1"><img src="https://m.media-amazon.com/images/I/51W31ipLg4L._SL500_.jpg" alt="Product Image"></a><p>Gourmet World Flavors Seasoning Collection | Non GMO Verified | 6 Magnetic Tins | Spice Blends | Crafted in Small Batches by Gustus Vitae | #68</p><p>$34.99 ($4.17 / Ounce)</p><a href="https://www.amazon.com/dp/B00JXLYK6M?tag=eloabder-20&linkCode=osi&th=1&psc=1">View Product</a></div><div class="product"><a href="https://www.amazon.com/dp/B00IJG0HE6?tag=eloabder-20&linkCode=osi&th=1&psc=1"><img src="https://m.media-amazon.com/images/I/41y129UFElL._SL500_.jpg" alt="Product Image"></a><p>The Gourmet Collection Spice Blends Roasted Garlic, Rosemary & Sea Salt Blend - Rosemary Seasoning Salt for Cooking - Meat, Fish Vegetable Seasoning!</p><p>$11.99 ($1.60 / Ounce)</p><a href="https://www.amazon.com/dp/B00IJG0HE6?tag=eloabder-20&linkCode=osi&th=1&psc=1">View Product</a></div><div class="product"><a href="https://www.amazon.com/dp/B00KCX4K60?tag=eloabder-20&linkCode=osi&th=1&psc=1"><img src="https://m.media-amazon.com/images/I/41sh+9jTUxL._SL500_.jpg" alt="Product Image"></a><p>The Gourmet Collection Seasoning Blends Roast Vegetables & Fries Spice Blend Seasoning for Cooking Sweet Potatoes, Fries, Cauliflower Rice, Veggies!</p><p>$10.99 ($1.69 / Ounce)</p><a href="https://www.amazon.com/dp/B00KCX4K60?tag=eloabder-20&linkCode=osi&th=1&psc=1">View Product</a></div><div class="product"><a href="https://www.amazon.com/dp/B00VDEMF0K?tag=eloabder-20&linkCode=osi&th=1&psc=1"><img src="https://m.media-amazon.com/images/I/41XyWLhhYfL._SL500_.jpg" alt="Product Image"></a><p>""" Evaluation result 7.33 of 10 Roll over image to zoom in The Gourmet Collection Seasoning Blend, Smoked Paprika, Garlic, Chili & Chives Spice Blend-Salt Free Seasonings for Cooking Chicken, Beef, Pork, Fish."""</p><p>$10.99 ($2.34 / Ounce)</p><a href="https://www.amazon.com/dp/B00VDEMF0K?tag=eloabder-20&linkCode=osi&th=1&psc=1">View Product</a></div><div class="product"><a href="https://www.amazon.com/dp/B00JLJ1V0E?tag=eloabder-20&linkCode=osi&th=1&psc=1"><img src="https://m.media-amazon.com/images/I/41An1fGpEvL._SL500_.jpg" alt="Product Image"></a><p>The Gourmet Collection Spice Blends Roasted Garlic and Red Bell Pepper Blend - Garlic Powder Seasoning for Cooking - Salt Free - Seafood, Meat, Eggs.</p><p>$12.92 ($2.64 / Ounce)</p><a href="https://www.amazon.com/dp/B00JLJ1V0E?tag=eloabder-20&linkCode=osi&th=1&psc=1">View Product</a></div><div class="product"><a href="https://www.amazon.com/dp/B00T17KM7O?tag=eloabder-20&linkCode=osi&th=1&psc=1"><img src="https://m.media-amazon.com/images/I/41bAsjcnzKL._SL500_.jpg" alt="Product Image"></a><p>The Gourmet Collection Spice & Seasoning Blend Oregano Basil & Tomato Spice Blend Greek, Mediterranean, Italian Herb Seasoning Salt Free 156 Servings.</p><p>$11.58 ($5.03 / Ounce)</p><a href="https://www.amazon.com/dp/B00T17KM7O?tag=eloabder-20&linkCode=osi&th=1&psc=1">View Product</a></div><div class="product"><a href="https://www.amazon.com/dp/B00JCJQUDG?tag=eloabder-20&linkCode=osi&th=1&psc=1"><img src="https://m.media-amazon.com/images/I/41TxNYi-JsL._SL500_.jpg" alt="Product Image"></a><p>The Gourmet Collection Spice Blends, Fishermans Seafood Spectacular Seasoning for Crab Meat, Salmon, Crab Boil, Fish Fry. Shrimp, Mussels and Rice.</p><p>$12.58 ($2.57 / Ounce)</p><a href="https://www.amazon.com/dp/B00JCJQUDG?tag=eloabder-20&linkCode=osi&th=1&psc=1">View Product</a></div>
<div class="product"><a href="https://www.amazon.com/dp/B00KJZGDG6?tag=eloabder-20&linkCode=osi&th=1&psc=1"><img src="https://m.media-amazon.com/images/I/41G7+3D7qwL._SL500_.jpg" alt="Product Image"></a><p>The Gourmet Collection Seasoning Blend & Spice Collection: Herbes De Provence Spice Blend with Lavender: Salt-free: Chicken, Fish Soups: 156 Servings.</p><p>$10.99 ($8.45 / Ounce)</p><a href="https://www.amazon.com/dp/B00KJZGDG6?tag=eloabder-20&linkCode=osi&th=1&psc=1">View Product</a></div><div class="product"><a href="https://www.amazon.com/dp/B00S13C9CK?tag=eloabder-20&linkCode=osi&th=1&psc=1"><img src="https://m.media-amazon.com/images/I/41ISMYe0EnL._SL500_.jpg" alt="Product Image"></a><p>The Gourmet Collection Spice Blends Pasta Herb Blend - Seasoning for Cooking: Italian, Mediterranean, Greek. Meat, Fish, Pasta Seasoning: 156 Servings</p><p>$12.95 ($12.95 / Count)</p><a href="https://www.amazon.com/dp/B00S13C9CK?tag=eloabder-20&linkCode=osi&th=1&psc=1">View Product</a></div><div class="product"><a href="https://www.amazon.com/dp/B006ZX9TLW?tag=eloabder-20&linkCode=osi&th=1&psc=1"><img src="https://m.media-amazon.com/images/I/41EQ+rJcO+L._SL500_.jpg" alt="Product Image"></a><p>McCormick Gourmet Organic Herbes De Provence, 0.65 Oz</p><p>$5.22 ($8.03 / Ounce)</p><a href="https://www.amazon.com/dp/B006ZX9TLW?tag=eloabder-20&linkCode=osi&th=1&psc=1">View Product</a></div><div class="product"><a href="https://www.amazon.com/dp/B07MK554K9?tag=eloabder-20&linkCode=osi&th=1&psc=1"><img src="https://m.media-amazon.com/images/I/51Z9LNMEpNL._SL500_.jpg" alt="Product Image"></a><p>The Pepper Trade Gourmet Peppercorn Blend Collection, 8 Pack Gift Set | Sampler Spice Gift Set, Use in Grinders</p><p>$32.41 ($6.56 / Ounce)</p><a href="https://www.amazon.com/dp/B07MK554K9?tag=eloabder-20&linkCode=osi&th=1&psc=1">View Product</a></div><div class="product"><a href="https://www.amazon.com/dp/B077H3MPW2?tag=eloabder-20&linkCode=osi&th=1&psc=1"><img src="https://m.media-amazon.com/images/I/41xqPw5HnlL._SL500_.jpg" alt="Product Image"></a><p>Meat Church Gourmet Garlic & Herb Seasoning 6oz.</p><p>$12.99 ($2.16 / Ounce)</p><a href="https://www.amazon.com/dp/B077H3MPW2?tag=eloabder-20&linkCode=osi&th=1&psc=1">View Product</a></div><div class="product"><a href="https://www.amazon.com/dp/B07F3VWZCG?tag=eloabder-20&linkCode=osi&th=1&psc=1"><img src="https://m.media-amazon.com/images/I/51er50fptpL._SL500_.jpg" alt="Product Image"></a><p>McCormick Gourmet Organic Garlic & Herbs Everyday Basics Variety Pack (Oregano, Garlic Powder, Crushed Rosemary, Thyme), 0.05 lb</p><p>$17.49 ($3.98 / Ounce)</p><a href="https://www.amazon.com/dp/B07F3VWZCG?tag=eloabder-20&linkCode=osi&th=1&psc=1">View Product</a></div><div class="product"><a href="https://www.amazon.com/dp/B07W73L2NY?tag=eloabder-20&linkCode=osi&th=1&psc=1"><img src="https://m.media-amazon.com/images/I/514ztA7ffSS._SL500_.jpg" alt="Product Image"></a><p>Gustus Vitae - Herbs De Everything Seasoning - Non GMO - Magnetic Tin - 2 Ounce - Authentic Gourmet Spice Blend - Crafted in Small Batches</p><p>$8.49 ($2.74 / Ounce)</p><a href="https://www.amazon.com/dp/B07W73L2NY?tag=eloabder-20&linkCode=osi&th=1&psc=1">View Product</a></div>

Aucun résultat trouvé.
<div class="product"><a href="https://www.amazon.com/dp/B07BQXJ123?tag=eloabder-20&linkCode=osi&th=1&psc=1"><img src="https://m.media-amazon.com/images/I/41h4IsgjbZL._SL500_.jpg" alt="Product Image"></a><p>Squirrel Brand Sweet Brown Butter Cashews, 3.5 Ounces Resealable Bag, Gluten Free, Vegetarian</p><p>$2.74 ($0.78 / Fl Oz)</p><a href="https://www.amazon.com/dp/B07BQXJ123?tag=eloabder-20&linkCode=osi&th=1&psc=1">View Product</a></div><div class="product"><a href="https://www.amazon.com/dp/B003P02EGU?tag=eloabder-20&linkCode=osi&th=1&psc=1"><img src="https://m.media-amazon.com/images/I/51aUMBXF71L._SL500_.jpg" alt="Product Image"></a><p>Sparkling Ice, Black Raspberry Sparkling Water, Zero Sugar Flavored Water, with Vitamins and Antioxidants, Low Calorie Beverage, 17 fl oz Bottles (Pack of 12)</p><p>$9.98 ($0.05 / Fl Oz)</p><a href="https://www.amazon.com/dp/B003P02EGU?tag=eloabder-20&linkCode=osi&th=1&psc=1">View Product</a></div><div class="product"><a href="https://www.amazon.com/dp/B0C6RG22VN?tag=eloabder-20&linkCode=osi&th=1&psc=1"><img src="https://m.media-amazon.com/images/I/31fjAuuWWNL._SL500_.jpg" alt="Product Image"></a><p>Bauducco Vanilla Wafers - Crispy Wafer Cookies With 3 Delicious, Indulgent, Decadent Layers of Vanilla Flavored Cream - Delicious Sweet Snack or Desert - 5.0 oz (Pack of 1)</p><p>$1.59 ($0.32 / Ounce)</p><a href="https://www.amazon.com/dp/B0C6RG22VN?tag=eloabder-20&linkCode=osi&th=1&psc=1">View Product</a></div><div class="product"><a href="https://www.amazon.com/dp/B09W5ZVDD2?tag=eloabder-20&linkCode=osi&th=1&psc=1"><img src="https://m.media-amazon.com/images/I/41SSfHVmdrL._SL500_.jpg" alt="Product Image"></a><p>Cinnamon Toast Crunch Creamy Cinnamon Spread, 10 Ounce</p><p>$2.48 ($0.25 / Ounce)</p><a href="https://www.amazon.com/dp/B09W5ZVDD2?tag=eloabder-20&linkCode=osi&th=1&psc=1">View Product</a></div><div class="product"><a href="https://www.amazon.com/dp/B00L2MWLMK?tag=eloabder-20&linkCode=osi&th=1&psc=1"><img src="https://m.media-amazon.com/images/I/51dBawJ2u9L._SL500_.jpg" alt="Product Image"></a><p>Duncan Hines Dark Chocolate Fudge Brownie Mix, 18.2 OZ</p><p>$1.54 ($0.08 / Ounce)</p><a href="https://www.amazon.com/dp/B00L2MWLMK?tag=eloabder-20&linkCode=osi&th=1&psc=1">View Product</a></div><div class="product"><a href="https://www.amazon.com/dp/B004M15U12?tag=eloabder-20&linkCode=osi&th=1&psc=1"><img src="https://m.media-amazon.com/images/I/51WF3t7pADL._SL500_.jpg" alt="Product Image"></a><p>PLANTERS Deluxe Salted Whole Cashews, Party Snacks, Plant-Based Protein, Quick Snack for Adults, After School Snack, Roasted Cashew Flavored with Sea Salt, Bulk Nuts, Kosher, 1 lb 2.25oz Canister</p><p>$9.98 ($0.55 / Ounce)</p><a href="https://www.amazon.com/dp/B004M15U12?tag=eloabder-20&linkCode=osi&th=1&psc=1">View Product</a></div><div class="product"><a href="https://www.amazon.com/dp/B078J62RYJ?tag=eloabder-20&linkCode=osi&th=1&psc=1"><img src="https://m.media-amazon.com/images/I/51AXLNUF66L._SL500_.jpg" alt="Product Image"></a><p>PLANTERS Deluxe Mixed Nuts, Cashews, Almonds, Pecans, Pistachios, Hazelnuts, Roasted with Sea Salt, Party Snacks, Plant-Based Protein, Quick Snack for Adults, After School Snack, 27oz Container</p><p>$17.51 ($0.65 / Ounce)</p><a href="https://www.amazon.com/dp/B078J62RYJ?tag=eloabder-20&linkCode=osi&th=1&psc=1">View Product</a></div><div class="product"><a href="https://www.amazon.com/dp/B0BSB1D65T?tag=eloabder-20&linkCode=osi&th=1&psc=1"><img src="https://m.media-amazon.com/images/I/51u9sSRdlIL._SL500_.jpg" alt="Product Image"></a><p>PLANTERS Cashews Cinnamon & Brown Sugar, Party Snacks, 5 Oz Bag</p><p>$3.50 ($0.70 / Ounce)</p><a href="https://www.amazon.com/dp/B0BSB1D65T?tag=eloabder-20&linkCode=osi&th=1&psc=1">View Product</a></div><div class="product"><a href="https://www.amazon.com/dp/B0BN4LZ5P3?tag=eloabder-20&linkCode=osi&th=1&psc=1"><img src="https://m.media-amazon.com/images/I/51OLBHQEeSL._SL500_.jpg" alt="Product Image"></a><p>Planters Dry Roasted Bold & Savory Peanuts, Party Snacks, Plant-Based Protein, 16 Oz Jar</p><p>$2.98 ($0.19 / Ounce)</p><a href="https://www.amazon.com/dp/B0BN4LZ5P3?tag=eloabder-20&linkCode=osi&th=1&psc=1">View Product</a></div>

<div class="product"><a href="https://www.amazon.com/dp/B0CJQJYYVQ?tag=eloabder-20&linkCode=osi&th=1&psc=1"><img src="https://m.media-amazon.com/images/I/51mbf3FOrUL._SL500_.jpg" alt="Product Image"></a><p>Dried Fruit and Nuts Gift Baskets, 9 Healthy Varieties of Nuts & Dried Fruit Gifts, Gourmet Prime Candy Basket Delivery, Family Edible Food Ideas for All, Anniversary, Birthday, Care Package, Corporate Gifts</p><p>$24.99 ($24.99 / Count)</p><a href="https://www.amazon.com/dp/B0CJQJYYVQ?tag=eloabder-20&linkCode=osi&th=1&psc=1">View Product</a></div><div class="product"><a href="https://www.amazon.com/dp/B0BRYN42RF?tag=eloabder-20&linkCode=osi&th=1&psc=1"><img src="https://m.media-amazon.com/images/I/61sztsxabsL._SL500_.jpg" alt="Product Image"></a><p>Dried Fruit & Nuts Gift Basket Arrangement Platter, Gourmet Food Snack Box, For Fathers Day, Birthday Care Package, Healthy Kosher - Her Him - 12 Snackberry Assortment (Single)</p><p>$24.99 ($1.03 / Ounce)</p><a href="https://www.amazon.com/dp/B0BRYN42RF?tag=eloabder-20&linkCode=osi&th=1&psc=1">View Product</a></div><div class="product"><a href="https://www.amazon.com/dp/B0CZ4H5N2S?tag=eloabder-20&linkCode=osi&th=1&psc=1"><img src="https://m.media-amazon.com/images/I/51NLO50v2cL._SL500_.jpg" alt="Product Image"></a><p>Variety Dried Fuit Gift Basket, Fathers Day Gift Basket, Gift Box for Birthday. Anniversary, Get Well Gift, Gift for Him, Her and Family, Snackberry (1 Pack)</p><p>$9.99 ($0.62 / Ounce)</p><a href="https://www.amazon.com/dp/B0CZ4H5N2S?tag=eloabder-20&linkCode=osi&th=1&psc=1">View Product</a></div><div class="product"><a href="https://www.amazon.com/dp/B09HW1C373?tag=eloabder-20&linkCode=osi&th=1&psc=1"><img src="https://m.media-amazon.com/images/I/418cDyDC0eL._SL500_.jpg" alt="Product Image"></a><p>Farm Fresh Assorted Nuts Gift Basket - Artfully Arranged Gourmet Nuts and Dried Fruit Collection - Prime Arrangement Platter - Makes a Delicious, Healthy Gift Basket For Holidays, Parties, Corporate Gifts, and More</p><p>$12.99 ($12.99 / Count)</p><a href="https://www.amazon.com/dp/B09HW1C373?tag=eloabder-20&linkCode=osi&th=1&psc=1">View Product</a></div><div class="product"><a href="https://www.amazon.com/dp/B0CRD2MWB9?tag=eloabder-20&linkCode=osi&th=1&psc=1"><img src="https://m.media-amazon.com/images/I/51tT9Jj4hKL._SL500_.jpg" alt="Product Image"></a><p>Happy Birthday Dried Fruit & Nuts Gift Basket Arrangement Platter, Gourmet Food Snack Box, Birthday Care Package, Healthy Kosher, Her Him (9 Assortments)</p><p>$19.99 ($19.99 / Count)</p><a href="https://www.amazon.com/dp/B0CRD2MWB9?tag=eloabder-20&linkCode=osi&th=1&psc=1">View Product</a></div><div class="product"><a href="https://www.amazon.com/dp/B0CHCJK5GN?tag=eloabder-20&linkCode=osi&th=1&psc=1"><img src="https://m.media-amazon.com/images/I/61dpK7BoYbL._SL500_.jpg" alt="Product Image"></a><p>Broadway Basketeers Deluxe Thank You Dried Fruit And Nuts Gift Basket - A Premium Healthy Appreciation Gift - Corporate, Family & Friends</p><p>$32.06</p><a href="https://www.amazon.com/dp/B0CHCJK5GN?tag=eloabder-20&linkCode=osi&th=1&psc=1">View Product</a></div>
<div class="product"><a href="https://www.amazon.com/dp/B078SZHZ82?tag=eloabder-20&linkCode=osi&th=1&psc=1"><img src="https://m.media-amazon.com/images/I/51S82IO04jL._SL500_.jpg" alt="Product Image"></a><p>DEL MONTE FRESH CUT BLUE LAKE Cut Green Beans Canned Vegetables,14.5 Ounce (Pack of 12)</p><p>$12.99 ($0.07 / Ounce)</p><a href="https://www.amazon.com/dp/B078SZHZ82?tag=eloabder-20&linkCode=osi&th=1&psc=1">View Product</a></div>
<div class="product"><a href="https://www.amazon.com/dp/B0C94YG17L?tag=eloabder-20&linkCode=osi&th=1&psc=1"><img src="https://m.media-amazon.com/images/I/51VfC5jp4OL._SL500_.jpg" alt="Product Image"></a><p>Hickory Farms Farmhouse Sausage & Cheese Medium Gift Box | Gourmet Food Basket | Charcuterie | Father's Day Gift | Perfect For Family, Birthday, Sympathy, Congratulations, Retirement, Thinking of You, Father's Day Gift</p><p>$34.99 ($34.99 / Count)</p><a href="https://www.amazon.com/dp/B0C94YG17L?tag=eloabder-20&linkCode=osi&th=1&psc=1">View Product</a></div><div class="product"><a href="https://www.amazon.com/dp/B00K35V3F8?tag=eloabder-20&linkCode=osi&th=1&psc=1"><img src="https://m.media-amazon.com/images/I/41bd0TKnKfL._SL500_.jpg" alt="Product Image"></a><p>Farmers' Market Charcuterie Gift for Summer, Wisconsin Cheese, Hickory Smoked Meat, Shelf Stable, Gourmet Meat and Cheese Platter, Large Original</p><p>$39.99</p><a href="https://www.amazon.com/dp/B00K35V3F8?tag=eloabder-20&linkCode=osi&th=1&psc=1">View Product</a></div><div class="product"><a href="https://www.amazon.com/dp/B0994V3KXV?tag=eloabder-20&linkCode=osi&th=1&psc=1"><img src="https://m.media-amazon.com/images/I/61Zr7E45qvL._SL500_.jpg" alt="Product Image"></a><p>Wisconsin Cheese Company - Specialty 100% Wisconsin Cheese Block Assortment 4 oz. (Pack of 7 Blocks) Cheddar, Pepper Jack, Swiss, Gouda, Cheddar Salami, Smoked Cheddar & Tomato Basil Cheese - Cheese Sampler Gift Set</p><p>$39.99 ($1.43 / Ounce)</p><a href="https://www.amazon.com/dp/B0994V3KXV?tag=eloabder-20&linkCode=osi&th=1&psc=1">View Product</a></div><div class="product"><a href="https://www.amazon.com/dp/B009Y7I2F0?tag=eloabder-20&linkCode=osi&th=1&psc=1"><img src="https://m.media-amazon.com/images/I/41VgrnxieeL._SL500_.jpg" alt="Product Image"></a><p>Wisconsin Cheese Company - 100% Wisconsin Cheddar & Pepper Jack Cheese and Cracker Gift Basket. Large Gourmet Gift Box Assortment. Great for Charcuterie Boards & Gifts.</p><p>$29.99 ($2.11 / Ounce)</p><a href="https://www.amazon.com/dp/B009Y7I2F0?tag=eloabder-20&linkCode=osi&th=1&psc=1">View Product</a></div><div class="product"><a href="https://www.amazon.com/dp/B00FY43IJ2?tag=eloabder-20&linkCode=osi&th=1&psc=1"><img src="https://m.media-amazon.com/images/I/41QN9RXV4RL._SL500_.jpg" alt="Product Image"></a><p>California Delicious Gourmet Cheeseboard Gift, 8 piece set</p><p>$47.98 ($6.00 / Count)</p><a href="https://www.amazon.com/dp/B00FY43IJ2?tag=eloabder-20&linkCode=osi&th=1&psc=1">View Product</a></div><div class="product"><a href="https://www.amazon.com/dp/B0CRM55TF8?tag=eloabder-20&linkCode=osi&th=1&psc=1"><img src="https://m.media-amazon.com/images/I/51Vz3kt14-L._SL500_.jpg" alt="Product Image"></a><p>Farmers' Market Cheese Block Assortment 7oz 6-Pack, Shelf Stable, Pasteurized, Locally Sourced Wisconsin Cheese (Assortment, 6 Count)</p><p>$29.99 ($0.71 / Ounce)</p><a href="https://www.amazon.com/dp/B0CRM55TF8?tag=eloabder-20&linkCode=osi&th=1&psc=1">View Product</a></div>
<div class="product"><a href="https://www.amazon.com/dp/B006GXQHKW?tag=eloabder-20&linkCode=osi&th=1&psc=1"><img src="https://m.media-amazon.com/images/I/41gffgWPG4L._SL500_.jpg" alt="Product Image"></a><p>Old Wisconsin Premium Summer Sausage, 100% Natural Meat, Charcuterie, Ready to Eat, High Protein, Low Carb, Keto, Gluten Free, Original Flavor, 8 Ounce</p><p>$6.09 ($0.76 / Count)</p><a href="https://www.amazon.com/dp/B006GXQHKW?tag=eloabder-20&linkCode=osi&th=1&psc=1">View Product</a></div><div class="product"><a href="https://www.amazon.com/dp/B07PNM9SNJ?tag=eloabder-20&linkCode=osi&th=1&psc=1"><img src="https://m.media-amazon.com/images/I/51XUGii8qrL._SL500_.jpg" alt="Product Image"></a><p>Meat Shredz - Premium Dried Pulled Pork (Variety, 6 Pack) | Gluten Free | High Protein & Low Sugar | Bacon Bits | Dehydrated Backpacking & Camping Food | Shredded, Dried Jerky Chew Snack</p><p>$42.95 ($52.06 / lb)</p><a href="https://www.amazon.com/dp/B07PNM9SNJ?tag=eloabder-20&linkCode=osi&th=1&psc=1">View Product</a></div><div class="product"><a href="https://www.amazon.com/dp/B0CVQWPGC5?tag=eloabder-20&linkCode=osi&th=1&psc=1"><img src="https://m.media-amazon.com/images/I/41M9k0m4dOL._SL500_.jpg" alt="Product Image"></a><p>Olympic Delights Premium Meats and Cheese Gift Box by Dan the Sausageman featuring Summer Sausage, Stuffed Olives, Crackers and Mustard</p><p>$68.95</p><a href="https://www.amazon.com/dp/B0CVQWPGC5?tag=eloabder-20&linkCode=osi&th=1&psc=1">View Product</a></div><div class="product"><a href="https://www.amazon.com/dp/B000FIUQAQ?tag=eloabder-20&linkCode=osi&th=1&psc=1"><img src="https://m.media-amazon.com/images/I/51-jFNA-ZgL._SL500_.jpg" alt="Product Image"></a><p>Hormel Premium No Salt Added Canned Chunk Chicken Breast in Water, 5 Ounce (Pack of 12)</p><p>$25.44 ($0.42 / Ounce)</p><a href="https://www.amazon.com/dp/B000FIUQAQ?tag=eloabder-20&linkCode=osi&th=1&psc=1">View Product</a></div><div class="product"><a href="https://www.amazon.com/dp/B07Y936YWY?tag=eloabder-20&linkCode=osi&th=1&psc=1"><img src="https://m.media-amazon.com/images/I/51cpUvuRIzL._SL500_.jpg" alt="Product Image"></a><p>Jack Link's Beef Jerky, Sweet & Hot, ½ Pounder Bag - Flavorful Meat Snack, 9g of Protein and 80 Calories, Made with Premium Beef - 96 Percent Fat Free, No Added MSG or Nitrates/Nitrites</p><p>$9.99 ($1.25 / Ounce)</p><a href="https://www.amazon.com/dp/B07Y936YWY?tag=eloabder-20&linkCode=osi&th=1&psc=1">View Product</a></div><div class="product"><a href="https://www.amazon.com/dp/B000FK7G20?tag=eloabder-20&linkCode=osi&th=1&psc=1"><img src="https://m.media-amazon.com/images/I/414A4Q9AvAL._SL500_.jpg" alt="Product Image"></a><p>Swanson White and Dark Premium Chunk Canned Chicken Breast in Water, Fully Cooked Chicken, 9.75 OZ Can (Case of 12)</p><p>$35.76 ($0.31 / Ounce)</p><a href="https://www.amazon.com/dp/B000FK7G20?tag=eloabder-20&linkCode=osi&th=1&psc=1">View Product</a></div>
<div class="product"><a href="https://www.amazon.com/dp/B072126PMY?tag=eloabder-20&linkCode=osi&th=1&psc=1"><img src="https://m.media-amazon.com/images/I/51nw4J9x8YL._SL500_.jpg" alt="Product Image"></a><p>Simple Mills Almond Flour Baking Mix, Artisan Bread Mix - Gluten Free, Plant Based, Paleo Friendly, 10.4 Ounce (Pack of 3)</p><p>$23.97 ($0.77 / Ounce)</p><a href="https://www.amazon.com/dp/B072126PMY?tag=eloabder-20&linkCode=osi&th=1&psc=1">View Product</a></div><div class="product"><a href="https://www.amazon.com/dp/B081VPXGJS?tag=eloabder-20&linkCode=osi&th=1&psc=1"><img src="https://m.media-amazon.com/images/I/51j0-+rAaZL._SL500_.jpg" alt="Product Image"></a><p>Essential Baking Company Organic Artisan Sourdough Bread, 18.2 Ounce (Pack of 3)</p><p>$28.65 ($0.52 / Ounce)</p><a href="https://www.amazon.com/dp/B081VPXGJS?tag=eloabder-20&linkCode=osi&th=1&psc=1">View Product</a></div><div class="product"><a href="https://www.amazon.com/dp/B08HSPX7LM?tag=eloabder-20&linkCode=osi&th=1&psc=1"><img src="https://m.media-amazon.com/images/I/41RUhxZCnNL._SL500_.jpg" alt="Product Image"></a><p>Giusto's Vita-Grain All-Natural Artisan Malted Unbleached Bread Flour, 5lb Bag</p><p>$10.95 ($0.14 / Ounce)</p><a href="https://www.amazon.com/dp/B08HSPX7LM?tag=eloabder-20&linkCode=osi&th=1&psc=1">View Product</a></div>
<div class="product"><a href="https://www.amazon.com/dp/B001DDD4DS?tag=eloabder-20&linkCode=osi&th=1&psc=1"><img src="https://m.media-amazon.com/images/I/51osI10x5HL._SL500_.jpg" alt="Product Image"></a><p>Mantova Flavored Extra Virgin Olive Oil Variety Pack: Garlic, Basil, Chili, Lemon Organic Extra Virgin Olive Oil, 8.5-Ounce Per Bottle (Pack of 4) Great Gift Item</p><p>$36.99 ($1.09 / Fl Oz)</p><a href="https://www.amazon.com/dp/B001DDD4DS?tag=eloabder-20&linkCode=osi&th=1&psc=1">View Product</a></div><div class="product"><a href="https://www.amazon.com/dp/B001DDD4E2?tag=eloabder-20&linkCode=osi&th=1&psc=1"><img src="https://m.media-amazon.com/images/I/51cFWLj1kiL._SL500_.jpg" alt="Product Image"></a><p>Mantova Grand’Aroma Flavored Extra Virgin Olive Oils, Variety Gift Set, made in Italy, cold-pressed, 100% natural, heart-healthy, for grilling, barbequing, smoking, and cooking, 8.5 oz (Pack of 4)</p><p>$39.99 ($1.18 / Fl Oz)</p><a href="https://www.amazon.com/dp/B001DDD4E2?tag=eloabder-20&linkCode=osi&th=1&psc=1">View Product</a></div><div class="product"><a href="https://www.amazon.com/dp/B087S41Y1W?tag=eloabder-20&linkCode=osi&th=1&psc=1"><img src="https://m.media-amazon.com/images/I/518tVUgnUkL._SL500_.jpg" alt="Product Image"></a><p>Benissimo Herb Infused Cooking Oil Chef Pack, All Natural Italiano, Roasted Garlic, Mediterranean Garlic, Balsamic Garlic</p><p>$26.99 ($0.79 / Fl Oz)</p><a href="https://www.amazon.com/dp/B087S41Y1W?tag=eloabder-20&linkCode=osi&th=1&psc=1">View Product</a></div><div class="product"><a href="https://www.amazon.com/dp/B08CY8R7TF?tag=eloabder-20&linkCode=osi&th=1&psc=1"><img src="https://m.media-amazon.com/images/I/61pbDfsr-8L._SL500_.jpg" alt="Product Image"></a><p>Infused Extra Virgin Olive Oil Gift Box Set, First Cold Pressed, Variety Pack, 4 bottles x 8.5 fl.oz (250ml), Naturally Infused for Dipping & Tasting, (Gift Box Included), Chili, Garlic, Basil, Rosemary, BASSO1904</p><p>$35.99 ($1.06 / Fl Oz)</p><a href="https://www.amazon.com/dp/B08CY8R7TF?tag=eloabder-20&linkCode=osi&th=1&psc=1">View Product</a></div><div class="product"><a href="https://www.amazon.com/dp/B009HRQ47U?tag=eloabder-20&linkCode=osi&th=1&psc=1"><img src="https://m.media-amazon.com/images/I/41PaTko-dvL._SL500_.jpg" alt="Product Image"></a><p>TruffleHunter - English, Black & White Truffle Oil Set - 3.38 Oz x 3</p><p>$29.70 ($0.10 / Fl Oz)</p><a href="https://www.amazon.com/dp/B009HRQ47U?tag=eloabder-20&linkCode=osi&th=1&psc=1">View Product</a></div><div class="product"><a href="https://www.amazon.com/dp/B07ZZLZBF8?tag=eloabder-20&linkCode=osi&th=1&psc=1"><img src="https://m.media-amazon.com/images/I/51fpIYH949L._SL500_.jpg" alt="Product Image"></a><p>Viva Oliva Six 60ml (2oz) Variety Gift Set - Premium Flavored Extra Virgin Olive Oils (Tuscan Herb, Basil, Mushroom & Sage) and All Natural Balsamic Vinegars (18 Year Traditional, Grapefruit, Black Mission Fig)</p><p>$43.95 ($3.61 / Fl Oz)</p><a href="https://www.amazon.com/dp/B07ZZLZBF8?tag=eloabder-20&linkCode=osi&th=1&psc=1">View Product</a></div><div class="product"><a href="https://www.amazon.com/dp/B0B2LS1J8F?tag=eloabder-20&linkCode=osi&th=1&psc=1"><img src="https://m.media-amazon.com/images/I/41q4RRhEqPL._SL500_.jpg" alt="Product Image"></a><p>Infused Olive Oil Gift Sets - Organic Puglia Olive Oil Sampler Gift Set. Ideal for Italian Gifts and Edible Gift Baskets. Gourmet Olive Oil Gift Box of 5 x 3.45 Fl.Oz.</p><p>$53.80 ($3.16 / Fl Oz)</p><a href="https://www.amazon.com/dp/B0B2LS1J8F?tag=eloabder-20&linkCode=osi&th=1&psc=1">View Product</a></div><div class="product"><a href="https://www.amazon.com/dp/B08P967SSX?tag=eloabder-20&linkCode=osi&th=1&psc=1"><img src="https://m.media-amazon.com/images/I/51HyprLyr5L._SL500_.jpg" alt="Product Image"></a><p>Viva Oliva Four 60ml (2oz) Variety Gift Set - Premium Flavored Extra Virgin Olive Oils (Tuscan Herb & Basil) and All Natural Balsamic Vinegars (18 Year Traditional & Black Mission Fig)</p><p>$33.95 ($4.18 / Fl Oz)</p><a href="https://www.amazon.com/dp/B08P967SSX?tag=eloabder-20&linkCode=osi&th=1&psc=1">View Product</a></div><div class="product"><a href="https://www.amazon.com/dp/B0078DPMQY?tag=eloabder-20&linkCode=osi&th=1&psc=1"><img src="https://m.media-amazon.com/images/I/31qLwvo1tML._SL500_.jpg" alt="Product Image"></a><p>Benissimo Oil Roasted Garlic, 8.1 Ounces</p><p>$11.99 ($1.48 / Ounce)</p><a href="https://www.amazon.com/dp/B0078DPMQY?tag=eloabder-20&linkCode=osi&th=1&psc=1">View Product</a></div>
<div class="product"><a href="https://www.amazon.com/dp/B07MGKCV5Y?tag=eloabder-20&linkCode=osi&th=1&psc=1"><img src="https://m.media-amazon.com/images/I/31tE+o2DanL._SL500_.jpg" alt="Product Image"></a><p>Iberia All Natural Distilled White Vinegar, 1 Gallon - 5% Acidity</p><p>$12.99 ($0.10 / Fl Oz)</p><a href="https://www.amazon.com/dp/B07MGKCV5Y?tag=eloabder-20&linkCode=osi&th=1&psc=1">View Product</a></div><div class="product"><a href="https://www.amazon.com/dp/B07985NMQD?tag=eloabder-20&linkCode=osi&th=1&psc=1"><img src="https://m.media-amazon.com/images/I/41ElEDybjlL._SL500_.jpg" alt="Product Image"></a><p>Lucy's Family Owned - Natural Distilled White Vinegar, 1 Gallon (128 oz) - 5% Acidity (White Vinegar, 1 Gallon (128 fl oz.))</p><p>$17.99 ($0.14 / Fl Oz)</p><a href="https://www.amazon.com/dp/B07985NMQD?tag=eloabder-20&linkCode=osi&th=1&psc=1">View Product</a></div><div class="product"><a href="https://www.amazon.com/dp/B07F7MXPWD?tag=eloabder-20&linkCode=osi&th=1&psc=1"><img src="https://m.media-amazon.com/images/I/51GKn4NVqTL._SL500_.jpg" alt="Product Image"></a><p>Soeos Chinkiang Vinegar 16.9 fl oz (500ml), 3 Years Aged, Naturally Fermented, Mature Aged Black Vinegar, Chinese Black Vinegar, Zhenjiang Vinegar, Black Rice Vinegar, Black Vinegar Chinese.</p><p>$13.99 ($0.83 / Fl Oz)</p><a href="https://www.amazon.com/dp/B07F7MXPWD?tag=eloabder-20&linkCode=osi&th=1&psc=1">View Product</a></div><div class="product"><a href="https://www.amazon.com/dp/B001I7MVG0?tag=eloabder-20&linkCode=osi&th=1&psc=1"><img src="https://m.media-amazon.com/images/I/41HHUOECW2L._SL500_.jpg" alt="Product Image"></a><p>Bragg Organic Raw Apple Cider Vinegar, 32 Ounce - 1 Pack</p><p>$5.99 ($0.19 / Fl Oz)</p><a href="https://www.amazon.com/dp/B001I7MVG0?tag=eloabder-20&linkCode=osi&th=1&psc=1">View Product</a></div><div class="product"><a href="https://www.amazon.com/dp/B07W9HX3MV?tag=eloabder-20&linkCode=osi&th=1&psc=1"><img src="https://m.media-amazon.com/images/I/413FdgpxYrL._SL500_.jpg" alt="Product Image"></a><p>Calyptus 45% Pure Super Concentrated Vinegar | Dilutes to 9 Gallons | 9x Power Concentrate Vinegar | 1 Gallon</p><p>$26.99 ($0.21 / Fl Oz)</p><a href="https://www.amazon.com/dp/B07W9HX3MV?tag=eloabder-20&linkCode=osi&th=1&psc=1">View Product</a></div><div class="product"><a href="https://www.amazon.com/dp/B0052BFNLS?tag=eloabder-20&linkCode=osi&th=1&psc=1"><img src="https://m.media-amazon.com/images/I/31Tfk-0-ybL._SL500_.jpg" alt="Product Image"></a><p>Pompeian Gourmet Red Wine Vinegar, Perfect for Salad Dressings, Marinades & Sauces, Naturally Gluten Free, 30 Ounce</p><p>$4.91 ($0.16 / Fl Oz)</p><a href="https://www.amazon.com/dp/B0052BFNLS?tag=eloabder-20&linkCode=osi&th=1&psc=1">View Product</a></div><div class="product"><a href="https://www.amazon.com/dp/B00AAL6W2Y?tag=eloabder-20&linkCode=osi&th=1&psc=1"><img src="https://m.media-amazon.com/images/I/51dfgVE7orL._SL500_.jpg" alt="Product Image"></a><p>Mantova Organic Flavored Balsamic Vinegar of Modena 4-Variety Pack: Fig, Pear, Pomegranate, & Raspberry; Perfect for Gift Basket, Add to Pasta, Salad, Ice Cream and Cocktails, 8.5 oz per bottle</p><p>$27.99 ($0.82 / Fl Oz)</p><a href="https://www.amazon.com/dp/B00AAL6W2Y?tag=eloabder-20&linkCode=osi&th=1&psc=1">View Product</a></div><div class="product"><a href="https://www.amazon.com/dp/B0BGYTGT7X?tag=eloabder-20&linkCode=osi&th=1&psc=1"><img src="https://m.media-amazon.com/images/I/41huHEExA1L._SL500_.jpg" alt="Product Image"></a><p>Bragg Organic Apple Cider Vinegar With the Mother– Raw, Unfiltered All Natural Ingredients (64 Fl Oz (Pack of 1))</p><p>$13.68 ($0.21 / Fl Oz)</p><a href="https://www.amazon.com/dp/B0BGYTGT7X?tag=eloabder-20&linkCode=osi&th=1&psc=1">View Product</a></div><div class="product"><a href="https://www.amazon.com/dp/B08TZY2TZ8?tag=eloabder-20&linkCode=osi&th=1&psc=1"><img src="https://m.media-amazon.com/images/I/41YwKPQA9rL._SL500_.jpg" alt="Product Image"></a><p>Due Vittorie Oro Gold Balsamic Vinegar of Modena. Highest score from The Consortium of Modena With Cork Pourer - 8.45fl oz / 250ml</p><p>$17.00 ($2.01 / Fl Oz)</p><a href="https://www.amazon.com/dp/B08TZY2TZ8?tag=eloabder-20&linkCode=osi&th=1&psc=1">View Product</a></div>
<div class="product"><a href="https://www.amazon.com/dp/B07HMJWCNL?tag=eloabder-20&linkCode=osi&th=1&psc=1"><img src="https://m.media-amazon.com/images/I/51ayBrtgPUL._SL500_.jpg" alt="Product Image"></a><p>TRUFF Original Black Truffle Hot Sauce, Gourmet Hot Sauce with Ripe Chili Peppers, Black Truffle Oil, Agave Nectar, Unique Flavor Experience in a Bottle, 6 oz.</p><p>$14.99</p><a href="https://www.amazon.com/dp/B07HMJWCNL?tag=eloabder-20&linkCode=osi&th=1&psc=1">View Product</a></div><div class="product"><a href="https://www.amazon.com/dp/B083QT1TPX?tag=eloabder-20&linkCode=osi&th=1&psc=1"><img src="https://m.media-amazon.com/images/I/41mYuAlAFNL._SL500_.jpg" alt="Product Image"></a><p>TRUFF Hot Sauce Variety Pack, Gourmet Hot Sauce Set of Original, Hotter and Limited White Edition, Unique Flavor Experiences with Truffle, 3-Bottle Bundle, 3ct 6oz bottles</p><p>$67.99 ($3.78 / Ounce)</p><a href="https://www.amazon.com/dp/B083QT1TPX?tag=eloabder-20&linkCode=osi&th=1&psc=1">View Product</a></div><div class="product"><a href="https://www.amazon.com/dp/B0BV19S7TR?tag=eloabder-20&linkCode=osi&th=1&psc=1"><img src="https://m.media-amazon.com/images/I/51iGXyqK-pL._SL500_.jpg" alt="Product Image"></a><p>Le Sauce & Co., White Wine Lemon Garlic Gourmet Finishing Sauce (2-pack), Steakhouse Quality Gourmet Sauce, Lemon Sauce, Garlic Sauce, White Wine Sauce, Steak Sauce, Chicken sauce, Lemon Sauce, Cream Sauce,</p><p>$13.94 ($1.55 / Ounce)</p><a href="https://www.amazon.com/dp/B0BV19S7TR?tag=eloabder-20&linkCode=osi&th=1&psc=1">View Product</a></div><div class="product"><a href="https://www.amazon.com/dp/B078JBZBW5?tag=eloabder-20&linkCode=osi&th=1&psc=1"><img src="https://m.media-amazon.com/images/I/51J1qgzr8uL._SL500_.jpg" alt="Product Image"></a><p>Melinda’s Hot Sauce Variety Pack - Extra Spicy Gourmet Hot Sauce Gift Set with Variety of Heat Levels - Includes XXXXtra Reserve, Garlic Habanero, Extra Hot, Mango, Ghost Pepper- 5 oz, 5 Pack</p><p>$21.99 ($0.88 / Fl Oz)</p><a href="https://www.amazon.com/dp/B078JBZBW5?tag=eloabder-20&linkCode=osi&th=1&psc=1">View Product</a></div><div class="product"><a href="https://www.amazon.com/dp/B0BL864XMH?tag=eloabder-20&linkCode=osi&th=1&psc=1"><img src="https://m.media-amazon.com/images/I/51+63Ag8ApL._SL500_.jpg" alt="Product Image"></a><p>Dave's Gourmet Creamy Hot Sauce Variety 4-Pack - Moderate Heat for Flavoring Your Favorite Food</p><p>$30.99 ($0.97 / Ounce)</p><a href="https://www.amazon.com/dp/B0BL864XMH?tag=eloabder-20&linkCode=osi&th=1&psc=1">View Product</a></div>
<div class="product"><a href="https://www.amazon.com/dp/B07WT6GP2F?tag=eloabder-20&linkCode=osi&th=1&psc=1"><img src="https://m.media-amazon.com/images/I/41mEgBeglEL._SL500_.jpg" alt="Product Image"></a><p>Lindt Mini Pralines, Assorted Chocolate Pralines with Premium Filling, Great for gift giving, 6.2 oz Box</p><p>$16.49 ($2.66 / Ounce)</p><a href="https://www.amazon.com/dp/B07WT6GP2F?tag=eloabder-20&linkCode=osi&th=1&psc=1">View Product</a></div><div class="product"><a href="https://www.amazon.com/dp/B01BDI89SW?tag=eloabder-20&linkCode=osi&th=1&psc=1"><img src="https://m.media-amazon.com/images/I/61w5wYyxzKL._SL500_.jpg" alt="Product Image"></a><p>Ferrero Collection, 24 Count, Premium Gourmet Assorted Hazelnut Milk Chocolate, Dark Chocolate and Coconut, 9.1 oz</p><p>$11.97 ($1.32 / Ounce)</p><a href="https://www.amazon.com/dp/B01BDI89SW?tag=eloabder-20&linkCode=osi&th=1&psc=1">View Product</a></div><div class="product"><a href="https://www.amazon.com/dp/B0BHTWFQ5X?tag=eloabder-20&linkCode=osi&th=1&psc=1"><img src="https://m.media-amazon.com/images/I/41K-mIm1WNL._SL500_.jpg" alt="Product Image"></a><p>Lindt LINDOR Assorted Chocolate Truffles 90 Count Gift Box, Chocolate Candy with Smooth, Melting Truffle Center, 38.4 oz. Box</p><p>$33.95 ($0.88 / Ounce)</p><a href="https://www.amazon.com/dp/B0BHTWFQ5X?tag=eloabder-20&linkCode=osi&th=1&psc=1">View Product</a></div><div class="product"><a href="https://www.amazon.com/dp/B00UXI3PLU?tag=eloabder-20&linkCode=osi&th=1&psc=1"><img src="https://m.media-amazon.com/images/I/41Jw-Ek4+CL._SL500_.jpg" alt="Product Image"></a><p>Lindt LINDOR Milk Chocolate Candy Truffles, Milk Chocolate with Melting Truffle Center, 15.2 oz. Bag</p><p>$12.18 ($0.80 / Ounce)</p><a href="https://www.amazon.com/dp/B00UXI3PLU?tag=eloabder-20&linkCode=osi&th=1&psc=1">View Product</a></div>
<div class="product"><a href="https://www.amazon.com/dp/B000SDKDM4?tag=eloabder-20&linkCode=osi&th=1&psc=1"><img src="https://m.media-amazon.com/images/I/41L+oJp7MmL._SL500_.jpg" alt="Product Image"></a><p>Lavazza Super Crema Whole Bean Coffee Blend, light-Medium Espresso Roast, 2.2 Pound (Pack of 1) ,Premium Quality, Aromatic, Mild and creamy</p><p>$18.49 ($0.53 / Ounce)</p><a href="https://www.amazon.com/dp/B000SDKDM4?tag=eloabder-20&linkCode=osi&th=1&psc=1">View Product</a></div><div class="product"><a href="https://www.amazon.com/dp/B0721BGRS9?tag=eloabder-20&linkCode=osi&th=1&psc=1"><img src="https://m.media-amazon.com/images/I/41tHHVMfguL._SL500_.jpg" alt="Product Image"></a><p>Amazon Fresh, Dark Roast, Whole Bean Coffee, 32 Oz</p><p>$19.18 ($0.60 / Ounce)</p><a href="https://www.amazon.com/dp/B0721BGRS9?tag=eloabder-20&linkCode=osi&th=1&psc=1">View Product</a></div><div class="product"><a href="https://www.amazon.com/dp/B003GV7JFE?tag=eloabder-20&linkCode=osi&th=1&psc=1"><img src="https://m.media-amazon.com/images/I/41IKY6hLa9L._SL500_.jpg" alt="Product Image"></a><p>Eight O'Clock Coffee Whole Bean, The Original, 42 Ounce</p><p>$13.98</p><a href="https://www.amazon.com/dp/B003GV7JFE?tag=eloabder-20&linkCode=osi&th=1&psc=1">View Product</a></div><div class="product"><a href="https://www.amazon.com/dp/B07171HMF5?tag=eloabder-20&linkCode=osi&th=1&psc=1"><img src="https://m.media-amazon.com/images/I/41EBDHFVYVL._SL500_.jpg" alt="Product Image"></a><p>Mt. Comfort Coffee Organic Peru Medium Roast, 2.5 Pounds - Flavor Notes of Nutty, Chocolate, & Citrus - Sourced From Small, Peruvian Coffee Farms - Roasted Whole Beans</p><p>$23.19 ($0.58 / Ounce)</p><a href="https://www.amazon.com/dp/B07171HMF5?tag=eloabder-20&linkCode=osi&th=1&psc=1">View Product</a></div><div class="product"><a href="https://www.amazon.com/dp/B006Y7WAHE?tag=eloabder-20&linkCode=osi&th=1&psc=1"><img src="https://m.media-amazon.com/images/I/31VxnI1AuQL._SL500_.jpg" alt="Product Image"></a><p>Cameron's Coffee Roasted Whole Bean Coffee, Breakfast Blend, 32 Ounce, (Pack of 1)</p><p>$10.98 ($0.34 / Ounce)</p><a href="https://www.amazon.com/dp/B006Y7WAHE?tag=eloabder-20&linkCode=osi&th=1&psc=1">View Product</a></div><div class="product"><a href="https://www.amazon.com/dp/B0002E2GQU?tag=eloabder-20&linkCode=osi&th=1&psc=1"><img src="https://m.media-amazon.com/images/I/41f+StbrprL._SL500_.jpg" alt="Product Image"></a><p>Lavazza Crema E Aroma Whole Bean Coffee Blend, 2.2-Pound Bag , Balanced medium roast with an intense, earthy flavor and long lasting crema, Non-GMO</p><p>$17.99 ($0.51 / Ounce)</p><a href="https://www.amazon.com/dp/B0002E2GQU?tag=eloabder-20&linkCode=osi&th=1&psc=1">View Product</a></div><div class="product"><a href="https://www.amazon.com/dp/B005OJ4X32?tag=eloabder-20&linkCode=osi&th=1&psc=1"><img src="https://m.media-amazon.com/images/I/31GzxEGJ-1L._SL500_.jpg" alt="Product Image"></a><p>Lavazza Espresso Barista Gran Crema Whole Bean Coffee Blend, Medium Espresso Roast, Oz Bag (Packaging May Vary) - 2.2 LB, 35.2 Ounce</p><p>$17.99 ($0.51 / Ounce)</p><a href="https://www.amazon.com/dp/B005OJ4X32?tag=eloabder-20&linkCode=osi&th=1&psc=1">View Product</a></div><div class="product"><a href="https://www.amazon.com/dp/B003YVRX5W?tag=eloabder-20&linkCode=osi&th=1&psc=1"><img src="https://m.media-amazon.com/images/I/41Ioxmr1WhL._SL500_.jpg" alt="Product Image"></a><p>Tim Hortons Whole Bean Original, Medium Roast Coffee, Made with 100% Arabica Beans, 32 Ounce Bag</p><p>$15.68 ($0.49 / Ounce)</p><a href="https://www.amazon.com/dp/B003YVRX5W?tag=eloabder-20&linkCode=osi&th=1&psc=1">View Product</a></div><div class="product"><a href="https://www.amazon.com/dp/B016RY0LWO?tag=eloabder-20&linkCode=osi&th=1&psc=1"><img src="https://m.media-amazon.com/images/I/41I6lHKpWrL._SL500_.jpg" alt="Product Image"></a><p>Lavazza Espresso Italiano Whole Bean Coffee Blend, Medium Roast,Premium Quality Arabic, 2.2 Pound (Pack of 1) (Packaging may vary)</p><p>$14.98 ($0.43 / Ounce)</p><a href="https://www.amazon.com/dp/B016RY0LWO?tag=eloabder-20&linkCode=osi&th=1&psc=1">View Product</a></div>
<div class="product"><a href="https://www.amazon.com/dp/B09ZMVM3XJ?tag=eloabder-20&linkCode=osi&th=1&psc=1"><img src="https://m.media-amazon.com/images/I/51IRO3xhEKL._SL500_.jpg" alt="Product Image"></a><p>Gardenika Organic Loose Leaf Tea Sampler – 8 Pack, 1 LB – Herbal and Naturally Caffeine-Free Set - Ayurvedic Assortment Blend</p><p>$29.95 ($29.95 / Count)</p><a href="https://www.amazon.com/dp/B09ZMVM3XJ?tag=eloabder-20&linkCode=osi&th=1&psc=1">View Product</a></div><div class="product"><a href="https://www.amazon.com/dp/B0CVTGJHK9?tag=eloabder-20&linkCode=osi&th=1&psc=1"><img src="https://m.media-amazon.com/images/I/51J-jqFqytL._SL500_.jpg" alt="Product Image"></a><p>Lyon DIY Tea Blending Set-16 Tin Variety Pack-Premium Herbal Tea & Exotic Floral/Fruit Flavor Infusers - Create 75+ Cups w/Assorted Teas, Oolong, Chamomile, Rose, Peach & More</p><p>$44.95 ($6.25 / Ounce)</p><a href="https://www.amazon.com/dp/B0CVTGJHK9?tag=eloabder-20&linkCode=osi&th=1&psc=1">View Product</a></div><div class="product"><a href="https://www.amazon.com/dp/B01AJBV0US?tag=eloabder-20&linkCode=osi&th=1&psc=1"><img src="https://m.media-amazon.com/images/I/516u5DAm7GL._SL500_.jpg" alt="Product Image"></a><p>Tiesta Tea - Lavender Chamomile | Soft Chamomile Herbal Tea | Premium Loose Leaf Tea Blend | Non Caffeinated Herbal Tea | Make Hot or Iced Tea & Brews Up to 25 Cups - 0.9 Ounce Resealable Pouch</p><p>$4.99 ($5.54 / Ounce)</p><a href="https://www.amazon.com/dp/B01AJBV0US?tag=eloabder-20&linkCode=osi&th=1&psc=1">View Product</a></div><div class="product"><a href="https://www.amazon.com/dp/B08VF85JJF?tag=eloabder-20&linkCode=osi&th=1&psc=1"><img src="https://m.media-amazon.com/images/I/517Ac4bB6FL._SL500_.jpg" alt="Product Image"></a><p>Tiesta Tea Top 8 Favorites Sampler Set, Up to 80 Cups, High to No Caffeine, Hot & Iced Tea, Loose Leaf Tea Variety Pack with Green, Herbal, Black & Chai Tea, 8 Sample Pouches</p><p>$22.95 ($3.59 / Ounce)</p><a href="https://www.amazon.com/dp/B08VF85JJF?tag=eloabder-20&linkCode=osi&th=1&psc=1">View Product</a></div><div class="product"><a href="https://www.amazon.com/dp/B08MWDTNTZ?tag=eloabder-20&linkCode=osi&th=1&psc=1"><img src="https://m.media-amazon.com/images/I/51M1TNYBU7L._SL500_.jpg" alt="Product Image"></a><p>Tetley British Blend Premium Black Tea, 320 Tea Bags, Rainforest Alliance Certified, 320 Count (Pack of 1)</p><p>$15.92 ($0.05 / Count)</p><a href="https://www.amazon.com/dp/B08MWDTNTZ?tag=eloabder-20&linkCode=osi&th=1&psc=1">View Product</a></div><div class="product"><a href="https://www.amazon.com/dp/B086R8PDZV?tag=eloabder-20&linkCode=osi&th=1&psc=1"><img src="https://m.media-amazon.com/images/I/41nHau5YdVL._SL500_.jpg" alt="Product Image"></a><p>Buddha Teas - Organic Mushroom Wellness Blend - Herbal Tea - For Health & Wellbeing - With Antioxidants & Minerals - Clean Ingredients - Caffeine Free - OU Kosher & Non-GMO - 18 Tea Bags (Pack of 1).</p><p>$8.25 ($0.46 / Count)</p><a href="https://www.amazon.com/dp/B086R8PDZV?tag=eloabder-20&linkCode=osi&th=1&psc=1">View Product</a></div><div class="product"><a href="https://www.amazon.com/dp/B07CGW59KH?tag=eloabder-20&linkCode=osi&th=1&psc=1"><img src="https://m.media-amazon.com/images/I/611h06lvlUL._SL500_.jpg" alt="Product Image"></a><p>Loose Leaf Tea Sampler Create Your Own Tea Blend Starter Kit w/Sencha, Rooibos, China Black, & Ginger, Lavender, Rose, Lemongrass, Hibiscus Spices</p><p>$29.99</p><a href="https://www.amazon.com/dp/B07CGW59KH?tag=eloabder-20&linkCode=osi&th=1&psc=1">View Product</a></div><div class="product"><a href="https://www.amazon.com/dp/B0CT8JGNB8?tag=eloabder-20&linkCode=osi&th=1&psc=1"><img src="https://m.media-amazon.com/images/I/411PWQNU6BL._SL500_.jpg" alt="Product Image"></a><p>120 Premium Turmeric, Ginger, Cinnamon Blend Tea Bags, 100% Natural & No Additives & Caffeine Free.</p><p>$14.95 ($0.12 / Count)</p><a href="https://www.amazon.com/dp/B0CT8JGNB8?tag=eloabder-20&linkCode=osi&th=1&psc=1">View Product</a></div><div class="product"><a href="https://www.amazon.com/dp/B00OS96DVY?tag=eloabder-20&linkCode=osi&th=1&psc=1"><img src="https://m.media-amazon.com/images/I/51-sK6ajnML._SL500_.jpg" alt="Product Image"></a><p>Harney & Sons Tower of London Black Tea with Vanilla, Black Currant, Caramel, and Honey | 30 sachets, Historic Royal Palaces Collection</p><p>$10.33 ($3.90 / Ounce)</p><a href="https://www.amazon.com/dp/B00OS96DVY?tag=eloabder-20&linkCode=osi&th=1&psc=1">View Product</a></div><div class="product"><a href="https://www.amazon.com/dp/B0BHYBHVJ6?tag=eloabder-20&linkCode=osi&th=1&psc=1"><img src="https://m.media-amazon.com/images/I/51F9trJcmdL._SL500_.jpg" alt="Product Image"></a><p>Organic Sleep Blend Herbal Tea - 50 Packets - Natural Chamomile, Peppermint, Fennel And Tulsi Teabags - USDA Certified 100% Non-GMO - Decaffeinated Designer Gift Tin</p><p>$8.69 ($0.17 / Count)</p><a href="https://www.amazon.com/dp/B0BHYBHVJ6?tag=eloabder-20&linkCode=osi&th=1&psc=1">View Product</a></div>
<div class="product"><a href="https://www.amazon.com/dp/B0BVXD8CX3?tag=eloabder-20&linkCode=osi&th=1&psc=1"><img src="https://m.media-amazon.com/images/I/51hkEiL7c8L._SL500_.jpg" alt="Product Image"></a><p>Simply Organic Herbs, Spices and Seasonings Assorted Variety Sampler Gift Set - By Veher (24-Pack)</p><p>$142.95 ($5.96 / Ounce)</p><a href="https://www.amazon.com/dp/B0BVXD8CX3?tag=eloabder-20&linkCode=osi&th=1&psc=1">View Product</a></div><div class="product"><a href="https://www.amazon.com/dp/B094WXH3KP?tag=eloabder-20&linkCode=osi&th=1&psc=1"><img src="https://m.media-amazon.com/images/I/51mqUk3dM1L._SL500_.jpg" alt="Product Image"></a><p>eonou Encore Seasonings and Spices 10 pk - Premium Cooking Spices and Herbs (Oregano, Rosemary, Basil, Parsley, Italian Seasoning, Cumin, Steak Spice, Chopped Onion, Onion Powder, Thyme)</p><p>$19.99 ($2.00 / Count)</p><a href="https://www.amazon.com/dp/B094WXH3KP?tag=eloabder-20&linkCode=osi&th=1&psc=1">View Product</a></div><div class="product"><a href="https://www.amazon.com/dp/B072N9BLHS?tag=eloabder-20&linkCode=osi&th=1&psc=1"><img src="https://m.media-amazon.com/images/I/519zkN7EgWL._SL500_.jpg" alt="Product Image"></a><p>The Spice Way Herbes De Provence - | 4oz | fresh herbs and spice seasoning</p><p>$6.99 ($1.75 / Ounce)</p><a href="https://www.amazon.com/dp/B072N9BLHS?tag=eloabder-20&linkCode=osi&th=1&psc=1">View Product</a></div><div class="product"><a href="https://www.amazon.com/dp/B0761Z81ZK?tag=eloabder-20&linkCode=osi&th=1&psc=1"><img src="https://m.media-amazon.com/images/I/51tYgb8ntBL._SL500_.jpg" alt="Product Image"></a><p>McCormick Grill Mates Roasted Garlic & Herb Seasoning, 9.25 oz</p><p>$7.43 ($0.80 / Ounce)</p><a href="https://www.amazon.com/dp/B0761Z81ZK?tag=eloabder-20&linkCode=osi&th=1&psc=1">View Product</a></div><div class="product"><a href="https://www.amazon.com/dp/B00CQ7K9J2?tag=eloabder-20&linkCode=osi&th=1&psc=1"><img src="https://m.media-amazon.com/images/I/317BBm1p-TL._SL500_.jpg" alt="Product Image"></a><p>Bragg Sprinkle Herbs and Spices - Salt Free Seasoning, 1.5oz, Single</p><p>$6.99 ($4.66 / Ounce)</p><a href="https://www.amazon.com/dp/B00CQ7K9J2?tag=eloabder-20&linkCode=osi&th=1&psc=1">View Product</a></div><div class="product"><a href="https://www.amazon.com/dp/B003H2S2KI?tag=eloabder-20&linkCode=osi&th=1&psc=1"><img src="https://m.media-amazon.com/images/I/41mr0wk+3mL._SL500_.jpg" alt="Product Image"></a><p>Badia Herbs De Provence, 8 Ounces</p><p>$6.26 ($0.78 / Ounce)</p><a href="https://www.amazon.com/dp/B003H2S2KI?tag=eloabder-20&linkCode=osi&th=1&psc=1">View Product</a></div><div class="product"><a href="https://www.amazon.com/dp/B0BQ4VRJBL?tag=eloabder-20&linkCode=osi&th=1&psc=1"><img src="https://m.media-amazon.com/images/I/41ZxLNNd8mL._SL500_.jpg" alt="Product Image"></a><p>Weber Roasted Garlic & Herb Seasoning, 5.5 Ounce Shaker</p><p>$2.82 ($0.51 / Ounce)</p><a href="https://www.amazon.com/dp/B0BQ4VRJBL?tag=eloabder-20&linkCode=osi&th=1&psc=1">View Product</a></div><div class="product"><a href="https://www.amazon.com/dp/B08KRC7V7J?tag=eloabder-20&linkCode=osi&th=1&psc=1"><img src="https://m.media-amazon.com/images/I/4170CYnZ9WL._SL500_.jpg" alt="Product Image"></a><p>McCormick Salt Free Garlic and Herb Seasoning, 4.37 oz</p><p>$4.68 ($1.07 / Ounce)</p><a href="https://www.amazon.com/dp/B08KRC7V7J?tag=eloabder-20&linkCode=osi&th=1&psc=1">View Product</a></div><div class="product"><a href="https://www.amazon.com/dp/B00IX4WUTY?tag=eloabder-20&linkCode=osi&th=1&psc=1"><img src="https://m.media-amazon.com/images/I/51TAH1ijkqS._SL500_.jpg" alt="Product Image"></a><p>Bragg Sprinkle Herbs and Spices Seasoning, 1.5oz, 3 Pack</p><p>$20.27 ($13.51 / Ounce)</p><a href="https://www.amazon.com/dp/B00IX4WUTY?tag=eloabder-20&linkCode=osi&th=1&psc=1">View Product</a></div>
<div class="product"><a href="https://www.amazon.com/dp/B0BWSKYV63?tag=eloabder-20&linkCode=osi&th=1&psc=1"><img src="https://m.media-amazon.com/images/I/51Q5Je2yRhL._SL500_.jpg" alt="Product Image"></a><p>Welch's Fruit Snacks, Mixed Fruit, Perfect Easter Basket Stuffers, Gluten Free, Bulk Pack, Individual Single Serve Bags, 0.8 oz (Pack of 40)</p><p>$7.99 ($0.25 / Ounce)</p><a href="https://www.amazon.com/dp/B0BWSKYV63?tag=eloabder-20&linkCode=osi&th=1&psc=1">View Product</a></div><div class="product"><a href="https://www.amazon.com/dp/B08826B2XL?tag=eloabder-20&linkCode=osi&th=1&psc=1"><img src="https://m.media-amazon.com/images/I/61DT5pSYXFL._SL500_.jpg" alt="Product Image"></a><p>Frito Lay Ultimate Classic Snacks Package, Variety Assortment of Chips, Cookies, Crackers, & Nuts, (Pack of 40) (Packaging May Vary)</p><p>$26.91</p><a href="https://www.amazon.com/dp/B08826B2XL?tag=eloabder-20&linkCode=osi&th=1&psc=1">View Product</a></div><div class="product"><a href="https://www.amazon.com/dp/B013OY25GA?tag=eloabder-20&linkCode=osi&th=1&psc=1"><img src="https://m.media-amazon.com/images/I/51FlSjX95aL._SL500_.jpg" alt="Product Image"></a><p>Snack Pack Chocolate and Vanilla Flavored Pudding Cups Family Pack, 12 Count Pudding Cups (6 Pack)</p><p>$3.27 ($0.01 / Ounce)</p><a href="https://www.amazon.com/dp/B013OY25GA?tag=eloabder-20&linkCode=osi&th=1&psc=1">View Product</a></div><div class="product"><a href="https://www.amazon.com/dp/B0BWSLB73Z?tag=eloabder-20&linkCode=osi&th=1&psc=1"><img src="https://m.media-amazon.com/images/I/51RWXG4OG6L._SL500_.jpg" alt="Product Image"></a><p>Welch's Fruit Snacks, Fruit Punch & Island Fruits Variety Pack, Perfect for School Lunches, Gluten Free, Bulk Pack, 0.8 oz Individual Single Serve Bags (Pack of 40)</p><p>$8.49 ($0.21 / Count)</p><a href="https://www.amazon.com/dp/B0BWSLB73Z?tag=eloabder-20&linkCode=osi&th=1&psc=1">View Product</a></div><div class="product"><a href="https://www.amazon.com/dp/B09FFXR2VV?tag=eloabder-20&linkCode=osi&th=1&psc=1"><img src="https://m.media-amazon.com/images/I/51SZiftXwcL._SL500_.jpg" alt="Product Image"></a><p>The Only Bean Crunchy Dry Roasted Edamame Snacks (Sea Salt), Keto Snack Food, High Protein (11g) Healthy Snacks, Low Carb Gluten Free Office Vegan Food 100 Calorie Snack Pack, 0.9oz 10 Pack</p><p>$12.72 ($1.41 / Ounce)</p><a href="https://www.amazon.com/dp/B09FFXR2VV?tag=eloabder-20&linkCode=osi&th=1&psc=1">View Product</a></div><div class="product"><a href="https://www.amazon.com/dp/B072151Q32?tag=eloabder-20&linkCode=osi&th=1&psc=1"><img src="https://m.media-amazon.com/images/I/41Rlgfdz90L._SL500_.jpg" alt="Product Image"></a><p>Dole Fruit Bowls No Sugar Added Variety Pack Snacks, Peaches, Mandarin Oranges & Cherry Mixed Fruit, 4oz 12 Cups, Gluten & Dairy Free, Bulk Lunch Snacks for Kids & Adults</p><p>$6.74 ($0.56 / Count)</p><a href="https://www.amazon.com/dp/B072151Q32?tag=eloabder-20&linkCode=osi&th=1&psc=1">View Product</a></div><div class="product"><a href="https://www.amazon.com/dp/B084RDDFGR?tag=eloabder-20&linkCode=osi&th=1&psc=1"><img src="https://m.media-amazon.com/images/I/41eLMpoHGkL._SL500_.jpg" alt="Product Image"></a><p>Kellogg's Rice Krispies Treats, Crispy Marshmallow Squares, Original, School Lunch Snack, 41.9oz Case (54 Count)</p><p>$13.49 ($0.32 / Ounce)</p><a href="https://www.amazon.com/dp/B084RDDFGR?tag=eloabder-20&linkCode=osi&th=1&psc=1">View Product</a></div><div class="product"><a href="https://www.amazon.com/dp/B00G2XNSWQ?tag=eloabder-20&linkCode=osi&th=1&psc=1"><img src="https://m.media-amazon.com/images/I/411XH1pQP8L._SL500_.jpg" alt="Product Image"></a><p>Nutella & GO! Bulk 12 Pack, Hazelnut and Cocoa Spread with Breadsticks, Snack Cups for Kids, 1.8 oz Each</p><p>$11.99 ($0.56 / Ounce)</p><a href="https://www.amazon.com/dp/B00G2XNSWQ?tag=eloabder-20&linkCode=osi&th=1&psc=1">View Product</a></div><div class="product"><a href="https://www.amazon.com/dp/B00KR7PKTC?tag=eloabder-20&linkCode=osi&th=1&psc=1"><img src="https://m.media-amazon.com/images/I/414UW7g-s5L._SL500_.jpg" alt="Product Image"></a><p>Cheez-It Cheese Crackers, Baked Snack Crackers, Lunch Snacks, Variety Pack, 12.1oz Box (12 Packs)</p><p>$5.82 ($0.48 / Ounce)</p><a href="https://www.amazon.com/dp/B00KR7PKTC?tag=eloabder-20&linkCode=osi&th=1&psc=1">View Product</a></div><div class="product"><a href="https://www.amazon.com/dp/B078D7MGY5?tag=eloabder-20&linkCode=osi&th=1&psc=1"><img src="https://m.media-amazon.com/images/I/41ttxloA1AL._SL500_.jpg" alt="Product Image"></a><p>Pringles Potato Crisps Chips, Lunch Snacks, On-the-Go Snacks, Snack Stacks, Variety Pack, 19.3oz Box (27 Cups)</p><p>$12.99 ($0.67 / Ounce)</p><a href="https://www.amazon.com/dp/B078D7MGY5?tag=eloabder-20&linkCode=osi&th=1&psc=1">View Product</a></div>
<div class="product"><a href="https://www.amazon.com/dp/B0C5YLP6PC?tag=eloabder-20&linkCode=osi&th=1&psc=1"><img src="https://m.media-amazon.com/images/I/41Ru-8CxkhL._SL500_.jpg" alt="Product Image"></a><p>3 Pack, Gluten Free Potato Gnocchi, Cooks in 2-3 minutes, (3 x 1 lb), Italian Gnocchi, Product of Italy, NON GMO, Eggs Free, Vegan, by L'Oro Del Sud</p><p>$17.99 ($1.12 / Ounce)</p><a href="https://www.amazon.com/dp/B0C5YLP6PC?tag=eloabder-20&linkCode=osi&th=1&psc=1">View Product</a></div><div class="product"><a href="https://www.amazon.com/dp/B09Q98H64R?tag=eloabder-20&linkCode=osi&th=1&psc=1"><img src="https://m.media-amazon.com/images/I/5101NV4WQOL._SL500_.jpg" alt="Product Image"></a><p>Kraft Gluten Free Original Mac & Cheese Macaroni and Cheese Dinner, 4 ct Pack, 1.9 oz Cups</p><p>$6.49 ($0.85 / Ounce)</p><a href="https://www.amazon.com/dp/B09Q98H64R?tag=eloabder-20&linkCode=osi&th=1&psc=1">View Product</a></div><div class="product"><a href="https://www.amazon.com/dp/B0BRBWXDTK?tag=eloabder-20&linkCode=osi&th=1&psc=1"><img src="https://m.media-amazon.com/images/I/41Di2iNnMJL._SL500_.jpg" alt="Product Image"></a><p>Katz Gluten Free Oatmeal Crème Pies| Dairy Free, Nut Free, Soy Free, Gluten Free | Kosher (1 Pack 6.3 Ounce)</p><p>$12.99 ($2.16 / Ounce)</p><a href="https://www.amazon.com/dp/B0BRBWXDTK?tag=eloabder-20&linkCode=osi&th=1&psc=1">View Product</a></div><div class="product"><a href="https://www.amazon.com/dp/B01JJ9H1Q8?tag=eloabder-20&linkCode=osi&th=1&psc=1"><img src="https://m.media-amazon.com/images/I/41EC1yykptL._SL500_.jpg" alt="Product Image"></a><p>King Arthur, Measure for Measure Flour, Certified Gluten-Free, Non-GMO Project Verified, Certified Kosher, 3 Pounds, Packaging May Vary</p><p>$8.62 ($0.18 / Ounce)</p><a href="https://www.amazon.com/dp/B01JJ9H1Q8?tag=eloabder-20&linkCode=osi&th=1&psc=1">View Product</a></div><div class="product"><a href="https://www.amazon.com/dp/B07CL1SRNB?tag=eloabder-20&linkCode=osi&th=1&psc=1"><img src="https://m.media-amazon.com/images/I/51jpv3MCzgL._SL500_.jpg" alt="Product Image"></a><p>Snyder's of Hanover, Gluten Free Pretzels, 8 Oz</p><p>$4.89 ($0.61 / Ounce)</p><a href="https://www.amazon.com/dp/B07CL1SRNB?tag=eloabder-20&linkCode=osi&th=1&psc=1">View Product</a></div><div class="product"><a href="https://www.amazon.com/dp/B004TSXNIA?tag=eloabder-20&linkCode=osi&th=1&psc=1"><img src="https://m.media-amazon.com/images/I/5137tUox+SL._SL500_.jpg" alt="Product Image"></a><p>Annie's Gluten Free Cocoa and Vanilla Bunny Cookies, 6.75 oz</p><p>$4.22 ($0.62 / Ounce)</p><a href="https://www.amazon.com/dp/B004TSXNIA?tag=eloabder-20&linkCode=osi&th=1&psc=1">View Product</a></div><div class="product"><a href="https://www.amazon.com/dp/B00GI9B84O?tag=eloabder-20&linkCode=osi&th=1&psc=1"><img src="https://m.media-amazon.com/images/I/41e7kO-b3WS._SL500_.jpg" alt="Product Image"></a><p>Mom's Place Gluten Free Beef Stroganoff Mix</p><p>$5.99 ($5.99 / Count)</p><a href="https://www.amazon.com/dp/B00GI9B84O?tag=eloabder-20&linkCode=osi&th=1&psc=1">View Product</a></div><div class="product"><a href="https://www.amazon.com/dp/B0BXQWVL1Q?tag=eloabder-20&linkCode=osi&th=1&psc=1"><img src="https://m.media-amazon.com/images/I/413idrGl7fL._SL500_.jpg" alt="Product Image"></a><p>Simple Mills Almond Flour Snack Bars (Chocolate Brownie) with Organic Coconut Oil, Chia Seeds, Sunflower Seeds, and Flax Seeds, 6oz, 1 Count</p><p>$4.50 ($0.75 / Ounce)</p><a href="https://www.amazon.com/dp/B0BXQWVL1Q?tag=eloabder-20&linkCode=osi&th=1&psc=1">View Product</a></div><div class="product"><a href="https://www.amazon.com/dp/B09Z9QV2CT?tag=eloabder-20&linkCode=osi&th=1&psc=1"><img src="https://m.media-amazon.com/images/I/41pnXqKjS7L._SL500_.jpg" alt="Product Image"></a><p>Mom's Place Gluten Free Biscuits & Gravy Mix</p><p>$8.99 ($0.67 / Ounce)</p><a href="https://www.amazon.com/dp/B09Z9QV2CT?tag=eloabder-20&linkCode=osi&th=1&psc=1">View Product</a></div>
<div class="product"><a href="https://www.amazon.com/dp/B0BNZF5CCM?tag=eloabder-20&linkCode=osi&th=1&psc=1"><img src="https://m.media-amazon.com/images/I/61ZB1KesX-L._SL500_.jpg" alt="Product Image"></a><p>Midi International Snack Box | Premium Exotic Foreign Snacks | Unique Snack Food Gifts Included | Purple Theme Box | Candies from Around the World | 12 Full-Size + 1 Bonus Snacks</p><p>$14.95 ($14.95 / Count)</p><a href="https://www.amazon.com/dp/B0BNZF5CCM?tag=eloabder-20&linkCode=osi&th=1&psc=1">View Product</a></div><div class="product"><a href="https://www.amazon.com/dp/B08W72N8SM?tag=eloabder-20&linkCode=osi&th=1&psc=1"><img src="https://m.media-amazon.com/images/I/61UC7bprqkL._SL500_.jpg" alt="Product Image"></a><p>Midi International Snack Box | Premium Exotic Foreign Snacks | Unique Snack Food Gifts Included | Fantastic Space Theme | Candies from Around the World | 12 Full-Size + 1 Bonus Snacks</p><p>$14.99 ($1.25 / Count)</p><a href="https://www.amazon.com/dp/B08W72N8SM?tag=eloabder-20&linkCode=osi&th=1&psc=1">View Product</a></div><div class="product"><a href="https://www.amazon.com/dp/B0C6PRVVJY?tag=eloabder-20&linkCode=osi&th=1&psc=1"><img src="https://m.media-amazon.com/images/I/61o8Z3EzSnL._SL500_.jpg" alt="Product Image"></a><p>International Exotic Snack Box Variety Pack, 22 Count Premium Foreign Rare Snack Food Gifts with Suprise Item for Fun, Mystery Box of Snacks, European Snacks for Adults and Kids</p><p>$29.95</p><a href="https://www.amazon.com/dp/B0C6PRVVJY?tag=eloabder-20&linkCode=osi&th=1&psc=1">View Product</a></div><div class="product"><a href="https://www.amazon.com/dp/B09T7B3QFJ?tag=eloabder-20&linkCode=osi&th=1&psc=1"><img src="https://m.media-amazon.com/images/I/61Xx7pPJCkL._SL500_.jpg" alt="Product Image"></a><p>Universal Yums International Snack Box | Variety Pack Of Chips, Candy, Chocolates, And Snacks From Around The World | Foreign Snacks For Office, Family, Gifts, And Parties | (50 Exotic Snacks)</p><p>$49.50</p><a href="https://www.amazon.com/dp/B09T7B3QFJ?tag=eloabder-20&linkCode=osi&th=1&psc=1">View Product</a></div><div class="product"><a href="https://www.amazon.com/dp/B08W71KXLS?tag=eloabder-20&linkCode=osi&th=1&psc=1"><img src="https://m.media-amazon.com/images/I/61dcTJQFmBL._SL500_.jpg" alt="Product Image"></a><p>Midi International Snack Box | Premium Exotic Foreign Snacks | Unique Snack Food Gifts Included | Picnic Box Theme | Candies from Around the World | 12 Full-Size + 1 Bonus Snacks</p><p>$14.99 ($14.99 / Count)</p><a href="https://www.amazon.com/dp/B08W71KXLS?tag=eloabder-20&linkCode=osi&th=1&psc=1">View Product</a></div><div class="product"><a href="https://www.amazon.com/dp/B09TG6WCBC?tag=eloabder-20&linkCode=osi&th=1&psc=1"><img src="https://m.media-amazon.com/images/I/61lmk368l0L._SL500_.jpg" alt="Product Image"></a><p>Midi International Snack Box (Fairy Tale Themed) | Snacks Variety Pack of International Treats | Foreign Snack Box Offering Unique Experience | Mix Care Pack of Turkish Candies | 12 Full-Size Snacks</p><p>$14.99 ($1.00 / Ounce)</p><a href="https://www.amazon.com/dp/B09TG6WCBC?tag=eloabder-20&linkCode=osi&th=1&psc=1">View Product</a></div><div class="product"><a href="https://www.amazon.com/dp/B0BNZCVDYQ?tag=eloabder-20&linkCode=osi&th=1&psc=1"><img src="https://m.media-amazon.com/images/I/61aTXvWjbSL._SL500_.jpg" alt="Product Image"></a><p>Midi International Snack Box | Premium Exotic Foreign Snacks | Unique Snack Food Gifts Included | Orange Nebula Space Theme | Candies from Around the World | 12 Full-Size + 1 Bonus Snacks</p><p>$14.99 ($14.99 / Count)</p><a href="https://www.amazon.com/dp/B0BNZCVDYQ?tag=eloabder-20&linkCode=osi&th=1&psc=1">View Product</a></div><div class="product"><a href="https://www.amazon.com/dp/B0CK8DWXS2?tag=eloabder-20&linkCode=osi&th=1&psc=1"><img src="https://m.media-amazon.com/images/I/511Z-FX62TL._SL500_.jpg" alt="Product Image"></a><p>Mega International Snack Box | Premium Exotic Foreign Snacks | Unique Snack Food Gifts Included | Try Extraordinary Turkish Snacks | Candies from Around the World | 32+1 Full-Size Snacks</p><p>$39.95 ($1.00 / Ounce)</p><a href="https://www.amazon.com/dp/B0CK8DWXS2?tag=eloabder-20&linkCode=osi&th=1&psc=1">View Product</a></div><div class="product"><a href="https://www.amazon.com/dp/B0CGRMR7VN?tag=eloabder-20&linkCode=osi&th=1&psc=1"><img src="https://m.media-amazon.com/images/I/51PgWRUNnkL._SL500_.jpg" alt="Product Image"></a><p>Turkish Foreign Snack Box, Gourmet Turkish Food Gift Box, Variety of Unique Sweets and Savory Snacks from Turkey - International Snacks Box - Full Sized Snacks - 24ct</p><p>$23.99 ($1.00 / Count)</p><a href="https://www.amazon.com/dp/B0CGRMR7VN?tag=eloabder-20&linkCode=osi&th=1&psc=1">View Product</a></div>
<div class="product"><a href="https://www.amazon.com/dp/B001EQ5NHE?tag=eloabder-20&linkCode=osi&th=1&psc=1"><img src="https://m.media-amazon.com/images/I/51Kg06c5YuL._SL500_.jpg" alt="Product Image"></a><p>Spam Classic, 12 Ounce Can (Pack of 12)</p><p>$28.32 ($0.20 / Ounce)</p><a href="https://www.amazon.com/dp/B001EQ5NHE?tag=eloabder-20&linkCode=osi&th=1&psc=1">View Product</a></div><div class="product"><a href="https://www.amazon.com/dp/B08DQ6422D?tag=eloabder-20&linkCode=osi&th=1&psc=1"><img src="https://m.media-amazon.com/images/I/51-xOj2EbVL._SL500_.jpg" alt="Product Image"></a><p>Del Monte Cut Blue Lake Green Beans With No Added Salt 14.5 Oz,(Pack of 4)</p><p>$5.28 ($0.09 / Ounce)</p><a href="https://www.amazon.com/dp/B08DQ6422D?tag=eloabder-20&linkCode=osi&th=1&psc=1">View Product</a></div><div class="product"><a href="https://www.amazon.com/dp/B089PMW6C3?tag=eloabder-20&linkCode=osi&th=1&psc=1"><img src="https://m.media-amazon.com/images/I/41fKtFm2RAL._SL500_.jpg" alt="Product Image"></a><p>SpaghettiOs Canned Pasta with Meatballs, 15.6 oz Can (Pack of 12)</p><p>$11.44 ($0.06 / Ounce)</p><a href="https://www.amazon.com/dp/B089PMW6C3?tag=eloabder-20&linkCode=osi&th=1&psc=1">View Product</a></div><div class="product"><a href="https://www.amazon.com/dp/B006VS7C60?tag=eloabder-20&linkCode=osi&th=1&psc=1"><img src="https://m.media-amazon.com/images/I/51adZb-RUeL._SL500_.jpg" alt="Product Image"></a><p>Campbell’s Pork and Beans, 11 Oz Can (Case of 24)</p><p>$20.64 ($0.08 / Ounce)</p><a href="https://www.amazon.com/dp/B006VS7C60?tag=eloabder-20&linkCode=osi&th=1&psc=1">View Product</a></div><div class="product"><a href="https://www.amazon.com/dp/B00CPDWTBI?tag=eloabder-20&linkCode=osi&th=1&psc=1"><img src="https://m.media-amazon.com/images/I/61M2-LCC5uL._SL500_.jpg" alt="Product Image"></a><p>DEL MONTE FRESH CUT Whole New Canned Potatoes, Canned Vegetables, 12 Pack, 14.5 oz Can</p><p>$17.76 ($0.10 / Ounce)</p><a href="https://www.amazon.com/dp/B00CPDWTBI?tag=eloabder-20&linkCode=osi&th=1&psc=1">View Product</a></div><div class="product"><a href="https://www.amazon.com/dp/B00TFPKEZM?tag=eloabder-20&linkCode=osi&th=1&psc=1"><img src="https://m.media-amazon.com/images/I/51VTHItyaXL._SL500_.jpg" alt="Product Image"></a><p>Del Monte Canned Fresh Cut French Style Green Beans, 8 Ounce (Pack of 12)</p><p>$16.68 ($0.17 / Ounce)</p><a href="https://www.amazon.com/dp/B00TFPKEZM?tag=eloabder-20&linkCode=osi&th=1&psc=1">View Product</a></div><div class="product"><a href="https://www.amazon.com/dp/B08WR5J62L?tag=eloabder-20&linkCode=osi&th=1&psc=1"><img src="https://m.media-amazon.com/images/I/51QjonsN18L._SL500_.jpg" alt="Product Image"></a><p>Chicken of the Sea Chunk Light Tuna in Water, Wild Caught Tuna, 5-Ounce Cans (Pack of 10)</p><p>$8.90 ($2.85 / lb)</p><a href="https://www.amazon.com/dp/B08WR5J62L?tag=eloabder-20&linkCode=osi&th=1&psc=1">View Product</a></div><div class="product"><a href="https://www.amazon.com/dp/B01MQ6BDM0?tag=eloabder-20&linkCode=osi&th=1&psc=1"><img src="https://m.media-amazon.com/images/I/51chxbCoRfL._SL500_.jpg" alt="Product Image"></a><p>Libby's Vienna Sausage in Chicken Broth, Canned Sausage, 4.6 OZ (Pack of 24)</p><p>$23.52 ($0.98 / Count)</p><a href="https://www.amazon.com/dp/B01MQ6BDM0?tag=eloabder-20&linkCode=osi&th=1&psc=1">View Product</a></div><div class="product"><a href="https://www.amazon.com/dp/B01NBFQ8TF?tag=eloabder-20&linkCode=osi&th=1&psc=1"><img src="https://m.media-amazon.com/images/I/41ijyPglLPL._SL500_.jpg" alt="Product Image"></a><p>Bush's Best Baked Beans, Country Style with Bacon and Brown Sugar, 8.3 OZ (Pack of 12)</p><p>$20.28 ($1.69 / Count)</p><a href="https://www.amazon.com/dp/B01NBFQ8TF?tag=eloabder-20&linkCode=osi&th=1&psc=1">View Product</a></div><div class="product"><a href="https://www.amazon.com/dp/B019YHSNGC?tag=eloabder-20&linkCode=osi&th=1&psc=1"><img src="https://m.media-amazon.com/images/I/51oHYkvLL0L._SL500_.jpg" alt="Product Image"></a><p>Bumble Bee Chunk Light Tuna In Water, 5 oz Cans (Pack of 24) - Wild Caught Skipjack Tuna - 23g Protein Per Serving - MSC Certified Sustainable Seafood, Non-GMO, Gluten Free, Kosher</p><p>$23.36 ($0.19 / Ounce)</p><a href="https://www.amazon.com/dp/B019YHSNGC?tag=eloabder-20&linkCode=osi&th=1&psc=1">View Product</a></div>
<div class="product"><a href="https://www.amazon.com/dp/B07KQNNW9K?tag=eloabder-20&linkCode=osi&th=1&psc=1"><img src="https://m.media-amazon.com/images/I/51EVSxp535L._SL500_.jpg" alt="Product Image"></a><p>HORMEL COMPLEATS Protein Variety Pack Microwave Trays (Pack of 5)</p><p>$14.99 ($0.33 / Ounce)</p><a href="https://www.amazon.com/dp/B07KQNNW9K?tag=eloabder-20&linkCode=osi&th=1&psc=1">View Product</a></div><div class="product"><a href="https://www.amazon.com/dp/B000V1JVAI?tag=eloabder-20&linkCode=osi&th=1&psc=1"><img src="https://m.media-amazon.com/images/I/51moeAwg0qL._SL500_.jpg" alt="Product Image"></a><p>HORMEL COMPLEATS Meatloaf & Gravy With Mashed Potatoes Microwave Tray, 9 oz. (6 Pack)</p><p>$13.68 ($0.25 / Ounce)</p><a href="https://www.amazon.com/dp/B000V1JVAI?tag=eloabder-20&linkCode=osi&th=1&psc=1">View Product</a></div><div class="product"><a href="https://www.amazon.com/dp/B001E55YXS?tag=eloabder-20&linkCode=osi&th=1&psc=1"><img src="https://m.media-amazon.com/images/I/51f7Q-awP2L._SL500_.jpg" alt="Product Image"></a><p>HORMEL COMPLEATS Beef Pot Roast Microwave Tray, 9 Ounce (Pack of 6)</p><p>$13.68 ($0.25 / Ounce)</p><a href="https://www.amazon.com/dp/B001E55YXS?tag=eloabder-20&linkCode=osi&th=1&psc=1">View Product</a></div><div class="product"><a href="https://www.amazon.com/dp/B001E52XGO?tag=eloabder-20&linkCode=osi&th=1&psc=1"><img src="https://m.media-amazon.com/images/I/513-IE78MvL._SL500_.jpg" alt="Product Image"></a><p>HORMEL COMPLEATS Turkey & Dressing Microwave Tray, 10 oz. (6 Pack)</p><p>$13.68 ($0.23 / Ounce)</p><a href="https://www.amazon.com/dp/B001E52XGO?tag=eloabder-20&linkCode=osi&th=1&psc=1">View Product</a></div><div class="product"><a href="https://www.amazon.com/dp/B01JLWGOCA?tag=eloabder-20&linkCode=osi&th=1&psc=1"><img src="https://m.media-amazon.com/images/I/41JtN2c2Y3L._SL500_.jpg" alt="Product Image"></a><p>Idahoan Four Cheese Mashed Potatoes, Made with Gluten-Free 100-Percent Real Idaho Potatoes, 1.5 oz Cup (Pack of 10)</p><p>$11.23 ($0.75 / Ounce)</p><a href="https://www.amazon.com/dp/B01JLWGOCA?tag=eloabder-20&linkCode=osi&th=1&psc=1">View Product</a></div><div class="product"><a href="https://www.amazon.com/dp/B08P3SVWFR?tag=eloabder-20&linkCode=osi&th=1&psc=1"><img src="https://m.media-amazon.com/images/I/51Q7KX85dtL._SL500_.jpg" alt="Product Image"></a><p>StarKist Premium White Chicken - 2.6 oz Pouch (Pack of 12)</p><p>$15.06 ($0.48 / Ounce)</p><a href="https://www.amazon.com/dp/B08P3SVWFR?tag=eloabder-20&linkCode=osi&th=1&psc=1">View Product</a></div><div class="product"><a href="https://www.amazon.com/dp/B001E52WAG?tag=eloabder-20&linkCode=osi&th=1&psc=1"><img src="https://m.media-amazon.com/images/I/51dV9dBtkEL._SL500_.jpg" alt="Product Image"></a><p>Dinty Moore Beef Stew, 9-Ounce Packages (Pack of 6)</p><p>$17.34 ($0.32 / Ounce)</p><a href="https://www.amazon.com/dp/B001E52WAG?tag=eloabder-20&linkCode=osi&th=1&psc=1">View Product</a></div><div class="product"><a href="https://www.amazon.com/dp/B0BTQWY5LL?tag=eloabder-20&linkCode=osi&th=1&psc=1"><img src="https://m.media-amazon.com/images/I/61dN-t0ureL._SL500_.jpg" alt="Product Image"></a><p>MISS OLIVE'S Variety Pack Microwavable Low Sodium Ready Meals (Bundle of 6)-1 of each flavor</p><p>$26.49 ($0.63 / Ounce)</p><a href="https://www.amazon.com/dp/B0BTQWY5LL?tag=eloabder-20&linkCode=osi&th=1&psc=1">View Product</a></div><div class="product"><a href="https://www.amazon.com/dp/B0111Y7PO2?tag=eloabder-20&linkCode=osi&th=1&psc=1"><img src="https://m.media-amazon.com/images/I/51ReJtj0zJL._SL500_.jpg" alt="Product Image"></a><p>HORMEL COMPLEATS Rice & Chicken Microwave Tray, 7.5 Ounces (Pack of 7)</p><p>$15.96 ($0.30 / Ounce)</p><a href="https://www.amazon.com/dp/B0111Y7PO2?tag=eloabder-20&linkCode=osi&th=1&psc=1">View Product</a></div><div class="product"><a href="https://www.amazon.com/dp/B09GL33XZG?tag=eloabder-20&linkCode=osi&th=1&psc=1"><img src="https://m.media-amazon.com/images/I/41tbj+XvZLL._SL500_.jpg" alt="Product Image"></a><p>HMR Ultimate Entrée Pack | Pre-packaged Lunch or Dinner to Support Weight Loss | Pack of 17 Ready to Eat Meals | 10-20 grams of Protein per Entrée | Low Calorie Food | 7-8oz Servings per Meal</p><p>$89.99</p><a href="https://www.amazon.com/dp/B09GL33XZG?tag=eloabder-20&linkCode=osi&th=1&psc=1">View Product</a></div>
<div class="product"><a href="https://www.amazon.com/dp/B00I9VBMLI?tag=eloabder-20&linkCode=osi&th=1&psc=1"><img src="https://m.media-amazon.com/images/I/51kyWWI+vRL._SL500_.jpg" alt="Product Image"></a><p>Chef Boyardee Beef Ravioli, 15 oz, 4 Pack</p><p>$4.48 ($0.07 / Count)</p><a href="https://www.amazon.com/dp/B00I9VBMLI?tag=eloabder-20&linkCode=osi&th=1&psc=1">View Product</a></div>
<div class="product"><a href="https://www.amazon.com/dp/B0CJCXLDSP?tag=eloabder-20&linkCode=osi&th=1&psc=1"><img src="https://m.media-amazon.com/images/I/41uUHvJRp2L._SL500_.jpg" alt="Product Image"></a><p>ARM & HAMMER Baking Soda Made in USA, Ideal for Baking, Pure & Natural, 2.7lb Bag</p><p>$7.99 ($0.18 / Ounce)</p><a href="https://www.amazon.com/dp/B0CJCXLDSP?tag=eloabder-20&linkCode=osi&th=1&psc=1">View Product</a></div><div class="product"><a href="https://www.amazon.com/dp/B07JFLXZQV?tag=eloabder-20&linkCode=osi&th=1&psc=1"><img src="https://m.media-amazon.com/images/I/41mGwlHTcmL._SL500_.jpg" alt="Product Image"></a><p>Vanilla Bean Paste for Baking and Cooking - Gourmet Madagascar Bourbon Blend made with Real Vanilla Seeds - 4 Ounces</p><p>$14.99 ($3.75 / Ounce)</p><a href="https://www.amazon.com/dp/B07JFLXZQV?tag=eloabder-20&linkCode=osi&th=1&psc=1">View Product</a></div><div class="product"><a href="https://www.amazon.com/dp/B0046EJ570?tag=eloabder-20&linkCode=osi&th=1&psc=1"><img src="https://m.media-amazon.com/images/I/31TFd1IdsRL._SL500_.jpg" alt="Product Image"></a><p>Watkins All Natural Original Gourmet Baking Vanilla, with Pure Vanilla Extract, 11 Fl Oz (Pack of 1) - Packaging May Vary</p><p>$12.35 ($1.12 / Fl Oz)</p><a href="https://www.amazon.com/dp/B0046EJ570?tag=eloabder-20&linkCode=osi&th=1&psc=1">View Product</a></div><div class="product"><a href="https://www.amazon.com/dp/B00PMUNEK6?tag=eloabder-20&linkCode=osi&th=1&psc=1"><img src="https://m.media-amazon.com/images/I/41LZqR+JNZL._SL500_.jpg" alt="Product Image"></a><p>10 Organic Madagascar Vanilla Beans Whole Grade A Vanilla Pods for Vanilla Extract and Baking</p><p>$11.04 ($1.10 / Count)</p><a href="https://www.amazon.com/dp/B00PMUNEK6?tag=eloabder-20&linkCode=osi&th=1&psc=1">View Product</a></div><div class="product"><a href="https://www.amazon.com/dp/B0CBW3D9T7?tag=eloabder-20&linkCode=osi&th=1&psc=1"><img src="https://m.media-amazon.com/images/I/414XubDDPPL._SL500_.jpg" alt="Product Image"></a><p>Scratch Diastatic Malt Powder for Baking - (10oz) Dried Barley Malt for Baking Bread - Bread Improver - Premium Baking Ingredients for Breads, Pizzas, Pretzels, Desserts, Shakes and More</p><p>$8.95 ($0.90 / Ounce)</p><a href="https://www.amazon.com/dp/B0CBW3D9T7?tag=eloabder-20&linkCode=osi&th=1&psc=1">View Product</a></div><div class="product"><a href="https://www.amazon.com/dp/B00VEJOUXE?tag=eloabder-20&linkCode=osi&th=1&psc=1"><img src="https://m.media-amazon.com/images/I/41HmZhMPH1L._SL500_.jpg" alt="Product Image"></a><p>Bob's Red Mill Baking Soda - 1 Pound (Pack of 4), Non GMO, Gluten Free, Vegan, Kosher, Paleo Friendly</p><p>$13.10 ($0.20 / Ounce)</p><a href="https://www.amazon.com/dp/B00VEJOUXE?tag=eloabder-20&linkCode=osi&th=1&psc=1">View Product</a></div><div class="product"><a href="https://www.amazon.com/dp/B0CG7C5X2F?tag=eloabder-20&linkCode=osi&th=1&psc=1"><img src="https://m.media-amazon.com/images/I/41cN3OdncVL._SL500_.jpg" alt="Product Image"></a><p>Micro Ingredients Baking Soda Powder, 6lbs | Pure Sodium Bicarbonate | Bulk Food Grade Supply | Great for Cleaning, Cooking, Laundry, or Personal Care | Non-GMO, Filler Free</p><p>$13.95 ($0.15 / Ounce)</p><a href="https://www.amazon.com/dp/B0CG7C5X2F?tag=eloabder-20&linkCode=osi&th=1&psc=1">View Product</a></div><div class="product"><a href="https://www.amazon.com/dp/B075456XMK?tag=eloabder-20&linkCode=osi&th=1&psc=1"><img src="https://m.media-amazon.com/images/I/31YCnL21+nL._SL500_.jpg" alt="Product Image"></a><p>Pure Original Ingredients Baking Soda (2 lb) Sodium Bicarbonate (NaHCO3), Always Pure, No Fillers Or Additives.</p><p>$11.99 ($0.37 / Ounce)</p><a href="https://www.amazon.com/dp/B075456XMK?tag=eloabder-20&linkCode=osi&th=1&psc=1">View Product</a></div><div class="product"><a href="https://www.amazon.com/dp/B08FYKMRGT?tag=eloabder-20&linkCode=osi&th=1&psc=1"><img src="https://m.media-amazon.com/images/I/41TdlxCI0EL._SL500_.jpg" alt="Product Image"></a><p>King Arthur, Baking Sugar Alternative, Made with Plant-Based Ingredients, Keto-Friendly, 1-to-1 Substitute for Granulated Sugar, 12 Ounces</p><p>$9.95 ($0.83 / Ounce)</p><a href="https://www.amazon.com/dp/B08FYKMRGT?tag=eloabder-20&linkCode=osi&th=1&psc=1">View Product</a></div><div class="product"><a href="https://www.amazon.com/dp/B07KKL5Q68?tag=eloabder-20&linkCode=osi&th=1&psc=1"><img src="https://m.media-amazon.com/images/I/41G0eZnHIxL._SL500_.jpg" alt="Product Image"></a><p>Pure Original Ingredients Baking Soda (1 Gallon) Aluminum Free, Cooking, Baking, Cleaning</p><p>$30.99 ($0.19 / Ounce)</p><a href="https://www.amazon.com/dp/B07KKL5Q68?tag=eloabder-20&linkCode=osi&th=1&psc=1">View Product</a></div>
<div class="product"><a href="https://www.amazon.com/dp/B0029K0U90?tag=eloabder-20&linkCode=osi&th=1&psc=1"><img src="https://m.media-amazon.com/images/I/412vWjuj9tL._SL500_.jpg" alt="Product Image"></a><p>Mrs. Wages Pasta Sauce Canning Mix 5 Ounce (Pack of 6)</p><p>$19.32 ($0.64 / Ounce)</p><a href="https://www.amazon.com/dp/B0029K0U90?tag=eloabder-20&linkCode=osi&th=1&psc=1">View Product</a></div><div class="product"><a href="https://www.amazon.com/dp/B0005ZWUDU?tag=eloabder-20&linkCode=osi&th=1&psc=1"><img src="https://m.media-amazon.com/images/I/411oE+5BGYL._SL500_.jpg" alt="Product Image"></a><p>Classico Roasted Garlic Tomato Spaghetti Pasta Sauce (24 oz Jar)</p><p>$2.98 ($0.12 / Ounce)</p><a href="https://www.amazon.com/dp/B0005ZWUDU?tag=eloabder-20&linkCode=osi&th=1&psc=1">View Product</a></div><div class="product"><a href="https://www.amazon.com/dp/B00H3TKG6O?tag=eloabder-20&linkCode=osi&th=1&psc=1"><img src="https://m.media-amazon.com/images/I/41dtGUjEl7L._SL500_.jpg" alt="Product Image"></a><p>Classico Family Favorites Traditional Pasta Sauce (24 oz Jar)</p><p>$2.16 ($0.09 / Ounce)</p><a href="https://www.amazon.com/dp/B00H3TKG6O?tag=eloabder-20&linkCode=osi&th=1&psc=1">View Product</a></div><div class="product"><a href="https://www.amazon.com/dp/B088N719GQ?tag=eloabder-20&linkCode=osi&th=1&psc=1"><img src="https://m.media-amazon.com/images/I/412O4vvfLcL._SL500_.jpg" alt="Product Image"></a><p>Prego Traditional Pasta Sauce, 45 Oz Jar</p><p>$4.23 ($0.09 / Ounce)</p><a href="https://www.amazon.com/dp/B088N719GQ?tag=eloabder-20&linkCode=osi&th=1&psc=1">View Product</a></div><div class="product"><a href="https://www.amazon.com/dp/B00IAE65L6?tag=eloabder-20&linkCode=osi&th=1&psc=1"><img src="https://m.media-amazon.com/images/I/41keFWtHEbL._SL500_.jpg" alt="Product Image"></a><p>Prego Traditional Pasta Sauce, 67 Oz Jar</p><p>$5.36 ($0.08 / Ounce)</p><a href="https://www.amazon.com/dp/B00IAE65L6?tag=eloabder-20&linkCode=osi&th=1&psc=1">View Product</a></div><div class="product"><a href="https://www.amazon.com/dp/B0CRXQZMWN?tag=eloabder-20&linkCode=osi&th=1&psc=1"><img src="https://m.media-amazon.com/images/I/41GWdkqzH0L._SL500_.jpg" alt="Product Image"></a><p>Prego Creamy Roasted Garlic Pesto Pasta Sauce, 14.5 oz Jar</p><p>$2.79 ($0.19 / Ounce)</p><a href="https://www.amazon.com/dp/B0CRXQZMWN?tag=eloabder-20&linkCode=osi&th=1&psc=1">View Product</a></div><div class="product"><a href="https://www.amazon.com/dp/B0033TSDKY?tag=eloabder-20&linkCode=osi&th=1&psc=1"><img src="https://m.media-amazon.com/images/I/416ipEt-ErS._SL500_.jpg" alt="Product Image"></a><p>Classico Four Cheese Alfredo Pasta Sauce (15 oz Jar)</p><p>$3.13 ($0.21 / Ounce)</p><a href="https://www.amazon.com/dp/B0033TSDKY?tag=eloabder-20&linkCode=osi&th=1&psc=1">View Product</a></div><div class="product"><a href="https://www.amazon.com/dp/B000Q3R6V2?tag=eloabder-20&linkCode=osi&th=1&psc=1"><img src="https://m.media-amazon.com/images/I/51DwtNnipoL._SL500_.jpg" alt="Product Image"></a><p>Hunt's Traditional Pasta Sauce, 24 oz</p><p>$1.34 ($0.06 / Ounce)</p><a href="https://www.amazon.com/dp/B000Q3R6V2?tag=eloabder-20&linkCode=osi&th=1&psc=1">View Product</a></div><div class="product"><a href="https://www.amazon.com/dp/B00XXGW39Y?tag=eloabder-20&linkCode=osi&th=1&psc=1"><img src="https://m.media-amazon.com/images/I/41FycYZ91BL._SL500_.jpg" alt="Product Image"></a><p>Classico Vodka Sauce Tomato Spaghetti Pasta Sauce (24 oz Jar)</p><p>$2.52 ($0.10 / Fl Oz)</p><a href="https://www.amazon.com/dp/B00XXGW39Y?tag=eloabder-20&linkCode=osi&th=1&psc=1">View Product</a></div><div class="product"><a href="https://www.amazon.com/dp/B07JVJR966?tag=eloabder-20&linkCode=osi&th=1&psc=1"><img src="https://m.media-amazon.com/images/I/412rjNSU1HL._SL500_.jpg" alt="Product Image"></a><p>Prego Traditional Pasta Sauce, 24 Oz Jar (Case of 12)</p><p>$29.76 ($0.10 / Fl Oz)</p><a href="https://www.amazon.com/dp/B07JVJR966?tag=eloabder-20&linkCode=osi&th=1&psc=1">View Product</a></div>
<div class="product"><a href="https://www.amazon.com/dp/B07GBS8GVH?tag=eloabder-20&linkCode=osi&th=1&psc=1"><img src="https://m.media-amazon.com/images/I/51Xpb2UbnAS._SL500_.jpg" alt="Product Image"></a><p>BEN'S ORIGINAL Ready Rice Whole Grain Brown Rice, Easy Dinner Side, 8.8 OZ Pouch (Pack of 6)</p><p>$13.08 ($0.25 / Ounce)</p><a href="https://www.amazon.com/dp/B07GBS8GVH?tag=eloabder-20&linkCode=osi&th=1&psc=1">View Product</a></div><div class="product"><a href="https://www.amazon.com/dp/B000YPKPV0?tag=eloabder-20&linkCode=osi&th=1&psc=1"><img src="https://m.media-amazon.com/images/I/51RKdJy7-TL._SL500_.jpg" alt="Product Image"></a><p>Rice-A-Roni Long grain & wild rice with herbs, 4.3 Ounce Pack of 12</p><p>$12.00 ($0.23 / Ounce)</p><a href="https://www.amazon.com/dp/B000YPKPV0?tag=eloabder-20&linkCode=osi&th=1&psc=1">View Product</a></div><div class="product"><a href="https://www.amazon.com/dp/B004NRLAVY?tag=eloabder-20&linkCode=osi&th=1&psc=1"><img src="https://m.media-amazon.com/images/I/51l35npdSyL._SL500_.jpg" alt="Product Image"></a><p>Nishiki Premium Rice, Medium Grain,15 Pound (Pack of 1)</p><p>$20.19 ($0.08 / Ounce)</p><a href="https://www.amazon.com/dp/B004NRLAVY?tag=eloabder-20&linkCode=osi&th=1&psc=1">View Product</a></div><div class="product"><a href="https://www.amazon.com/dp/B00MMTQAF6?tag=eloabder-20&linkCode=osi&th=1&psc=1"><img src="https://m.media-amazon.com/images/I/41uID5vVhuL._SL500_.jpg" alt="Product Image"></a><p>Mahatma Extra Long Grain White Rice, 10 Pound, Gluten-Free and Non-GMO, Rice Bulk Bag (Pack of 1)</p><p>$9.98 ($0.06 / Ounce)</p><a href="https://www.amazon.com/dp/B00MMTQAF6?tag=eloabder-20&linkCode=osi&th=1&psc=1">View Product</a></div><div class="product"><a href="https://www.amazon.com/dp/B00I330QEQ?tag=eloabder-20&linkCode=osi&th=1&psc=1"><img src="https://m.media-amazon.com/images/I/41eu-3nevsL._SL500_.jpg" alt="Product Image"></a><p>Authentic Royal - Naturally Aged Long Grain Indian White Basmati Rice - 15 lbs</p><p>$15.03 ($0.06 / Ounce)</p><a href="https://www.amazon.com/dp/B00I330QEQ?tag=eloabder-20&linkCode=osi&th=1&psc=1">View Product</a></div><div class="product"><a href="https://www.amazon.com/dp/B00CLGUKKG?tag=eloabder-20&linkCode=osi&th=1&psc=1"><img src="https://m.media-amazon.com/images/I/41mEtyqtEVL._SL500_.jpg" alt="Product Image"></a><p>Mahatma Whole-Grain Brown Rice, 32-Ounce Bag of Rice, Stovetop or Microwave Rice</p><p>$2.68 ($0.08 / Ounce)</p><a href="https://www.amazon.com/dp/B00CLGUKKG?tag=eloabder-20&linkCode=osi&th=1&psc=1">View Product</a></div><div class="product"><a href="https://www.amazon.com/dp/B0087HFXJ6?tag=eloabder-20&linkCode=osi&th=1&psc=1"><img src="https://m.media-amazon.com/images/I/51eYTUAUKZL._SL500_.jpg" alt="Product Image"></a><p>RiceSelect Royal Blend, Blend Of Texmati White, Brown, Red, And Wild Rice, Premium Gluten Free Rice, Non-GMO, 21 Ounce Jar</p><p>$6.98 ($0.33 / Ounce)</p><a href="https://www.amazon.com/dp/B0087HFXJ6?tag=eloabder-20&linkCode=osi&th=1&psc=1">View Product</a></div><div class="product"><a href="https://www.amazon.com/dp/B07HKTD2BD?tag=eloabder-20&linkCode=osi&th=1&psc=1"><img src="https://m.media-amazon.com/images/I/519+60cp2dL._SL500_.jpg" alt="Product Image"></a><p>Nishiki Premium 7 Grains Mix, 2 Pound</p><p>$14.49 ($0.45 / Ounce)</p><a href="https://www.amazon.com/dp/B07HKTD2BD?tag=eloabder-20&linkCode=osi&th=1&psc=1">View Product</a></div><div class="product"><a href="https://www.amazon.com/dp/B00G9U46DW?tag=eloabder-20&linkCode=osi&th=1&psc=1"><img src="https://m.media-amazon.com/images/I/51Xpb2UbnAS._SL500_.jpg" alt="Product Image"></a><p>BEN'S ORIGINAL Ready Rice Whole Grain Brown Rice, Easy Dinner Side, 8.8 OZ Pouch (Pack of 12)</p><p>$26.16 ($0.25 / Ounce)</p><a href="https://www.amazon.com/dp/B00G9U46DW?tag=eloabder-20&linkCode=osi&th=1&psc=1">View Product</a></div>
<div class="product"><a href="https://www.amazon.com/dp/B0D4KLB4HP?tag=eloabder-20&linkCode=osi&th=1&psc=1"><img src="https://m.media-amazon.com/images/I/51r7s+M2jqL._SL500_.jpg" alt="Product Image"></a><p>Chronos Condiment 150 bundle pack - 50 Single Serve Pouches of Each: Ketchup, Mustard, and Mayo - 150 Pack, Great for Picnics, Boxed Lunch, BBQ, Travel, and Parties</p><p>$21.97</p><a href="https://www.amazon.com/dp/B0D4KLB4HP?tag=eloabder-20&linkCode=osi&th=1&psc=1">View Product</a></div><div class="product"><a href="https://www.amazon.com/dp/B003XLOOCS?tag=eloabder-20&linkCode=osi&th=1&psc=1"><img src="https://m.media-amazon.com/images/I/51x0jDzOLjL._SL500_.jpg" alt="Product Image"></a><p>Heinz Tomato Ketchup, Relish, and Mustard Picnic Pack, 3 Count</p><p>$5.98 ($0.11 / Ounce)</p><a href="https://www.amazon.com/dp/B003XLOOCS?tag=eloabder-20&linkCode=osi&th=1&psc=1">View Product</a></div><div class="product"><a href="https://www.amazon.com/dp/B0992VW16R?tag=eloabder-20&linkCode=osi&th=1&psc=1"><img src="https://m.media-amazon.com/images/I/51eFgOarc1L._SL500_.jpg" alt="Product Image"></a><p>Grab-n-Go Condiment Packs - 50 Single Serve Pouches of Each: Ketchup, Mustard, Relish, and Mayo - Great for Picnics, Boxed Lunch, BBQ, Travel, Picnic and Parties (200 Condiment Packets Total)</p><p>$29.99 ($0.15 / Count)</p><a href="https://www.amazon.com/dp/B0992VW16R?tag=eloabder-20&linkCode=osi&th=1&psc=1">View Product</a></div><div class="product"><a href="https://www.amazon.com/dp/B0D3J9HHS2?tag=eloabder-20&linkCode=osi&th=1&psc=1"><img src="https://m.media-amazon.com/images/I/51VkOjMAkXL._SL500_.jpg" alt="Product Image"></a><p>Heinz Condiment Packets Variety 100 Pack- 25 Heinz Ketchup Packets, 25 Mayonnaise Packets, 25 Mustard Packets, and 25 Relish Packets. Ketchup Heinz, Mayo Packets.</p><p>$19.99 ($0.20 / Count)</p><a href="https://www.amazon.com/dp/B0D3J9HHS2?tag=eloabder-20&linkCode=osi&th=1&psc=1">View Product</a></div><div class="product"><a href="https://www.amazon.com/dp/B091DCC2CH?tag=eloabder-20&linkCode=osi&th=1&psc=1"><img src="https://m.media-amazon.com/images/I/415Iq4kWRXL._SL500_.jpg" alt="Product Image"></a><p>Hellmann's Real Mayonnaise Squeeze Bottle 3 Count a Rich Creamy Condiment Gluten Free, Made With 100% Cage-Free Eggs 20 oz</p><p>$11.90 ($0.20 / Fl Oz)</p><a href="https://www.amazon.com/dp/B091DCC2CH?tag=eloabder-20&linkCode=osi&th=1&psc=1">View Product</a></div><div class="product"><a href="https://www.amazon.com/dp/B0CMR2DML7?tag=eloabder-20&linkCode=osi&th=1&psc=1"><img src="https://m.media-amazon.com/images/I/61dFhpega1L._SL500_.jpg" alt="Product Image"></a><p>Crait Individual Condiment Packets Variety Pack of 50 Hot Sauce Packets with Mayo Packets, Ketchup Packets and Yellow Mustard Packets Single Serve</p><p>$15.00 ($0.30 / Count)</p><a href="https://www.amazon.com/dp/B0CMR2DML7?tag=eloabder-20&linkCode=osi&th=1&psc=1">View Product</a></div><div class="product"><a href="https://www.amazon.com/dp/B0D3JCR2XS?tag=eloabder-20&linkCode=osi&th=1&psc=1"><img src="https://m.media-amazon.com/images/I/51RtTP7u7aL._SL500_.jpg" alt="Product Image"></a><p>Hot Sauce Variety Pack of 48 Condiment Packets. 4 Each of 12 Flavors. Texas Pete Hot Sauce Packets, Mini Condiments, Mini Hot Sauce, Condiment Packets Variety Pack, Single Serve</p><p>$17.99 ($0.37 / Count)</p><a href="https://www.amazon.com/dp/B0D3JCR2XS?tag=eloabder-20&linkCode=osi&th=1&psc=1">View Product</a></div><div class="product"><a href="https://www.amazon.com/dp/B00XK3IYUW?tag=eloabder-20&linkCode=osi&th=1&psc=1"><img src="https://m.media-amazon.com/images/I/51T9Vgtx+bL._SL500_.jpg" alt="Product Image"></a><p>Heinz Condiment Packets Ketchup and Mustard (100 Total; 50 Each Flavor)</p><p>$13.10 ($0.60 / Ounce)</p><a href="https://www.amazon.com/dp/B00XK3IYUW?tag=eloabder-20&linkCode=osi&th=1&psc=1">View Product</a></div>
<div class="product"><a href="https://www.amazon.com/dp/B09DYZSHJR?tag=eloabder-20&linkCode=osi&th=1&psc=1"><img src="https://m.media-amazon.com/images/I/31fEqU5FfOL._SL500_.jpg" alt="Product Image"></a><p>DaVinci Gourmet Honey Syrup, 25.4 Fluid Ounce (Pack of 1)</p><p>$9.99 ($0.39 / Fl Oz)</p><a href="https://www.amazon.com/dp/B09DYZSHJR?tag=eloabder-20&linkCode=osi&th=1&psc=1">View Product</a></div><div class="product"><a href="https://www.amazon.com/dp/B09GW7TXH3?tag=eloabder-20&linkCode=osi&th=1&psc=1"><img src="https://m.media-amazon.com/images/I/31hUGuR-NsL._SL500_.jpg" alt="Product Image"></a><p>Glorybee, Premium Honey Syrup, Real Honey, No Artifical colors or flavors, 25.4 fl oz</p><p>$10.73 ($0.42 / Fl Oz)</p><a href="https://www.amazon.com/dp/B09GW7TXH3?tag=eloabder-20&linkCode=osi&th=1&psc=1">View Product</a></div><div class="product"><a href="https://www.amazon.com/dp/B07C1138N5?tag=eloabder-20&linkCode=osi&th=1&psc=1"><img src="https://m.media-amazon.com/images/I/31bISVR+FkL._SL500_.jpg" alt="Product Image"></a><p>Monin - Honey Syrup, Smooth Sweet Honey Flavor, Great for Teas, Lemonades, Cocktails, & Coffee, Gluten-Free, Non-GMO (1 Liter)</p><p>$19.13 ($0.57 / Fl Oz)</p><a href="https://www.amazon.com/dp/B07C1138N5?tag=eloabder-20&linkCode=osi&th=1&psc=1">View Product</a></div><div class="product"><a href="https://www.amazon.com/dp/B0D43FMJ8V?tag=eloabder-20&linkCode=osi&th=1&psc=1"><img src="https://m.media-amazon.com/images/I/41P8d3eueDL._SL500_.jpg" alt="Product Image"></a><p>Torani Salted Honey Butter Syrup for Coffee 25.4 Ounces Coffee Syrups and Flavors with Jimoco Pump Syrup Dispenser</p><p>$17.95 ($0.71 / Fl Oz)</p><a href="https://www.amazon.com/dp/B0D43FMJ8V?tag=eloabder-20&linkCode=osi&th=1&psc=1">View Product</a></div><div class="product"><a href="https://www.amazon.com/dp/B00IRRJBRQ?tag=eloabder-20&linkCode=osi&th=1&psc=1"><img src="https://m.media-amazon.com/images/I/31a3OJgvluL._SL500_.jpg" alt="Product Image"></a><p>Torani Honey Sweetener, 25.4 Ounce (Pack of 4)</p><p>$25.47 ($0.25 / Fl Oz)</p><a href="https://www.amazon.com/dp/B00IRRJBRQ?tag=eloabder-20&linkCode=osi&th=1&psc=1">View Product</a></div><div class="product"><a href="https://www.amazon.com/dp/B0BSMPDPZ9?tag=eloabder-20&linkCode=osi&th=1&psc=1"><img src="https://m.media-amazon.com/images/I/41A+L9ilEXL._SL500_.jpg" alt="Product Image"></a><p>Monin - Hot Honey Syrup, Robust Sweet & Spicy Flavors, Great for Lemonades, Teas, Cocktails, Culinary Recipes, & More, No Artificial Sweeteners, Gluten-Free, Non-GMO, Clean Label (1 Liter)</p><p>$17.99 ($0.53 / Fl Oz)</p><a href="https://www.amazon.com/dp/B0BSMPDPZ9?tag=eloabder-20&linkCode=osi&th=1&psc=1">View Product</a></div><div class="product"><a href="https://www.amazon.com/dp/B078YFLF9K?tag=eloabder-20&linkCode=osi&th=1&psc=1"><img src="https://m.media-amazon.com/images/I/41Gx-mwendL._SL500_.jpg" alt="Product Image"></a><p>Tippleman's Ginger Honey Syrup - Craft Cocktail Mixer - All Natural Complex Syrup for Cocktails and Non-Alcoholic Beverages - Margarita, Whiskey Sour, or Sweet Iced Tea - Makes 17 Cocktails</p><p>$24.99 ($1.92 / Fl Oz)</p><a href="https://www.amazon.com/dp/B078YFLF9K?tag=eloabder-20&linkCode=osi&th=1&psc=1">View Product</a></div><div class="product"><a href="https://www.amazon.com/dp/B07CWFJV6C?tag=eloabder-20&linkCode=osi&th=1&psc=1"><img src="https://m.media-amazon.com/images/I/41cmu+ltDxL._SL500_.jpg" alt="Product Image"></a><p>Robitussin Maximum Strength Honey Cough + Chest Congestion DM, Cough Medicine for Cough and Chest Congestion Relief Made with Real Honey- 4 Fl Oz Bottle</p><p>$11.74 ($2.94 / Fl Oz)</p><a href="https://www.amazon.com/dp/B07CWFJV6C?tag=eloabder-20&linkCode=osi&th=1&psc=1">View Product</a></div><div class="product"><a href="https://www.amazon.com/dp/B005S1LP28?tag=eloabder-20&linkCode=osi&th=1&psc=1"><img src="https://m.media-amazon.com/images/I/41DkU4bxBrL._SL500_.jpg" alt="Product Image"></a><p>Monin - Organic Honey Sweetener, Low-Calorie Liquid Sweetener, Sugar Substitute, Coffee Syrup, Made with Organic Honey, Simple Syrup for Cocktails, Iced Tea, & More, Clean Label (1 Liter)</p><p>$26.99 ($0.80 / Fl Oz)</p><a href="https://www.amazon.com/dp/B005S1LP28?tag=eloabder-20&linkCode=osi&th=1&psc=1">View Product</a></div>
<div class="product"><a href="https://www.amazon.com/dp/B0D3FYHWP7?tag=eloabder-20&linkCode=osi&th=1&psc=1"><img src="https://m.media-amazon.com/images/I/41W51dqWhAL._SL500_.jpg" alt="Product Image"></a><p>Blueprint Bryan Johnson Nutty Butter - Macadamia Nuts and Walnuts - Just 3 Ingredients - No Palm Oil - Keto and Low Carb Snack - No Added Sugar, Vegan, Non GMO, Keto and Paleo Friendly (8.8 ounces)</p><p>$11.00 ($1.25 / Ounce)</p><a href="https://www.amazon.com/dp/B0D3FYHWP7?tag=eloabder-20&linkCode=osi&th=1&psc=1">View Product</a></div><div class="product"><a href="https://www.amazon.com/dp/B0B34J7HHD?tag=eloabder-20&linkCode=osi&th=1&psc=1"><img src="https://m.media-amazon.com/images/I/31UpKhqk2QL._SL500_.jpg" alt="Product Image"></a><p>Octonuts Dry Roasted Pure Cashew 16oz Nut Butter 16oz - Pure Creamy Nut Butter - Gluten Free, Vegan, Kosher, Paleo, Non-GMO Nut Butters Single Ingredient</p><p>$11.99 ($0.75 / Ounce)</p><a href="https://www.amazon.com/dp/B0B34J7HHD?tag=eloabder-20&linkCode=osi&th=1&psc=1">View Product</a></div><div class="product"><a href="https://www.amazon.com/dp/B09NP7D465?tag=eloabder-20&linkCode=osi&th=1&psc=1"><img src="https://m.media-amazon.com/images/I/51+XSeELM2L._SL500_.jpg" alt="Product Image"></a><p>Crazy Go Nuts Walnut Butter - Plain w/ Sea Salt - Healthy Snacks, Keto, Vegan, Low Carb, Gluten Free, Superfood - Natural, Non-GMO, ALA, Omega 3 Fatty Acids, Good Fats and Antioxidants - 9.25 oz (1-Pack)</p><p>$10.99 ($1.19 / Ounce)</p><a href="https://www.amazon.com/dp/B09NP7D465?tag=eloabder-20&linkCode=osi&th=1&psc=1">View Product</a></div><div class="product"><a href="https://www.amazon.com/dp/B00KHAG1BK?tag=eloabder-20&linkCode=osi&th=1&psc=1"><img src="https://m.media-amazon.com/images/I/41nZVovN5oL._SL500_.jpg" alt="Product Image"></a><p>JUSTIN'S Classic Gluten-Free Almond Butter Squeeze Packs, 1.15 Ounce (Pack of 10)</p><p>$13.40 ($1.17 / Ounce)</p><a href="https://www.amazon.com/dp/B00KHAG1BK?tag=eloabder-20&linkCode=osi&th=1&psc=1">View Product</a></div><div class="product"><a href="https://www.amazon.com/dp/B01M06S98E?tag=eloabder-20&linkCode=osi&th=1&psc=1"><img src="https://m.media-amazon.com/images/I/41fCsKiYMdL._SL500_.jpg" alt="Product Image"></a><p>Organic Power Fuel Crunchy Nut Butter by NuttZo | 7 Nuts & Seeds Blend, Paleo, Non-GMO, Gluten-Free, Vegan, Kosher | 1g Sugar, 6g Protein | 26oz Jar</p><p>$21.99 ($0.85 / Ounce)</p><a href="https://www.amazon.com/dp/B01M06S98E?tag=eloabder-20&linkCode=osi&th=1&psc=1">View Product</a></div><div class="product"><a href="https://www.amazon.com/dp/B07CGZ2RJQ?tag=eloabder-20&linkCode=osi&th=1&psc=1"><img src="https://m.media-amazon.com/images/I/41eZiTYDVgL._SL500_.jpg" alt="Product Image"></a><p>Vör Pure Macadamia Nut Butter Spread (11oz) | Only One Ingredient</p><p>$18.99 ($1.73 / Ounce)</p><a href="https://www.amazon.com/dp/B07CGZ2RJQ?tag=eloabder-20&linkCode=osi&th=1&psc=1">View Product</a></div><div class="product"><a href="https://www.amazon.com/dp/B00X7W96OO?tag=eloabder-20&linkCode=osi&th=1&psc=1"><img src="https://m.media-amazon.com/images/I/41jU7bL5rFL._SL500_.jpg" alt="Product Image"></a><p>MaraNatha Creamy Roasted Caramel Almond Butter, No Stir, 12 Ounce Jar</p><p>$6.94 ($0.58 / Ounce)</p><a href="https://www.amazon.com/dp/B00X7W96OO?tag=eloabder-20&linkCode=osi&th=1&psc=1">View Product</a></div>
<div class="product"><a href="https://www.amazon.com/dp/B01CUS63OG?tag=eloabder-20&linkCode=osi&th=1&psc=1"><img src="https://m.media-amazon.com/images/I/51o0FJwMj8L._SL500_.jpg" alt="Product Image"></a><p>Anna and Sarah Tropical Dried Fruit Mix 2 Lbs</p><p>$17.99 ($9.00 / lb)</p><a href="https://www.amazon.com/dp/B01CUS63OG?tag=eloabder-20&linkCode=osi&th=1&psc=1">View Product</a></div><div class="product"><a href="https://www.amazon.com/dp/B09LZ7YCF7?tag=eloabder-20&linkCode=osi&th=1&psc=1"><img src="https://m.media-amazon.com/images/I/41XMLNKxlML._SL500_.jpg" alt="Product Image"></a><p>Dried Pineapple Chunks, 1 Pound. Dehydrated Pineapple Chunk, Dehydrated Pineapple Bulk, Dried Pineapple Bits. All Natural, Non-GMO, Lightly Sweetened Dried Pineapples, 16 oz.</p><p>$9.99 ($0.62 / oz)</p><a href="https://www.amazon.com/dp/B09LZ7YCF7?tag=eloabder-20&linkCode=osi&th=1&psc=1">View Product</a></div><div class="product"><a href="https://www.amazon.com/dp/B000M69QRU?tag=eloabder-20&linkCode=osi&th=1&psc=1"><img src="https://m.media-amazon.com/images/I/51EyH2xvyyS._SL500_.jpg" alt="Product Image"></a><p>Ocean Spray Craisins Dried Cranberries, Original, 48 Ounce</p><p>$7.62 ($0.16 / Fl Oz)</p><a href="https://www.amazon.com/dp/B000M69QRU?tag=eloabder-20&linkCode=osi&th=1&psc=1">View Product</a></div><div class="product"><a href="https://www.amazon.com/dp/B09YTMZ1GP?tag=eloabder-20&linkCode=osi&th=1&psc=1"><img src="https://m.media-amazon.com/images/I/51+y56cVq0L._SL500_.jpg" alt="Product Image"></a><p>Oregon Farm Fresh Snacks Dried Fruit Mix – 24oz Healthy Snacks - Fresh and Natural Fruit Trail Mix – Mixed Fruit Snacks for Adults and Kids – Ideal for Breakfast, Cakes, Snacks</p><p>$17.99 ($0.75 / Ounce)</p><a href="https://www.amazon.com/dp/B09YTMZ1GP?tag=eloabder-20&linkCode=osi&th=1&psc=1">View Product</a></div><div class="product"><a href="https://www.amazon.com/dp/B08Z5QXBK1?tag=eloabder-20&linkCode=osi&th=1&psc=1"><img src="https://m.media-amazon.com/images/I/51a0Oclr3nS._SL500_.jpg" alt="Product Image"></a><p>Dried Cherries Tart Cherry, 1lb. Montmorency Tart Cherries, Dried Sour Cherries Fresh, Montmorency Dried Tart Cherries, Dried Cherries, All-Natural Whole Sour Cherry 16 oz.</p><p>$14.28 ($0.89 / oz)</p><a href="https://www.amazon.com/dp/B08Z5QXBK1?tag=eloabder-20&linkCode=osi&th=1&psc=1">View Product</a></div><div class="product"><a href="https://www.amazon.com/dp/B00F34772M?tag=eloabder-20&linkCode=osi&th=1&psc=1"><img src="https://m.media-amazon.com/images/I/51AsgKQIMiL._SL500_.jpg" alt="Product Image"></a><p>A Gift Inside Sweet Bloom Dried Fruit Deluxe Tray Basket Arrangement for Holiday Birthday Healthy Snack Business Kosher</p><p>$33.20</p><a href="https://www.amazon.com/dp/B00F34772M?tag=eloabder-20&linkCode=osi&th=1&psc=1">View Product</a></div><div class="product"><a href="https://www.amazon.com/dp/B01N057EEP?tag=eloabder-20&linkCode=osi&th=1&psc=1"><img src="https://m.media-amazon.com/images/I/51MrelYxkML._SL500_.jpg" alt="Product Image"></a><p>Mavuno Harvest Organic Dried Fruit Variety Pack | Dried Mango, Pineapple, and Jackfruit | Healthy, Vegan, No Sugar Added, Non GMO Snacks for Kids & Adults | 2 Ounce, Pack of 3</p><p>$13.99 ($2.33 / Ounce)</p><a href="https://www.amazon.com/dp/B01N057EEP?tag=eloabder-20&linkCode=osi&th=1&psc=1">View Product</a></div><div class="product"><a href="https://www.amazon.com/dp/B08JWR4M3F?tag=eloabder-20&linkCode=osi&th=1&psc=1"><img src="https://m.media-amazon.com/images/I/41rjnxAN2FL._SL500_.jpg" alt="Product Image"></a><p>Sunrise Fresh Dried Sweet Cherries, Unsweetened, No Sugar Added, Fresh Fruit Flavor, 1 lb Bag</p><p>$14.49 ($0.91 / oz)</p><a href="https://www.amazon.com/dp/B08JWR4M3F?tag=eloabder-20&linkCode=osi&th=1&psc=1">View Product</a></div><div class="product"><a href="https://www.amazon.com/dp/B08YP8NQP4?tag=eloabder-20&linkCode=osi&th=1&psc=1"><img src="https://m.media-amazon.com/images/I/51GM51afRIS._SL500_.jpg" alt="Product Image"></a><p>Whole Dried Blueberries, No Sugar Added, Bulk, Dehydrated, Dried Unsweetened Blueberries, All Natural, Non-GMO, 1 Pound. - 16 oz.</p><p>$17.44 ($1.09 / oz)</p><a href="https://www.amazon.com/dp/B08YP8NQP4?tag=eloabder-20&linkCode=osi&th=1&psc=1">View Product</a></div>
<div class="product"><a href="https://www.amazon.com/dp/B084T1VWP5?tag=eloabder-20&linkCode=osi&th=1&psc=1"><img src="https://m.media-amazon.com/images/I/51o0utHF41L._SL500_.jpg" alt="Product Image"></a><p>Planters Pop & Pour Dry Roasted Sunflower Seeds, (4 - 5.85 oz. Jars)</p><p>$7.96 ($0.34 / Ounce)</p><a href="https://www.amazon.com/dp/B084T1VWP5?tag=eloabder-20&linkCode=osi&th=1&psc=1">View Product</a></div><div class="product"><a href="https://www.amazon.com/dp/B07TZX3KQZ?tag=eloabder-20&linkCode=osi&th=1&psc=1"><img src="https://m.media-amazon.com/images/I/41OvCvu5E9L._SL500_.jpg" alt="Product Image"></a><p>Yupik Organic Super 6 Seeds Mix, 2.2 lb, Non-GMO, Vegan</p><p>$11.99 ($0.34 / Ounce)</p><a href="https://www.amazon.com/dp/B07TZX3KQZ?tag=eloabder-20&linkCode=osi&th=1&psc=1">View Product</a></div><div class="product"><a href="https://www.amazon.com/dp/B07W7ZZJQB?tag=eloabder-20&linkCode=osi&th=1&psc=1"><img src="https://m.media-amazon.com/images/I/51jbKA5l0CL._SL500_.jpg" alt="Product Image"></a><p>Southern Style Nuts Gourmet Hunter Mix, 23 Ounces, Sesame Sticks, Peanuts, Sunflower Kernels, Almonds, Cashews, and Pepitas</p><p>$7.92 ($0.34 / Ounce)</p><a href="https://www.amazon.com/dp/B07W7ZZJQB?tag=eloabder-20&linkCode=osi&th=1&psc=1">View Product</a></div><div class="product"><a href="https://www.amazon.com/dp/B089LJB5F5?tag=eloabder-20&linkCode=osi&th=1&psc=1"><img src="https://m.media-amazon.com/images/I/51kS4PKIyZL._SL500_.jpg" alt="Product Image"></a><p>Fisher Oven Roasted Never Fried Deluxe Mixed Nuts, 24 Ounces (Pack of 1), Almonds, Cashews, Pecans, Pistachios, Snacks for Adults, Made With Sea Salt, No Added Oil, Artificial Ingredients or Preservatives, Trail Mix, Gluten Free</p><p>$17.09 ($0.71 / Ounce)</p><a href="https://www.amazon.com/dp/B089LJB5F5?tag=eloabder-20&linkCode=osi&th=1&psc=1">View Product</a></div><div class="product"><a href="https://www.amazon.com/dp/B077HZW2FX?tag=eloabder-20&linkCode=osi&th=1&psc=1"><img src="https://m.media-amazon.com/images/I/51AQx+2kfEL._SL500_.jpg" alt="Product Image"></a><p>BetterBody Foods Superfood Organic Super Seeds - Blend of Organic Chia Seeds, Milled Flax Seed, Hemp Hearts, Add to Smoothies Shakes & More, 1lb, 16 oz</p><p>$10.66 ($0.67 / Ounce)</p><a href="https://www.amazon.com/dp/B077HZW2FX?tag=eloabder-20&linkCode=osi&th=1&psc=1">View Product</a></div><div class="product"><a href="https://www.amazon.com/dp/B00PPKSZO8?tag=eloabder-20&linkCode=osi&th=1&psc=1"><img src="https://m.media-amazon.com/images/I/41Q7alFU8RL._SL500_.jpg" alt="Product Image"></a><p>PLANTERS Unsalted Mixed Nuts, Cashews, Almonds, Hazelnuts, Pecans, Pistachios no Shell, Party Snacks, Plant-Based Protein, Quick Snack for Adults, After School Snack, Kosher, 2.16lb Container</p><p>$17.26 ($0.50 / Fl Oz)</p><a href="https://www.amazon.com/dp/B00PPKSZO8?tag=eloabder-20&linkCode=osi&th=1&psc=1">View Product</a></div><div class="product"><a href="https://www.amazon.com/dp/B0CHLKJ7JM?tag=eloabder-20&linkCode=osi&th=1&psc=1"><img src="https://m.media-amazon.com/images/I/51sXps1S2KL._SL500_.jpg" alt="Product Image"></a><p>KIND Seeds Fruit & Nuts Snack Bar, Orange Cranberry | 5g Protein, High Fiber, Gluten Free Bars, 1.4 OZ, 12 Count</p><p>$14.96 ($1.25 / Count)</p><a href="https://www.amazon.com/dp/B0CHLKJ7JM?tag=eloabder-20&linkCode=osi&th=1&psc=1">View Product</a></div><div class="product"><a href="https://www.amazon.com/dp/B0CHLD9ZKL?tag=eloabder-20&linkCode=osi&th=1&psc=1"><img src="https://m.media-amazon.com/images/I/51l78v8NL9L._SL500_.jpg" alt="Product Image"></a><p>KIND Seeds Fruit & Nuts Snack Bar, Strawberry Sunflower Seed | 5g Protein, High Fiber, Gluten Free Bars, 1.4 OZ, 12 Count</p><p>$13.58 ($1.13 / Count)</p><a href="https://www.amazon.com/dp/B0CHLD9ZKL?tag=eloabder-20&linkCode=osi&th=1&psc=1">View Product</a></div><div class="product"><a href="https://www.amazon.com/dp/B079WN7C3F?tag=eloabder-20&linkCode=osi&th=1&psc=1"><img src="https://m.media-amazon.com/images/I/41YqpED33FL._SL500_.jpg" alt="Product Image"></a><p>GERBS Raw Super 7 Seed Snack Trail Mix 1 LBS. | Top 14 Food Allergy Free | Resealable Bulk Bag | Made in USA | Raw Pumpkin | Sunflower | Brown & Golden Flax | Black & White Chia | Hemp | Gluten Free</p><p>$14.99 ($0.94 / Ounce)</p><a href="https://www.amazon.com/dp/B079WN7C3F?tag=eloabder-20&linkCode=osi&th=1&psc=1">View Product</a></div><div class="product"><a href="https://www.amazon.com/dp/B00CYK8DOE?tag=eloabder-20&linkCode=osi&th=1&psc=1"><img src="https://m.media-amazon.com/images/I/41hvbaCdz6L._SL500_.jpg" alt="Product Image"></a><p>Oh! Nuts Roasted Salted Pumpkin Seeds | Resealable 2LB Bulk Bag of Unshelled Pepitas | All-Natural Protein Power for Gluten-Free & Vegan Snacking | Fresh & Healthy Keto Snacks</p><p>$18.81 ($0.59 / Ounce)</p><a href="https://www.amazon.com/dp/B00CYK8DOE?tag=eloabder-20&linkCode=osi&th=1&psc=1">View Product</a></div>

<div class="product"><a href="https://www.amazon.com/dp/B08TTFGPS5?tag=eloabder-20&linkCode=osi&th=1&psc=1"><img src="https://m.media-amazon.com/images/I/51LP-kQBLAL._SL500_.jpg" alt="Product Image"></a><p>Pine River Cheese Spreads - Variety Pack 3 8oz. Sharp Cheddar-Garlic & Herb-Swiss (24oz)</p><p>$21.93 ($0.91 / Ounce)</p><a href="https://www.amazon.com/dp/B08TTFGPS5?tag=eloabder-20&linkCode=osi&th=1&psc=1">View Product</a></div><div class="product"><a href="https://www.amazon.com/dp/B09GW71DPQ?tag=eloabder-20&linkCode=osi&th=1&psc=1"><img src="https://m.media-amazon.com/images/I/41BpjCgQpKL._SL500_.jpg" alt="Product Image"></a><p>Port Wine Cheese Spread 8 Ounce (Pack of 4)</p><p>$26.10 ($0.82 / Ounce)</p><a href="https://www.amazon.com/dp/B09GW71DPQ?tag=eloabder-20&linkCode=osi&th=1&psc=1">View Product</a></div><div class="product"><a href="https://www.amazon.com/dp/B006G4NCT0?tag=eloabder-20&linkCode=osi&th=1&psc=1"><img src="https://m.media-amazon.com/images/I/41-Krj0PbcL._SL500_.jpg" alt="Product Image"></a><p>Sharp Cheddar Cheese Spread 8 Ounce (Pack of 4)</p><p>$25.90 ($1.08 / Ounce)</p><a href="https://www.amazon.com/dp/B006G4NCT0?tag=eloabder-20&linkCode=osi&th=1&psc=1">View Product</a></div><div class="product"><a href="https://www.amazon.com/dp/B09SM3L7LN?tag=eloabder-20&linkCode=osi&th=1&psc=1"><img src="https://m.media-amazon.com/images/I/417W7hKPcvL._SL500_.jpg" alt="Product Image"></a><p>Cheese Snack Spread Variety 4 Pack</p><p>$34.00 ($1.06 / Ounce)</p><a href="https://www.amazon.com/dp/B09SM3L7LN?tag=eloabder-20&linkCode=osi&th=1&psc=1">View Product</a></div>
<div class="product"><a href="https://www.amazon.com/dp/B08CNRQ2C6?tag=eloabder-20&linkCode=osi&th=1&psc=1"><img src="https://m.media-amazon.com/images/I/41ps--esahL._SL500_.jpg" alt="Product Image"></a><p>HOIST Premium Military Hydration Electrolyte Drink, Powerful IV-Level Hydration, Clinically Proven Performance Drink, Peach Mango, 16 Fl Oz (Pack of 12)</p><p>$29.99 ($0.16 / Fl Oz)</p><a href="https://www.amazon.com/dp/B08CNRQ2C6?tag=eloabder-20&linkCode=osi&th=1&psc=1">View Product</a></div><div class="product"><a href="https://www.amazon.com/dp/B082BG3XYZ?tag=eloabder-20&linkCode=osi&th=1&psc=1"><img src="https://m.media-amazon.com/images/I/51+XFCzX3zL._SL500_.jpg" alt="Product Image"></a><p>UPTIME – Blueberry Pomegranate - Zero Sugar (12 Pack), Premium Energy Drink, 12oz Bottles, Natural Caffeine, Sparkling, Natural Flavors, 5 Calories…</p><p>$28.99 ($0.20 / Fl Oz)</p><a href="https://www.amazon.com/dp/B082BG3XYZ?tag=eloabder-20&linkCode=osi&th=1&psc=1">View Product</a></div><div class="product"><a href="https://www.amazon.com/dp/B0BSP3R4JX?tag=eloabder-20&linkCode=osi&th=1&psc=1"><img src="https://m.media-amazon.com/images/I/41TvMVYbcjL._SL500_.jpg" alt="Product Image"></a><p>Barcode Premium Hydration Drink - No Added Sugars, Variety Pack (12 Pack) - Plant-Based Beverage - Adaptogen Drink with Electrolytes for Immunity & Performance</p><p>$29.88 ($0.15 / Fl Oz)</p><a href="https://www.amazon.com/dp/B0BSP3R4JX?tag=eloabder-20&linkCode=osi&th=1&psc=1">View Product</a></div><div class="product"><a href="https://www.amazon.com/dp/B0CYL4CCKM?tag=eloabder-20&linkCode=osi&th=1&psc=1"><img src="https://m.media-amazon.com/images/I/514q0PPV9+L._SL500_.jpg" alt="Product Image"></a><p>ProBaller Ultra Premium Energy Drink - Wild Berry ZERO</p><p>$35.99 ($0.20 / Fl Oz)</p><a href="https://www.amazon.com/dp/B0CYL4CCKM?tag=eloabder-20&linkCode=osi&th=1&psc=1">View Product</a></div><div class="product"><a href="https://www.amazon.com/dp/B0D2BKB2J3?tag=eloabder-20&linkCode=osi&th=1&psc=1"><img src="https://m.media-amazon.com/images/I/41MbnJUx3LL._SL500_.jpg" alt="Product Image"></a><p>ProBaller Ultra Premium Energy Drink - Sugar Free</p><p>$35.99 ($0.20 / Fl Oz)</p><a href="https://www.amazon.com/dp/B0D2BKB2J3?tag=eloabder-20&linkCode=osi&th=1&psc=1">View Product</a></div><div class="product"><a href="https://www.amazon.com/dp/B0CYJXMRKS?tag=eloabder-20&linkCode=osi&th=1&psc=1"><img src="https://m.media-amazon.com/images/I/41gt6X6dVdL._SL500_.jpg" alt="Product Image"></a><p>Joggy Clean Energy Drink - 4-Pack Tart Cherry & Hibiscus - 150mg Organic Guayusa Caffeine - Zero Added Sugar, Vegan, Plant-Based, Natural Healthy Boost, Premium Beverage</p><p>$13.99 ($0.44 / Fl Oz)</p><a href="https://www.amazon.com/dp/B0CYJXMRKS?tag=eloabder-20&linkCode=osi&th=1&psc=1">View Product</a></div><div class="product"><a href="https://www.amazon.com/dp/B081QCCN21?tag=eloabder-20&linkCode=osi&th=1&psc=1"><img src="https://m.media-amazon.com/images/I/61k-oHxeO2L._SL500_.jpg" alt="Product Image"></a><p>Hawaiian Sun Premium Tropical Juice Drink Party Bundle of 10 Assorted Flavors (24 Cans Total)</p><p>$44.95 ($0.16 / Fl Oz )</p><a href="https://www.amazon.com/dp/B081QCCN21?tag=eloabder-20&linkCode=osi&th=1&psc=1">View Product</a></div><div class="product"><a href="https://www.amazon.com/dp/B0CCHW3Q8Q?tag=eloabder-20&linkCode=osi&th=1&psc=1"><img src="https://m.media-amazon.com/images/I/414+SPv3c5L._SL500_.jpg" alt="Product Image"></a><p>Camp Craft Cocktail Mix - Flo'rita | Premium Drink Mixer Infusion Kit with Dehydrated Fruit, Herbs and Vegan Sugar | 16 oz Glass Jar Mixer for Cocktails, Margaritas, and Mocktails - Serves 8</p><p>$25.00 ($1.56 / Fl Oz)</p><a href="https://www.amazon.com/dp/B0CCHW3Q8Q?tag=eloabder-20&linkCode=osi&th=1&psc=1">View Product</a></div><div class="product"><a href="https://www.amazon.com/dp/B0CVQN2NBB?tag=eloabder-20&linkCode=osi&th=1&psc=1"><img src="https://m.media-amazon.com/images/I/51bpS7Tlj2L._SL500_.jpg" alt="Product Image"></a><p>Starbucks Cold Brew Coffee, Vanilla Sweet Cream, 11 fl oz Cans (12 Pack), Premium Coffee Drink, Iced Coffee</p><p>$39.39 ($0.30 / Fl Oz)</p><a href="https://www.amazon.com/dp/B0CVQN2NBB?tag=eloabder-20&linkCode=osi&th=1&psc=1">View Product</a></div>
<div class="product"><a href="https://www.amazon.com/dp/B08PW3LK4T?tag=eloabder-20&linkCode=osi&th=1&psc=1"><img src="https://m.media-amazon.com/images/I/41TLoWBkNWL._SL500_.jpg" alt="Product Image"></a><p>Classic Ginger Beer, Regatta Craft Mixers, All-Natural Ingredients, Non-GMO, 7.5oz, Case of 24 Sleek Cans</p><p>$29.98 ($0.17 / Fl Oz)</p><a href="https://www.amazon.com/dp/B08PW3LK4T?tag=eloabder-20&linkCode=osi&th=1&psc=1">View Product</a></div><div class="product"><a href="https://www.amazon.com/dp/B08KTP2999?tag=eloabder-20&linkCode=osi&th=1&psc=1"><img src="https://m.media-amazon.com/images/I/41tC0pFgGtL._SL500_.jpg" alt="Product Image"></a><p>ABC Crafted Series Beer Making Kit | Beer Making Ingredients for Home Brewing | Yields 6 Gallons of Beer | Brown Ale</p><p>$25.00</p><a href="https://www.amazon.com/dp/B08KTP2999?tag=eloabder-20&linkCode=osi&th=1&psc=1">View Product</a></div><div class="product"><a href="https://www.amazon.com/dp/B01KSD9JKU?tag=eloabder-20&linkCode=osi&th=1&psc=1"><img src="https://m.media-amazon.com/images/I/517aGsVY9qL._SL500_.jpg" alt="Product Image"></a><p>Beer-infused Hot Sauce Variety 3-pack (Includes Asian Sriracha, Garlic Serrano, & Roasty Chipotle) - Craft Beer Gift, Hot Sauce Gift Set, Beer Sauce, BBQ Sauce, Beer Lover, Grill + Man Cave</p><p>$27.99 ($1.87 / Fl Oz)</p><a href="https://www.amazon.com/dp/B01KSD9JKU?tag=eloabder-20&linkCode=osi&th=1&psc=1">View Product</a></div><div class="product"><a href="https://www.amazon.com/dp/B0C9KKG6C6?tag=eloabder-20&linkCode=osi&th=1&psc=1"><img src="https://m.media-amazon.com/images/I/41Rxjjlu5+L._SL500_.jpg" alt="Product Image"></a><p>Plochman, Craft Beer Mustard (Brickstone), 11 oz, Blended Mustard</p><p>$6.99 ($0.64 / Ounce)</p><a href="https://www.amazon.com/dp/B0C9KKG6C6?tag=eloabder-20&linkCode=osi&th=1&psc=1">View Product</a></div><div class="product"><a href="https://www.amazon.com/dp/B01692UXRW?tag=eloabder-20&linkCode=osi&th=1&psc=1"><img src="https://m.media-amazon.com/images/I/51qUU-Fjx5L._SL500_.jpg" alt="Product Image"></a><p>BREW CANDY | Hoppy IPA + Roasty Stout + Honey Ale | Great Craft Beer Gift for Beer Drinkers and Candy Lovers | Perfect for the Man Cave, Brewery, Office, or Home | MADE IN USA</p><p>$9.99 ($2.50 / Ounce)</p><a href="https://www.amazon.com/dp/B01692UXRW?tag=eloabder-20&linkCode=osi&th=1&psc=1">View Product</a></div><div class="product"><a href="https://www.amazon.com/dp/B07L1M2P57?tag=eloabder-20&linkCode=osi&th=1&psc=1"><img src="https://m.media-amazon.com/images/I/415wGhwZDvL._SL500_.jpg" alt="Product Image"></a><p>Unique Snacks Sourdough Craft Beer Pretzel Rings, Delicious Homestyle Baked Snack Bag, Vegan, OU Kosher, and Non-GMO Food, No Artificial Flavor, 11 Oz. Bag, Pack of 6</p><p>$24.99 ($0.38 / Ounce)</p><a href="https://www.amazon.com/dp/B07L1M2P57?tag=eloabder-20&linkCode=osi&th=1&psc=1">View Product</a></div>
<div class="product"><a href="https://www.amazon.com/dp/B0CD79R3QZ?tag=eloabder-20&linkCode=osi&th=1&psc=1"><img src="https://m.media-amazon.com/images/I/21X3VVYgpXL._SL500_.jpg" alt="Product Image"></a><p>French Bloom Le Blanc Alcohol-Free Sparkling Wine, 750ml - Certified Organic, Vegan, Halal, Low Calorie, Sulfite Free - Made with Fine Organic Wine, No Preservatives or Added Sugar</p><p>$41.00 ($1.61 / Fl Oz)</p><a href="https://www.amazon.com/dp/B0CD79R3QZ?tag=eloabder-20&linkCode=osi&th=1&psc=1">View Product</a></div><div class="product"><a href="https://www.amazon.com/dp/B0D6HWD369?tag=eloabder-20&linkCode=osi&th=1&psc=1"><img src="https://m.media-amazon.com/images/I/31U1YybAm5L._SL500_.jpg" alt="Product Image"></a><p>Saint Viviana Non-Alcoholic Sauvignon Blanc, Crisp Dry White Wine with Fresh Fruit Flavor & Floral Notes, Made in Washington State, 24.6 Fl Oz Bottle</p><p>$22.99 ($0.93 / Fl Oz)</p><a href="https://www.amazon.com/dp/B0D6HWD369?tag=eloabder-20&linkCode=osi&th=1&psc=1">View Product</a></div><div class="product"><a href="https://www.amazon.com/dp/B0D244C3VJ?tag=eloabder-20&linkCode=osi&th=1&psc=1"><img src="https://m.media-amazon.com/images/I/416UnLmeDPL._SL500_.jpg" alt="Product Image"></a><p>Monari Marsala Fine Wine PDO Glaze| 9 Ounce, Pack of 6</p><p>$37.99 ($6.33 / Count)</p><a href="https://www.amazon.com/dp/B0D244C3VJ?tag=eloabder-20&linkCode=osi&th=1&psc=1">View Product</a></div><div class="product"><a href="https://www.amazon.com/dp/B0054KSA5I?tag=eloabder-20&linkCode=osi&th=1&psc=1"><img src="https://m.media-amazon.com/images/I/41Dk7Gmm5xL._SL500_.jpg" alt="Product Image"></a><p>Regina Fine Red Wine Vinegar, 12 Fl Oz</p><p>$12.94 ($1.08 / Fl Oz)</p><a href="https://www.amazon.com/dp/B0054KSA5I?tag=eloabder-20&linkCode=osi&th=1&psc=1">View Product</a></div><div class="product"><a href="https://www.amazon.com/dp/B0CC6JY2CM?tag=eloabder-20&linkCode=osi&th=1&psc=1"><img src="https://m.media-amazon.com/images/I/31FVY0Kg2cL._SL500_.jpg" alt="Product Image"></a><p>ST. REGIS Cabernet Sauvignon 25.4 Fl Oz (1 Pack) - Low Calorie and Sugar - Fruity & Spicy Rich Flavor from North of Spain Vineyards</p><p>$17.95 ($0.71 / Fl Oz)</p><a href="https://www.amazon.com/dp/B0CC6JY2CM?tag=eloabder-20&linkCode=osi&th=1&psc=1">View Product</a></div><div class="product"><a href="https://www.amazon.com/dp/B0CLYLY93H?tag=eloabder-20&linkCode=osi&th=1&psc=1"><img src="https://m.media-amazon.com/images/I/31cSVgLe1sL._SL500_.jpg" alt="Product Image"></a><p>Chateau del ISH Sparkling Rosé | Award-Winning Non-Alcoholic Sparkling Wine | De-Alcoholized Blend of Merlot & Pinot Noir Grapes | Only 9 grams of Sugar | 45 Calories per Serving | 750 ml Bottle</p><p>$23.99 ($0.94 / Fl Oz)</p><a href="https://www.amazon.com/dp/B0CLYLY93H?tag=eloabder-20&linkCode=osi&th=1&psc=1">View Product</a></div><div class="product"><a href="https://www.amazon.com/dp/B00075WK10?tag=eloabder-20&linkCode=osi&th=1&psc=1"><img src="https://m.media-amazon.com/images/I/41wn5BC9e3L._SL500_.jpg" alt="Product Image"></a><p>Mantova Italian White Wine Vinegar 17 oz (Pack of 2). Made with traditional methods and aged in fine wood casks, it retains the flavor of the wine, accented by the crisp character of the vinegar.</p><p>$12.97 ($7.21 / Fl Oz)</p><a href="https://www.amazon.com/dp/B00075WK10?tag=eloabder-20&linkCode=osi&th=1&psc=1">View Product</a></div><div class="product"><a href="https://www.amazon.com/dp/B0B6Y4LGT8?tag=eloabder-20&linkCode=osi&th=1&psc=1"><img src="https://m.media-amazon.com/images/I/31DYvJX17cL._SL500_.jpg" alt="Product Image"></a><p>Wander + Found Non-Alcoholic Wine, Pinot Noir, Award Winning Red Wine from Germany, Non-GMO Dealcoholized Wine, 750 ml (1 Bottle)</p><p>$25.99 ($1.02 / Fl Oz)</p><a href="https://www.amazon.com/dp/B0B6Y4LGT8?tag=eloabder-20&linkCode=osi&th=1&psc=1">View Product</a></div><div class="product"><a href="https://www.amazon.com/dp/B08FBLJFL3?tag=eloabder-20&linkCode=osi&th=1&psc=1"><img src="https://m.media-amazon.com/images/I/31xcotQJiQL._SL500_.jpg" alt="Product Image"></a><p>Lussory Organic Merlot Dealcoholized 0.0% Non-Alcoholic Red From Spain, Low Calories, Organic, Vegan (750ml, 1 Bottle)</p><p>$27.99 ($1.10 / Fl Oz)</p><a href="https://www.amazon.com/dp/B08FBLJFL3?tag=eloabder-20&linkCode=osi&th=1&psc=1">View Product</a></div>
<div class="product"><a href="https://www.amazon.com/dp/B08RD41V4Y?tag=eloabder-20&linkCode=osi&th=1&psc=1"><img src="https://m.media-amazon.com/images/I/41Ctrzm6OdL._SL500_.jpg" alt="Product Image"></a><p>Pure Organic Layered Fruit Bars Variety Pack 28 count (Pack of 1).</p><p>$13.99 ($0.40 / Ounce)</p><a href="https://www.amazon.com/dp/B08RD41V4Y?tag=eloabder-20&linkCode=osi&th=1&psc=1">View Product</a></div><div class="product"><a href="https://www.amazon.com/dp/B06X6JR48M?tag=eloabder-20&linkCode=osi&th=1&psc=1"><img src="https://m.media-amazon.com/images/I/51QhYDgoJFL._SL500_.jpg" alt="Product Image"></a><p>Nature's Garden Organic Trail Mix Snack Packs, Multi Pack 1.2 oz - Pack of 24 (Total 28.8 oz)</p><p>$14.89 ($0.52 / Ounce)</p><a href="https://www.amazon.com/dp/B06X6JR48M?tag=eloabder-20&linkCode=osi&th=1&psc=1">View Product</a></div><div class="product"><a href="https://www.amazon.com/dp/B0BQTL31PR?tag=eloabder-20&linkCode=osi&th=1&psc=1"><img src="https://m.media-amazon.com/images/I/512GxWL1ejL._SL500_.jpg" alt="Product Image"></a><p>Annie's Organic Birthday Cake Bunny Grahams and Cheddar Bunnies Snack Pack 36 Count, 36 oz</p><p>$16.99 ($0.47 / Ounce)</p><a href="https://www.amazon.com/dp/B0BQTL31PR?tag=eloabder-20&linkCode=osi&th=1&psc=1">View Product</a></div><div class="product"><a href="https://www.amazon.com/dp/B0C17SW6V1?tag=eloabder-20&linkCode=osi&th=1&psc=1"><img src="https://m.media-amazon.com/images/I/51JwHhUMp-L._SL500_.jpg" alt="Product Image"></a><p>Annie's Organic Bunny Fruit Snacks, Variety Pack, Gluten Free, 22 ct, 15.4 oz</p><p>$9.98 ($0.45 / Count)</p><a href="https://www.amazon.com/dp/B0C17SW6V1?tag=eloabder-20&linkCode=osi&th=1&psc=1">View Product</a></div><div class="product"><a href="https://www.amazon.com/dp/B079LY41VY?tag=eloabder-20&linkCode=osi&th=1&psc=1"><img src="https://m.media-amazon.com/images/I/51hNBmR-vOL._SL500_.jpg" alt="Product Image"></a><p>MadeGood Healthy Snacks Variety Pack (40 Count) Organic Assortment of Granola Bars, Granola Mini and Crispy Squares; Individually Wrapped Snacks</p><p>$29.99</p><a href="https://www.amazon.com/dp/B079LY41VY?tag=eloabder-20&linkCode=osi&th=1&psc=1">View Product</a></div><div class="product"><a href="https://www.amazon.com/dp/B0B88WYZVC?tag=eloabder-20&linkCode=osi&th=1&psc=1"><img src="https://m.media-amazon.com/images/I/41jnzaqqPlL._SL500_.jpg" alt="Product Image"></a><p>YumEarth Organic Fruit Snacks Box, 0.7 Ounce (Pack of 10)</p><p>$6.49 ($0.93 / Ounce)</p><a href="https://www.amazon.com/dp/B0B88WYZVC?tag=eloabder-20&linkCode=osi&th=1&psc=1">View Product</a></div><div class="product"><a href="https://www.amazon.com/dp/B087HBLXSM?tag=eloabder-20&linkCode=osi&th=1&psc=1"><img src="https://m.media-amazon.com/images/I/4103I3BvCSL._SL500_.jpg" alt="Product Image"></a><p>Tropical Fields Organic Crispy Coconut Rolls, 11 Oz</p><p>$9.94 ($0.90 / Ounce)</p><a href="https://www.amazon.com/dp/B087HBLXSM?tag=eloabder-20&linkCode=osi&th=1&psc=1">View Product</a></div><div class="product"><a href="https://www.amazon.com/dp/B08L4XZBS1?tag=eloabder-20&linkCode=osi&th=1&psc=1"><img src="https://m.media-amazon.com/images/I/51IN3a2zpZL._SL500_.jpg" alt="Product Image"></a><p>Annie's Organic Fruit Peel-A-Parts Fruit Snacks, Strawberry and Fruit Punch, 12 packs, 6.7 oz.</p><p>$9.99 ($0.83 / Count)</p><a href="https://www.amazon.com/dp/B08L4XZBS1?tag=eloabder-20&linkCode=osi&th=1&psc=1">View Product</a></div><div class="product"><a href="https://www.amazon.com/dp/B088PRVMXL?tag=eloabder-20&linkCode=osi&th=1&psc=1"><img src="https://m.media-amazon.com/images/I/51Lye-KMCNL._SL500_.jpg" alt="Product Image"></a><p>Gimme Seaweed - Sea Salt & Avocado Oil - 20 Count - Organic Roasted Seaweed Sheets - Keto, Vegan, Gluten Free - Great Source of Iodine & Omega 3’s - Healthy On-The-Go Snack for Kids & Adults</p><p>$14.43 ($4.51 / Ounce)</p><a href="https://www.amazon.com/dp/B088PRVMXL?tag=eloabder-20&linkCode=osi&th=1&psc=1">View Product</a></div><div class="product"><a href="https://www.amazon.com/dp/B0792LF5DZ?tag=eloabder-20&linkCode=osi&th=1&psc=1"><img src="https://m.media-amazon.com/images/I/51Ogpal4rKL._SL500_.jpg" alt="Product Image"></a><p>Simply, Variety Pack Snacks, 0.875 Ounce (Pack of 36)</p><p>$22.43 ($0.71 / Ounce)</p><a href="https://www.amazon.com/dp/B0792LF5DZ?tag=eloabder-20&linkCode=osi&th=1&psc=1">View Product</a></div>
<div class="product"><a href="https://www.amazon.com/dp/B07D83162X?tag=eloabder-20&linkCode=osi&th=1&psc=1"><img src="https://m.media-amazon.com/images/I/515OpZM7eUL._SL500_.jpg" alt="Product Image"></a><p>CLIF BAR - Energy Bars - Variety Pack - Made with Organic Oats - 9-11g Protein - Non-GMO - Plant Based - 2.4 oz. (16 Count)</p><p>$25.98 ($0.68 / Ounce)</p><a href="https://www.amazon.com/dp/B07D83162X?tag=eloabder-20&linkCode=osi&th=1&psc=1">View Product</a></div><div class="product"><a href="https://www.amazon.com/dp/B0CXQ6QP2B?tag=eloabder-20&linkCode=osi&th=1&psc=1"><img src="https://m.media-amazon.com/images/I/41zGg7iGu+L._SL500_.jpg" alt="Product Image"></a><p>CLIF BAR - Crunchy Peanut Butter - Made with Organic Oats - 11g Protein - Non-GMO - Plant Based - Energy Bars - 2.4 oz. (15 Pack)</p><p>$17.24 ($0.48 / Ounce)</p><a href="https://www.amazon.com/dp/B0CXQ6QP2B?tag=eloabder-20&linkCode=osi&th=1&psc=1">View Product</a></div><div class="product"><a href="https://www.amazon.com/dp/B00GJ82VK4?tag=eloabder-20&linkCode=osi&th=1&psc=1"><img src="https://m.media-amazon.com/images/I/51j2KOV9-+L._SL500_.jpg" alt="Product Image"></a><p>Pure Protein Bars, High Protein, Nutritious Snacks to Support Energy, Low Sugar, Gluten Free, Chocolate Peanut Butter, 1.76oz, 12 Count (Packaging May Vary)</p><p>$15.55 ($0.73 / Ounce)</p><a href="https://www.amazon.com/dp/B00GJ82VK4?tag=eloabder-20&linkCode=osi&th=1&psc=1">View Product</a></div><div class="product"><a href="https://www.amazon.com/dp/B084R2FJVV?tag=eloabder-20&linkCode=osi&th=1&psc=1"><img src="https://m.media-amazon.com/images/I/51mGjMQ-PjL._SL500_.jpg" alt="Product Image"></a><p>KIND Energy Bars, Chocolate Chunk, Healthy Snacks, Gluten Free, 30 Count</p><p>$35.45 ($0.56 / Ounce)</p><a href="https://www.amazon.com/dp/B084R2FJVV?tag=eloabder-20&linkCode=osi&th=1&psc=1">View Product</a></div><div class="product"><a href="https://www.amazon.com/dp/B0BHMRSNWX?tag=eloabder-20&linkCode=osi&th=1&psc=1"><img src="https://m.media-amazon.com/images/I/51mha5Z8vAL._SL500_.jpg" alt="Product Image"></a><p>Verb Energy - Variety Pack Caffeinated Snack Bars - 110-Calorie Low Sugar Energy Bar - Nutrition Bars - Vegan Snacks - Gluten Free Breakfast Bars with Organic Green Tea, 26g (Pack of 16)</p><p>$28.95 ($1.97 / Ounce)</p><a href="https://www.amazon.com/dp/B0BHMRSNWX?tag=eloabder-20&linkCode=osi&th=1&psc=1">View Product</a></div><div class="product"><a href="https://www.amazon.com/dp/B08939X5HL?tag=eloabder-20&linkCode=osi&th=1&psc=1"><img src="https://m.media-amazon.com/images/I/51RKwNvJZiL._SL500_.jpg" alt="Product Image"></a><p>Nature Valley Chewy Fruit and Nut Granola Bars, Trail Mix, 1.2 oz, 15 ct</p><p>$6.24 ($0.35 / Ounce)</p><a href="https://www.amazon.com/dp/B08939X5HL?tag=eloabder-20&linkCode=osi&th=1&psc=1">View Product</a></div><div class="product"><a href="https://www.amazon.com/dp/B004XEDS5I?tag=eloabder-20&linkCode=osi&th=1&psc=1"><img src="https://m.media-amazon.com/images/I/51dc89OLXjL._SL500_.jpg" alt="Product Image"></a><p>CLIF BAR - Chocolate Chip - Made with Organic Oats - Non-GMO - Plant Based - Energy Bars - 2.4 oz. (12 Pack)</p><p>$15.17 ($0.53 / Ounce)</p><a href="https://www.amazon.com/dp/B004XEDS5I?tag=eloabder-20&linkCode=osi&th=1&psc=1">View Product</a></div><div class="product"><a href="https://www.amazon.com/dp/B07HHK51J9?tag=eloabder-20&linkCode=osi&th=1&psc=1"><img src="https://m.media-amazon.com/images/I/41h0pofx49L._SL500_.jpg" alt="Product Image"></a><p>Quantum Energy Square: Energy Bar with Caffeine & 10g Protein. Delicious Healthy Snack On The Go. (Vegan, Gluten-free, Soy-free, Dairy-free). Flavor: Variety 8Pk</p><p>$19.95 ($1.48 / Ounce)</p><a href="https://www.amazon.com/dp/B07HHK51J9?tag=eloabder-20&linkCode=osi&th=1&psc=1">View Product</a></div><div class="product"><a href="https://www.amazon.com/dp/B0BY3NL6N3?tag=eloabder-20&linkCode=osi&th=1&psc=1"><img src="https://m.media-amazon.com/images/I/61a84haNQXL._SL500_.jpg" alt="Product Image"></a><p>Atkins Soft Baked Energy Bars, Blueberry, 15g Protein,2g Sugar, Excellent Source of Fiber, Low Carb, 4 Packs (5 Bars Each)</p><p>$40.00 ($2.00 / Count)</p><a href="https://www.amazon.com/dp/B0BY3NL6N3?tag=eloabder-20&linkCode=osi&th=1&psc=1">View Product</a></div><div class="product"><a href="https://www.amazon.com/dp/B0767X1YGZ?tag=eloabder-20&linkCode=osi&th=1&psc=1"><img src="https://m.media-amazon.com/images/I/41wLM+HSd7L._SL500_.jpg" alt="Product Image"></a><p>SKRATCH LABS Energy Bar | Cherry + Pistachio (12 pack) | Plant Based Healthy Snack | Low Sugar - 5g Protein | non-gmo, gluten free, soy free, vegan, kosher</p><p>$29.95 ($1.41 / Ounce)</p><a href="https://www.amazon.com/dp/B0767X1YGZ?tag=eloabder-20&linkCode=osi&th=1&psc=1">View Product</a></div>
<div class="product"><a href="https://www.amazon.com/dp/B00819SSGK?tag=eloabder-20&linkCode=osi&th=1&psc=1"><img src="https://m.media-amazon.com/images/I/51OoPlQlUFL._SL500_.jpg" alt="Product Image"></a><p>Orville Redenbacher's Original Gourmet Popping Corn Kernels, 8 lb.</p><p>$13.28 ($0.10 / Ounce)</p><a href="https://www.amazon.com/dp/B00819SSGK?tag=eloabder-20&linkCode=osi&th=1&psc=1">View Product</a></div><div class="product"><a href="https://www.amazon.com/dp/B0C8QMKF7K?tag=eloabder-20&linkCode=osi&th=1&psc=1"><img src="https://m.media-amazon.com/images/I/41Q1zRw163L._SL500_.jpg" alt="Product Image"></a><p>Extra Buttery Caramel Gourmet Popcorn | 6 Cups Total | Made From Scratch, Made in USA, & GMO-Free | Great as a Snack, Gift, Thank You, & Movie Night - (10.8oz Total)</p><p>$8.99 ($0.83 / Ounce)</p><a href="https://www.amazon.com/dp/B0C8QMKF7K?tag=eloabder-20&linkCode=osi&th=1&psc=1">View Product</a></div><div class="product"><a href="https://www.amazon.com/dp/B0CKLW62T5?tag=eloabder-20&linkCode=osi&th=1&psc=1"><img src="https://m.media-amazon.com/images/I/51UzqTDjfaL._SL500_.jpg" alt="Product Image"></a><p>Garrett Popcorn Garrett Mix, 6.0oz, 4 Bags, Cheese and Caramel Gourmet Popcorn, Gluten Free, Sweet and Salty Snack, Popped Popcorn Bags</p><p>$24.95 ($1.04 / Ounce)</p><a href="https://www.amazon.com/dp/B0CKLW62T5?tag=eloabder-20&linkCode=osi&th=1&psc=1">View Product</a></div><div class="product"><a href="https://www.amazon.com/dp/B07JN5467R?tag=eloabder-20&linkCode=osi&th=1&psc=1"><img src="https://m.media-amazon.com/images/I/51vsJLZ79WL._SL500_.jpg" alt="Product Image"></a><p>Urban Accents MOVIE NIGHT Popcorn Kernels and Popcorn Seasoning Variety Pack (set of 8) - 3 Non-GMO Popcorn Kernel Packs and 5 Gourmet Popcorn Snack Seasoning</p><p>$22.00 ($1.01 / Ounce)</p><a href="https://www.amazon.com/dp/B07JN5467R?tag=eloabder-20&linkCode=osi&th=1&psc=1">View Product</a></div><div class="product"><a href="https://www.amazon.com/dp/B0C9592XTW?tag=eloabder-20&linkCode=osi&th=1&psc=1"><img src="https://m.media-amazon.com/images/I/41DvOymNLML._SL500_.jpg" alt="Product Image"></a><p>Funky Chunky Gourmet Popcorn, Chocolatey Popcorn, Pretzel, and Nutty Mixes, Peanut Butter Cup Popcorn, 19-Ounce Large Bag (Pack of 1)</p><p>$15.00 ($0.79 / Ounce)</p><a href="https://www.amazon.com/dp/B0C9592XTW?tag=eloabder-20&linkCode=osi&th=1&psc=1">View Product</a></div><div class="product"><a href="https://www.amazon.com/dp/B0D3FH1GW4?tag=eloabder-20&linkCode=osi&th=1&psc=1"><img src="https://m.media-amazon.com/images/I/51hBtOn2I4L._SL500_.jpg" alt="Product Image"></a><p>Garrett Popcorn Garrett Mix, 1.9oz, 12 Bags, Cheese and Caramel Gourmet Popcorn, Gluten Free, Sweet and Salty Snack Bags, Popped Popcorn Bags, Multipack</p><p>$29.95 ($1.31 / Ounce)</p><a href="https://www.amazon.com/dp/B0D3FH1GW4?tag=eloabder-20&linkCode=osi&th=1&psc=1">View Product</a></div><div class="product"><a href="https://www.amazon.com/dp/B00Q0PWE7Q?tag=eloabder-20&linkCode=osi&th=1&psc=1"><img src="https://m.media-amazon.com/images/I/51jM1d0eF8L._SL500_.jpg" alt="Product Image"></a><p>Popcornopolis Gourmet Caramel Corn Popcorn, Popped Popcorn Snack Bags 9.5 Oz</p><p>$8.99 ($0.95 / Ounce)</p><a href="https://www.amazon.com/dp/B00Q0PWE7Q?tag=eloabder-20&linkCode=osi&th=1&psc=1">View Product</a></div><div class="product"><a href="https://www.amazon.com/dp/B00D2H6LOW?tag=eloabder-20&linkCode=osi&th=1&psc=1"><img src="https://m.media-amazon.com/images/I/41iePRgsY5L._SL500_.jpg" alt="Product Image"></a><p>Thatcher's Gourmet Specialties Fruit Medley, 8 Oz (Pack of 1)</p><p>$6.25 ($0.78 / Ounce)</p><a href="https://www.amazon.com/dp/B00D2H6LOW?tag=eloabder-20&linkCode=osi&th=1&psc=1">View Product</a></div>
<div class="product"><a href="https://www.amazon.com/dp/B07ZXN7LPC?tag=eloabder-20&linkCode=osi&th=1&psc=1"><img src="https://m.media-amazon.com/images/I/51YkD3V1JyL._SL500_.jpg" alt="Product Image"></a><p>Mantova Organic Italian Specialty Pasta, Caserecce (2 packs of 1 lb. each) - Artisan Pasta, Non-GMO, Vegan, Kosher Certified, and Imported From Italy, Premium Quality</p><p>$12.99 ($0.41 / Ounce)</p><a href="https://www.amazon.com/dp/B07ZXN7LPC?tag=eloabder-20&linkCode=osi&th=1&psc=1">View Product</a></div><div class="product"><a href="https://www.amazon.com/dp/B01F2Z8ZOU?tag=eloabder-20&linkCode=osi&th=1&psc=1"><img src="https://m.media-amazon.com/images/I/51MK8iWLCgL._SL500_.jpg" alt="Product Image"></a><p>Mantova Organic Italian Specialty Pasta, Lumaconi, 1 lb (Pack of 2)</p><p>$13.99 ($0.87 / Ounce)</p><a href="https://www.amazon.com/dp/B01F2Z8ZOU?tag=eloabder-20&linkCode=osi&th=1&psc=1">View Product</a></div><div class="product"><a href="https://www.amazon.com/dp/B004N5HA6A?tag=eloabder-20&linkCode=osi&th=1&psc=1"><img src="https://m.media-amazon.com/images/I/517oR0RhHgL._SL500_.jpg" alt="Product Image"></a><p>Morelli Gourmet Pasta Italian Gift Basket From Italy - Tricolor Pasta Linguine Set - Red Chili, Garlic & Basil, and Lemon Pasta - Tricolored Organic Pasta from Italy, Made in Italy (3x 8.8 Ounce)</p><p>$31.99 ($1.21 / Ounce)</p><a href="https://www.amazon.com/dp/B004N5HA6A?tag=eloabder-20&linkCode=osi&th=1&psc=1">View Product</a></div><div class="product"><a href="https://www.amazon.com/dp/B00I8R5HSW?tag=eloabder-20&linkCode=osi&th=1&psc=1"><img src="https://m.media-amazon.com/images/I/41miThBoNtL._SL500_.jpg" alt="Product Image"></a><p>Mafaldine Italian Pasta di Gragnano | I.G.P. Protected | USDA Certified Organic | 17.6 Ounce | 500 Gram</p><p>$12.95 ($0.73 / Ounce)</p><a href="https://www.amazon.com/dp/B00I8R5HSW?tag=eloabder-20&linkCode=osi&th=1&psc=1">View Product</a></div><div class="product"><a href="https://www.amazon.com/dp/B0B1469JM5?tag=eloabder-20&linkCode=osi&th=1&psc=1"><img src="https://m.media-amazon.com/images/I/51spzGwiJ9L._SL500_.jpg" alt="Product Image"></a><p>Morelli Busiate, Pici, and Bucatini Organic Pasta Variety Pack - Imported Italian Pasta Sampler - Specialty Assortment Includes Three-17.6 oz Packages of Gourmet Pasta from Italy</p><p>$39.99 ($0.76 / Ounce)</p><a href="https://www.amazon.com/dp/B0B1469JM5?tag=eloabder-20&linkCode=osi&th=1&psc=1">View Product</a></div><div class="product"><a href="https://www.amazon.com/dp/B083X2P94L?tag=eloabder-20&linkCode=osi&th=1&psc=1"><img src="https://m.media-amazon.com/images/I/51APpkv+ImL._SL500_.jpg" alt="Product Image"></a><p>Pasta Deliziosa! Handcrafted Pasta Variety Pack, All Flavors, 12 Ounce (Pack of 6)</p><p>$38.99 ($3.25 / Ounce)</p><a href="https://www.amazon.com/dp/B083X2P94L?tag=eloabder-20&linkCode=osi&th=1&psc=1">View Product</a></div><div class="product"><a href="https://www.amazon.com/dp/B0793LPXRN?tag=eloabder-20&linkCode=osi&th=1&psc=1"><img src="https://m.media-amazon.com/images/I/41zIY0jxDdL._SL500_.jpg" alt="Product Image"></a><p>La Molisana Pasta Anellini Siciliani, 16 oz</p><p>$6.95 ($0.43 / Ounce)</p><a href="https://www.amazon.com/dp/B0793LPXRN?tag=eloabder-20&linkCode=osi&th=1&psc=1">View Product</a></div><div class="product"><a href="https://www.amazon.com/dp/B006ODJEBS?tag=eloabder-20&linkCode=osi&th=1&psc=1"><img src="https://m.media-amazon.com/images/I/51x4T3SOw1L._SL500_.jpg" alt="Product Image"></a><p>La Molisana Pasta Fusilli Bucati Cort, 1 Pound (Pack of 1)</p><p>$7.99 ($0.05 / Ounce)</p><a href="https://www.amazon.com/dp/B006ODJEBS?tag=eloabder-20&linkCode=osi&th=1&psc=1">View Product</a></div><div class="product"><a href="https://www.amazon.com/dp/B0095F92HS?tag=eloabder-20&linkCode=osi&th=1&psc=1"><img src="https://m.media-amazon.com/images/I/51IXE-gW1gL._SL500_.jpg" alt="Product Image"></a><p>De Cecco Pasta, Egg Pappardelle, 8.8 Ounce</p><p>$2.50 ($0.28 / Ounce)</p><a href="https://www.amazon.com/dp/B0095F92HS?tag=eloabder-20&linkCode=osi&th=1&psc=1">View Product</a></div><div class="product"><a href="https://www.amazon.com/dp/B000LRH8AM?tag=eloabder-20&linkCode=osi&th=1&psc=1"><img src="https://m.media-amazon.com/images/I/517Gsx3xbQL._SL500_.jpg" alt="Product Image"></a><p>RiceSelect Tri-Color Orzo Rice-Shaped Pasta, Premium Spinach- and Tomato-Flavored Non-GMO Orzo Pasta, 32-Ounce Jar</p><p>$7.29 ($0.28 / Ounce)</p><a href="https://www.amazon.com/dp/B000LRH8AM?tag=eloabder-20&linkCode=osi&th=1&psc=1">View Product</a></div>
<div class="product"><a href="https://www.amazon.com/dp/B00LUK2TGC?tag=eloabder-20&linkCode=osi&th=1&psc=1"><img src="https://m.media-amazon.com/images/I/51-6ifc3VmL._SL500_.jpg" alt="Product Image"></a><p>The Gourmet Choice Gift Basket by Wine Country Gift Baskets</p><p>$83.35</p><a href="https://www.amazon.com/dp/B00LUK2TGC?tag=eloabder-20&linkCode=osi&th=1&psc=1">View Product</a></div><div class="product"><a href="https://www.amazon.com/dp/B009LHPJ1S?tag=eloabder-20&linkCode=osi&th=1&psc=1"><img src="https://m.media-amazon.com/images/I/51cf0AEkjgL._SL500_.jpg" alt="Product Image"></a><p>Wine Country Gift Baskets Gourmet Feast Perfect For Family, Friends, Co-Workers, Loved Ones and Clients</p><p>$59.95</p><a href="https://www.amazon.com/dp/B009LHPJ1S?tag=eloabder-20&linkCode=osi&th=1&psc=1">View Product</a></div><div class="product"><a href="https://www.amazon.com/dp/B004D9XYWU?tag=eloabder-20&linkCode=osi&th=1&psc=1"><img src="https://m.media-amazon.com/images/I/515H6eRSagL._SL500_.jpg" alt="Product Image"></a><p>A Gift Inside Chocolate, Caramel and Crunch Grand Gift Basket</p><p>$42.95</p><a href="https://www.amazon.com/dp/B004D9XYWU?tag=eloabder-20&linkCode=osi&th=1&psc=1">View Product</a></div><div class="product"><a href="https://www.amazon.com/dp/B00BY78O7Y?tag=eloabder-20&linkCode=osi&th=1&psc=1"><img src="https://m.media-amazon.com/images/I/51sFeewMqVL._SL500_.jpg" alt="Product Image"></a><p>The Bon Appetit Gourmet Gift Basket by Wine Country Gift Baskets Gift for Families College Students Appreciation Thank You Congratulations Get Well Soon Care Package</p><p>$49.95</p><a href="https://www.amazon.com/dp/B00BY78O7Y?tag=eloabder-20&linkCode=osi&th=1&psc=1">View Product</a></div><div class="product"><a href="https://www.amazon.com/dp/B07CHSN691?tag=eloabder-20&linkCode=osi&th=1&psc=1"><img src="https://m.media-amazon.com/images/I/51-Qvkf4yFL._SL500_.jpg" alt="Product Image"></a><p>Dried Fruit Gift Basket– Healthy Gourmet Snack Box - Holiday Food Tray - Variety Snacks - Birthday, Sympathy, Mom, Dad, Corporate Tray - Bonnie & Pop</p><p>$37.99</p><a href="https://www.amazon.com/dp/B07CHSN691?tag=eloabder-20&linkCode=osi&th=1&psc=1">View Product</a></div><div class="product"><a href="https://www.amazon.com/dp/B00FBGKCHE?tag=eloabder-20&linkCode=osi&th=1&psc=1"><img src="https://m.media-amazon.com/images/I/51anmoX7EkL._SL500_.jpg" alt="Product Image"></a><p>Broadway Basketeers Chocolate Gift Basket Snack Gifts for Women, Men, Families, College, Appreciation, Thank You, Birthday, Corporate, Get Well Soon, Sympathy Care Package</p><p>$48.70 ($48.70 / Count)</p><a href="https://www.amazon.com/dp/B00FBGKCHE?tag=eloabder-20&linkCode=osi&th=1&psc=1">View Product</a></div><div class="product"><a href="https://www.amazon.com/dp/B00BY78O60?tag=eloabder-20&linkCode=osi&th=1&psc=1"><img src="https://m.media-amazon.com/images/I/51vKfvc7JTL._SL500_.jpg" alt="Product Image"></a><p>Wine Country Gift Baskets The Connoisseur Gourmet Gift Basket Food Gift Basket for Families College Students Appreciation Thank You Congratulations Get Well Soon Care Package</p><p>$56.36</p><a href="https://www.amazon.com/dp/B00BY78O60?tag=eloabder-20&linkCode=osi&th=1&psc=1">View Product</a></div><div class="product"><a href="https://www.amazon.com/dp/B07FT598PM?tag=eloabder-20&linkCode=osi&th=1&psc=1"><img src="https://m.media-amazon.com/images/I/51OJVHYoRsL._SL500_.jpg" alt="Product Image"></a><p>Wine Country Gift Baskets Gourmet Deluxe Gift Basket</p><p>$99.95</p><a href="https://www.amazon.com/dp/B07FT598PM?tag=eloabder-20&linkCode=osi&th=1&psc=1">View Product</a></div>
<div class="product"><a href="https://www.amazon.com/dp/B0B5ZTZL6G?tag=eloabder-20&linkCode=osi&th=1&psc=1"><img src="https://m.media-amazon.com/images/I/51rZYLnRlVL._SL500_.jpg" alt="Product Image"></a><p>Reinmoson Tea Strainers for Loose Tea, Extra Fine Mesh Tea Infuser, 304 Stainless Steel & Updated Slim Threaded Lid, Loose Leaf Tea Steeper for Black Tea, Rooibos, etc</p><p>$9.99</p><a href="https://www.amazon.com/dp/B0B5ZTZL6G?tag=eloabder-20&linkCode=osi&th=1&psc=1">View Product</a></div><div class="product"><a href="https://www.amazon.com/dp/B00SBTK5KW?tag=eloabder-20&linkCode=osi&th=1&psc=1"><img src="https://m.media-amazon.com/images/I/414cqIbd9eL._SL500_.jpg" alt="Product Image"></a><p>Tea Forte Single Steeps Loose Leaf Lotus Tea Sampler, Assorted Variety Tea Box, Serve Pouches,15 Count (Pack of 1)</p><p>$18.00 ($9.33 / Ounce)</p><a href="https://www.amazon.com/dp/B00SBTK5KW?tag=eloabder-20&linkCode=osi&th=1&psc=1">View Product</a></div><div class="product"><a href="https://www.amazon.com/dp/B08VMR4MXN?tag=eloabder-20&linkCode=osi&th=1&psc=1"><img src="https://m.media-amazon.com/images/I/51qQv4-VV3L._SL500_.jpg" alt="Product Image"></a><p>Twinings Tea Sampler Set 12 Flavors Assortment 48 Assorted Tea Bags with 20 Honey Sticks for Tea, Straws and Naturally Caffeine Free Herbal Tea Set…</p><p>$22.96 ($22.96 / Count)</p><a href="https://www.amazon.com/dp/B08VMR4MXN?tag=eloabder-20&linkCode=osi&th=1&psc=1">View Product</a></div><div class="product"><a href="https://www.amazon.com/dp/B074T2FWJY?tag=eloabder-20&linkCode=osi&th=1&psc=1"><img src="https://m.media-amazon.com/images/I/41n1uoomGAL._SL500_.jpg" alt="Product Image"></a><p>10Pcs Heart Tea Infuser for Loose Leaf Tea Steeper - Tea Diffusers for Loose Tea Leaf Steeper Tea Strainers for Loose Tea Infuser Spoon - Tea Steeper for Loose Tea Strainer Heart Shaped Tea Infuser</p><p>$9.98 ($1.00 / Count)</p><a href="https://www.amazon.com/dp/B074T2FWJY?tag=eloabder-20&linkCode=osi&th=1&psc=1">View Product</a></div><div class="product"><a href="https://www.amazon.com/dp/B074L4MZRY?tag=eloabder-20&linkCode=osi&th=1&psc=1"><img src="https://m.media-amazon.com/images/I/418v4F8ZhkL._SL500_.jpg" alt="Product Image"></a><p>VAHDAM Perfect Measure Loose Leaf Tea Spoon | Premium Quality Stainless Steel Tea Scoop | Perfect Measuring Teaspoons To Brew 1 Cup Of Loose Leaf Tea & Matcha</p><p>$7.99</p><a href="https://www.amazon.com/dp/B074L4MZRY?tag=eloabder-20&linkCode=osi&th=1&psc=1">View Product</a></div><div class="product"><a href="https://www.amazon.com/dp/B09FF6P7BL?tag=eloabder-20&linkCode=osi&th=1&psc=1"><img src="https://m.media-amazon.com/images/I/41oGPC0w7ML._SL500_.jpg" alt="Product Image"></a><p>Cute Tea Infuser by OTOTO - Loose Leaf Tea Steeper, Tea Accessories, Tea Diffusers, Tea Infuser for Loose Leaf Tea, Tea Strainers, Cute Gifts, Tea Gift Set, Kitchen Gifts, Cooking Gadgets</p><p>$14.95</p><a href="https://www.amazon.com/dp/B09FF6P7BL?tag=eloabder-20&linkCode=osi&th=1&psc=1">View Product</a></div><div class="product"><a href="https://www.amazon.com/dp/B072XP4FQK?tag=eloabder-20&linkCode=osi&th=1&psc=1"><img src="https://m.media-amazon.com/images/I/31Lfv+7oU6L._SL500_.jpg" alt="Product Image"></a><p>Tea Infuser (Set of 2 Pyramid & Square) with Tea Scoop | Ultra Fine Tea Strainer for Loose Leaf Tea | Stainless Steel Tea Steeper for a Superior Brewing Experience</p><p>$9.99</p><a href="https://www.amazon.com/dp/B072XP4FQK?tag=eloabder-20&linkCode=osi&th=1&psc=1">View Product</a></div><div class="product"><a href="https://www.amazon.com/dp/B0D2SCT4C4?tag=eloabder-20&linkCode=osi&th=1&psc=1"><img src="https://m.media-amazon.com/images/I/51vJnfc4-JL._SL500_.jpg" alt="Product Image"></a><p>Organic Tea Gift Set with Portable Kettle - 36 Piece Tea Gifts for Tea Lovers - Includes Insulated Mug, Assorted Organic Teas, Honey Sticks & Tea Accessories - Ultimate Brewing Experience</p><p>$56.90</p><a href="https://www.amazon.com/dp/B0D2SCT4C4?tag=eloabder-20&linkCode=osi&th=1&psc=1">View Product</a></div>
<div class="product"><a href="https://www.amazon.com/dp/B01NAV05XS?tag=eloabder-20&linkCode=osi&th=1&psc=1"><img src="https://m.media-amazon.com/images/I/51xpd-egLaL._SL500_.jpg" alt="Product Image"></a><p>Torani Variety Pack Caramel, French Vanilla, Vanilla & Hazelnut, 25.4 Ounces (Pack of 4)</p><p>$35.99 ($0.35 / Fl Oz)</p><a href="https://www.amazon.com/dp/B01NAV05XS?tag=eloabder-20&linkCode=osi&th=1&psc=1">View Product</a></div><div class="product"><a href="https://www.amazon.com/dp/B084NVN1J6?tag=eloabder-20&linkCode=osi&th=1&psc=1"><img src="https://m.media-amazon.com/images/I/51Vz7p8hhyL._SL500_.jpg" alt="Product Image"></a><p>Bones Coffee Company Cookies 'N Dreams Coffee Beans, Cookies & Cream Flavor, Low Acid Flavored Coffee, Made with Arabica Coffee Beans, Medium Roast Gourmet Coffee (12 oz)</p><p>$17.99 ($1.50 / Ounce)</p><a href="https://www.amazon.com/dp/B084NVN1J6?tag=eloabder-20&linkCode=osi&th=1&psc=1">View Product</a></div><div class="product"><a href="https://www.amazon.com/dp/B0C2DHCBD6?tag=eloabder-20&linkCode=osi&th=1&psc=1"><img src="https://m.media-amazon.com/images/I/51wa33jmF7L._SL500_.jpg" alt="Product Image"></a><p>Torani Puremade Sauce Variety Pack, 4 Flavors, 16.5 Ounces Bottle (Set of 4)</p><p>$25.99 ($0.39 / Ounce)</p><a href="https://www.amazon.com/dp/B0C2DHCBD6?tag=eloabder-20&linkCode=osi&th=1&psc=1">View Product</a></div><div class="product"><a href="https://www.amazon.com/dp/B000S75D66?tag=eloabder-20&linkCode=osi&th=1&psc=1"><img src="https://m.media-amazon.com/images/I/41AZMaoxbWL._SL500_.jpg" alt="Product Image"></a><p>illy Ground Coffee Moka - 100% Arabica Flavored Coffee Ground - Rich Aromatic Coffee Grounds Profile – Classico Medium Roast - Notes of Caramel, Orange Blossom & Jasmine - No Preservatives – 8.8 Ounce</p><p>$13.85 ($1.57 / Ounce)</p><a href="https://www.amazon.com/dp/B000S75D66?tag=eloabder-20&linkCode=osi&th=1&psc=1">View Product</a></div><div class="product"><a href="https://www.amazon.com/dp/B0BBY6V5T3?tag=eloabder-20&linkCode=osi&th=1&psc=1"><img src="https://m.media-amazon.com/images/I/515wvEFTD7L._SL500_.jpg" alt="Product Image"></a><p>Bones Coffee Company NEW World Tour Sample Pack | Ground Coffee Beans Sampler Gift Box Set | 4 oz Pack of 5 Assorted Single-Origin Gourmet Coffee Gifts | Medium Roast Coffee Beverages (Ground)</p><p>$34.99 ($1.75 / Ounce)</p><a href="https://www.amazon.com/dp/B0BBY6V5T3?tag=eloabder-20&linkCode=osi&th=1&psc=1">View Product</a></div>

<div class="product"><a href="https://www.amazon.com/dp/B01E4C982U?tag=eloabder-20&linkCode=osi&th=1&psc=1"><img src="https://m.media-amazon.com/images/I/51nAunBrSiL._SL500_.jpg" alt="Product Image"></a><p>Green Tea leaves Sencha, JAS Certified Organic, Japanese Tea, Uji-Kyoto, 80g Bag 【YAMASAN】</p><p>$14.70 ($5.25 / Ounce)</p><a href="https://www.amazon.com/dp/B01E4C982U?tag=eloabder-20&linkCode=osi&th=1&psc=1">View Product</a></div><div class="product"><a href="https://www.amazon.com/dp/B000SARJF6?tag=eloabder-20&linkCode=osi&th=1&psc=1"><img src="https://m.media-amazon.com/images/I/51hE2hmSzuL._SL500_.jpg" alt="Product Image"></a><p>Davidson's Tea Bulk, English Breakfast, 16 Ounce</p><p>$15.99 ($1.00 / Ounce)</p><a href="https://www.amazon.com/dp/B000SARJF6?tag=eloabder-20&linkCode=osi&th=1&psc=1">View Product</a></div><div class="product"><a href="https://www.amazon.com/dp/B008FOLQRE?tag=eloabder-20&linkCode=osi&th=1&psc=1"><img src="https://m.media-amazon.com/images/I/51F0rcvhhvL._SL500_.jpg" alt="Product Image"></a><p>Traditional Medicinals Organic Raspberry Leaf Herbal Tea, Eases Menstrual Cramps & Supports Healthy Pregnancy, (Pack of 1) - 16 Tea Bags</p><p>$4.92 ($5.79 / Ounce)</p><a href="https://www.amazon.com/dp/B008FOLQRE?tag=eloabder-20&linkCode=osi&th=1&psc=1">View Product</a></div><div class="product"><a href="https://www.amazon.com/dp/B00136MKEO?tag=eloabder-20&linkCode=osi&th=1&psc=1"><img src="https://m.media-amazon.com/images/I/41Ll68Q3iLL._SL500_.jpg" alt="Product Image"></a><p>Ahmad Tea Earl Grey Aromatic Loose Tea, Ceylon Caddy, 17.6 Oz</p><p>$14.87 ($0.84 / Ounce)</p><a href="https://www.amazon.com/dp/B00136MKEO?tag=eloabder-20&linkCode=osi&th=1&psc=1">View Product</a></div><div class="product"><a href="https://www.amazon.com/dp/B087G3NQGN?tag=eloabder-20&linkCode=osi&th=1&psc=1"><img src="https://m.media-amazon.com/images/I/51wev+SayvL._SL500_.jpg" alt="Product Image"></a><p>TIAN HU SHAN Premium Green Tea Loose Leaf 16 Ounce (454g)</p><p>$14.98 ($0.94 / Ounce)</p><a href="https://www.amazon.com/dp/B087G3NQGN?tag=eloabder-20&linkCode=osi&th=1&psc=1">View Product</a></div><div class="product"><a href="https://www.amazon.com/dp/B007Y94GN2?tag=eloabder-20&linkCode=osi&th=1&psc=1"><img src="https://m.media-amazon.com/images/I/51hqdPaNJYL._SL500_.jpg" alt="Product Image"></a><p>The Tao of Tea, Hibiscus Ginger Tea, Loose Leaf, 3.0 Ounce Tin to make 50 cups</p><p>$10.90 ($3.63 / Ounce)</p><a href="https://www.amazon.com/dp/B007Y94GN2?tag=eloabder-20&linkCode=osi&th=1&psc=1">View Product</a></div><div class="product"><a href="https://www.amazon.com/dp/B0D3WN5RG3?tag=eloabder-20&linkCode=osi&th=1&psc=1"><img src="https://m.media-amazon.com/images/I/5109jIe8NoL._SL500_.jpg" alt="Product Image"></a><p>Mevlana Ceylon Tea, Loose Leaf, 1 Lbs - Best Ceylon Black Tea Leaves from Sri Lanka - Loose Leaf Black Tea</p><p>$14.99 ($0.94 / Ounce)</p><a href="https://www.amazon.com/dp/B0D3WN5RG3?tag=eloabder-20&linkCode=osi&th=1&psc=1">View Product</a></div><div class="product"><a href="https://www.amazon.com/dp/B087G345SM?tag=eloabder-20&linkCode=osi&th=1&psc=1"><img src="https://m.media-amazon.com/images/I/51gQfgKqklL._SL500_.jpg" alt="Product Image"></a><p>TIAN HU SHAN Premium Oolong Tea Loose Leaf 14 Ounce (400g)</p><p>$14.99 ($1.07 / Ounce)</p><a href="https://www.amazon.com/dp/B087G345SM?tag=eloabder-20&linkCode=osi&th=1&psc=1">View Product</a></div>
<div class="product"><a href="https://www.amazon.com/dp/B08XWVFTKS?tag=eloabder-20&linkCode=osi&th=1&psc=1"><img src="https://m.media-amazon.com/images/I/41hJk3cTdnL._SL500_.jpg" alt="Product Image"></a><p>Lindt Gourmet Chocolate Truffles Gift Box, Assorted Chocolate Truffles, Great for gift giving, 14.7 Ounces</p><p>$24.99 ($1.70 / Ounce)</p><a href="https://www.amazon.com/dp/B08XWVFTKS?tag=eloabder-20&linkCode=osi&th=1&psc=1">View Product</a></div>
<div class="product"><a href="https://www.amazon.com/dp/B0CJ3XYPV3?tag=eloabder-20&linkCode=osi&th=1&psc=1"><img src="https://m.media-amazon.com/images/I/519ufxoFyDL._SL500_.jpg" alt="Product Image"></a><p>Blue House VARIETY Handcrafted Gourmet Caramel Candies Gift Box, Maple, Raspberry, Coffee, and Sea Salt</p><p>$26.98 ($1.35 / Count)</p><a href="https://www.amazon.com/dp/B0CJ3XYPV3?tag=eloabder-20&linkCode=osi&th=1&psc=1">View Product</a></div><div class="product"><a href="https://www.amazon.com/dp/B06VW4Z7B1?tag=eloabder-20&linkCode=osi&th=1&psc=1"><img src="https://m.media-amazon.com/images/I/516NdD4b5nL._SL500_.jpg" alt="Product Image"></a><p>BALI'S BEST Coffee Candy - Original Flavor | 1lb Jar | Rich, Smooth Taste | Indulge in Gourmet Coffee Delight - For Coffee Lovers, Delicious Treat for Any Occasion</p><p>$9.87 ($0.62 / Ounce)</p><a href="https://www.amazon.com/dp/B06VW4Z7B1?tag=eloabder-20&linkCode=osi&th=1&psc=1">View Product</a></div><div class="product"><a href="https://www.amazon.com/dp/B086N119VC?tag=eloabder-20&linkCode=osi&th=1&psc=1"><img src="https://m.media-amazon.com/images/I/41xKAcovvCS._SL500_.jpg" alt="Product Image"></a><p>Cerez Pazari Turkish Delight Candy with Assorted Mix Flavours 16 oz Gourmet Medium Size Snacks Gift Box | No Nuts Sweet Luxury Traditional Confectionery Vegan Lokum Loukoumi Approx.42 Pcs</p><p>$13.49 ($0.96 / Ounce)</p><a href="https://www.amazon.com/dp/B086N119VC?tag=eloabder-20&linkCode=osi&th=1&psc=1">View Product</a></div>
<div class="product"><a href="https://www.amazon.com/dp/B07CJLPR4P?tag=eloabder-20&linkCode=osi&th=1&psc=1"><img src="https://m.media-amazon.com/images/I/41vviwnqT4L._SL500_.jpg" alt="Product Image"></a><p>Funky Chunky Gourmet Popcorn Sampler Variety Pack with all 5 flavors: Sea Salt Caramel, Nutty Choco Pop, Peanut Butter Cup, Chip Zel Pop, and Chocolate Pretzel, 2 oz (5 Bags)</p><p>$20.00 ($2.00 / Ounce)</p><a href="https://www.amazon.com/dp/B07CJLPR4P?tag=eloabder-20&linkCode=osi&th=1&psc=1">View Product</a></div><div class="product"><a href="https://www.amazon.com/dp/B0CB1Q5YQ1?tag=eloabder-20&linkCode=osi&th=1&psc=1"><img src="https://m.media-amazon.com/images/I/61Xzv3ZgRIL._SL500_.jpg" alt="Product Image"></a><p>Italian Cracker Assortment - Pack of 30 - Snack Size Cracker Packs - Great Mother's Day Gift - Gourmet Artisan Cracker Variety Pack - Rosemary, Olive, Sesame, Poppy & Sesame, Pizza Flavors - Gourmet Crackers for Charcuterie Party - Cracker Gift Box - Kosher, Preservative Free</p><p>$29.99 ($34.01 / Ounce)</p><a href="https://www.amazon.com/dp/B0CB1Q5YQ1?tag=eloabder-20&linkCode=osi&th=1&psc=1">View Product</a></div><div class="product"><a href="https://www.amazon.com/dp/B0BLMMSPLW?tag=eloabder-20&linkCode=osi&th=1&psc=1"><img src="https://m.media-amazon.com/images/I/61jdT7ZVojL._SL500_.jpg" alt="Product Image"></a><p>International Snack Box, 30 Pcs Premium Foreign Rare Snack Food Gifts with Suprise Item,European Snacks for Adults and Kids for Easter Day</p><p>$39.95 ($0.62 / Ounce)</p><a href="https://www.amazon.com/dp/B0BLMMSPLW?tag=eloabder-20&linkCode=osi&th=1&psc=1">View Product</a></div><div class="product"><a href="https://www.amazon.com/dp/B07Z9SBTTC?tag=eloabder-20&linkCode=osi&th=1&psc=1"><img src="https://m.media-amazon.com/images/I/51P13LVLpjL._SL500_.jpg" alt="Product Image"></a><p>Sahale Snacks Glazed Mix Nut Blend Variety Pack, 1.5 Oz Grab & Go Bags (12 Total Packs) - Four Different Dry-Roasted Deluxe Mixed Nuts Blends Included - Non-GMO Kosher & Certified Gluten-Free Snacks</p><p>$42.20 ($2.34 / Ounce)</p><a href="https://www.amazon.com/dp/B07Z9SBTTC?tag=eloabder-20&linkCode=osi&th=1&psc=1">View Product</a></div><div class="product"><a href="https://www.amazon.com/dp/B00LAQ4Z1I?tag=eloabder-20&linkCode=osi&th=1&psc=1"><img src="https://m.media-amazon.com/images/I/41PkJ7khWFL._SL500_.jpg" alt="Product Image"></a><p>Sheila G's Brownie Brittle – Chocolate Chip & Salted Caramel Thin and Crispy Sweet Snacks (Pack of 20, 1 oz), Rich Gourmet Brownie Bites Dessert</p><p>$29.70 ($1.48 / Ounce)</p><a href="https://www.amazon.com/dp/B00LAQ4Z1I?tag=eloabder-20&linkCode=osi&th=1&psc=1">View Product</a></div><div class="product"><a href="https://www.amazon.com/dp/B09GW1NT5C?tag=eloabder-20&linkCode=osi&th=1&psc=1"><img src="https://m.media-amazon.com/images/I/613yB5WvmhL._SL500_.jpg" alt="Product Image"></a><p>CRAVEBOX Gourmet Specialty Snacks Box Care Package Boxes for College Students Adults Healthy Cookies Bar Organic Variety Gift Pack Assortment Basket Mix Sampler Treat Final Exam Office Men Women Halloween Back to School</p><p>$36.95 ($36.95 / Count)</p><a href="https://www.amazon.com/dp/B09GW1NT5C?tag=eloabder-20&linkCode=osi&th=1&psc=1">View Product</a></div>
<div class="product"><a href="https://www.amazon.com/dp/B00MPQ5ZOS?tag=eloabder-20&linkCode=osi&th=1&psc=1"><img src="https://m.media-amazon.com/images/I/51rC2bMIM5L._SL500_.jpg" alt="Product Image"></a><p>BetterBody Foods Organic Chia Seeds 2 lbs, 32 Oz, with Omega-3, Non-GMO, Gluten Free, Keto Diet Friendly, Vegan, Good Source of Fiber</p><p>$14.26 ($0.45 / Ounce)</p><a href="https://www.amazon.com/dp/B00MPQ5ZOS?tag=eloabder-20&linkCode=osi&th=1&psc=1">View Product</a></div><div class="product"><a href="https://www.amazon.com/dp/B000R7V3DE?tag=eloabder-20&linkCode=osi&th=1&psc=1"><img src="https://m.media-amazon.com/images/I/51YhGUGB+2L._SL500_.jpg" alt="Product Image"></a><p>Pacific Foods Organic Free Range Chicken Broth, 8 oz Carton (Pack of 4)</p><p>$3.39 ($0.11 / Fl Oz)</p><a href="https://www.amazon.com/dp/B000R7V3DE?tag=eloabder-20&linkCode=osi&th=1&psc=1">View Product</a></div><div class="product"><a href="https://www.amazon.com/dp/B073ZNGZ7F?tag=eloabder-20&linkCode=osi&th=1&psc=1"><img src="https://m.media-amazon.com/images/I/51PZf9bpVIL._SL500_.jpg" alt="Product Image"></a><p>BetterBody Foods Organic Quinoa, Vegan, Complete Plant Protein, Gluten Free, Low Glycemic Rice Replacement, 24 ounce</p><p>$15.63 ($0.65 / Fl Oz)</p><a href="https://www.amazon.com/dp/B073ZNGZ7F?tag=eloabder-20&linkCode=osi&th=1&psc=1">View Product</a></div><div class="product"><a href="https://www.amazon.com/dp/B01N3365YI?tag=eloabder-20&linkCode=osi&th=1&psc=1"><img src="https://m.media-amazon.com/images/I/41N0Mk2m0pL._SL500_.jpg" alt="Product Image"></a><p>NOW Foods, Organic Pumpkin Seeds, Raw and Unsalted, Excellent Source of Protein and Iron, Certified Non-GMO, Keto-Friendly Snack, 12-Ounce (Packaging May Vary)</p><p>$6.99 ($0.58 / Ounce)</p><a href="https://www.amazon.com/dp/B01N3365YI?tag=eloabder-20&linkCode=osi&th=1&psc=1">View Product</a></div><div class="product"><a href="https://www.amazon.com/dp/B0CMW5KTLL?tag=eloabder-20&linkCode=osi&th=1&psc=1"><img src="https://m.media-amazon.com/images/I/51skmBt-7dL._SL500_.jpg" alt="Product Image"></a><p>Kate’s Real Food Organic Granola Bars - Snack & Share Variety Pack (2.2 oz, Pack of 12) - Organic Energy Bars Made with Gluten Free Oats - Non GMO, Soy Free, Whole Grains, and All Natural</p><p>$33.88 ($1.28 / Ounce)</p><a href="https://www.amazon.com/dp/B0CMW5KTLL?tag=eloabder-20&linkCode=osi&th=1&psc=1">View Product</a></div><div class="product"><a href="https://www.amazon.com/dp/B008RLUXI8?tag=eloabder-20&linkCode=osi&th=1&psc=1"><img src="https://m.media-amazon.com/images/I/51cnqntGe8L._SL500_.jpg" alt="Product Image"></a><p>Annie's Organic Variety Pack, Cheddar Bunnies, Bunny Grahams and Cheddar Squares, 12 Pouches, 11 oz</p><p>$8.49 ($0.77 / Ounce)</p><a href="https://www.amazon.com/dp/B008RLUXI8?tag=eloabder-20&linkCode=osi&th=1&psc=1">View Product</a></div><div class="product"><a href="https://www.amazon.com/dp/B01IPZUZW4?tag=eloabder-20&linkCode=osi&th=1&psc=1"><img src="https://m.media-amazon.com/images/I/51F2XkB6b5L._SL500_.jpg" alt="Product Image"></a><p>BetterBody Foods Organic Cacao Powder, Rich Chocolate Flavor, Non-GMO, Gluten-Free, Cocoa, 16 ounce, 1 lb bag</p><p>$12.27 ($0.77 / Ounce)</p><a href="https://www.amazon.com/dp/B01IPZUZW4?tag=eloabder-20&linkCode=osi&th=1&psc=1">View Product</a></div><div class="product"><a href="https://www.amazon.com/dp/B016BC50VY?tag=eloabder-20&linkCode=osi&th=1&psc=1"><img src="https://m.media-amazon.com/images/I/51yOgUaWJ1L._SL500_.jpg" alt="Product Image"></a><p>Good Sense Roasted & Salted Organic Pumpkin Seeds (Pepitas), Non-GMO & All Natural, 6 Ounce Resealable Bag</p><p>$3.99 ($0.66 / Ounce)</p><a href="https://www.amazon.com/dp/B016BC50VY?tag=eloabder-20&linkCode=osi&th=1&psc=1">View Product</a></div><div class="product"><a href="https://www.amazon.com/dp/B0B5V77FSZ?tag=eloabder-20&linkCode=osi&th=1&psc=1"><img src="https://m.media-amazon.com/images/I/41qVxhNyX6L._SL500_.jpg" alt="Product Image"></a><p>Pacific Foods Organic Chicken and Wild Rice Soup, 16.3 oz Can</p><p>$2.87 ($0.18 / Ounce)</p><a href="https://www.amazon.com/dp/B0B5V77FSZ?tag=eloabder-20&linkCode=osi&th=1&psc=1">View Product</a></div>
<div class="product"><a href="https://www.amazon.com/dp/B00CBX8F3I?tag=eloabder-20&linkCode=osi&th=1&psc=1"><img src="https://m.media-amazon.com/images/I/51YgGi3uXNL._SL500_.jpg" alt="Product Image"></a><p>Glutino Gluten Free Table Crackers, Premium Squares, Original, 7 oz</p><p>$3.13 ($0.45 / Ounce)</p><a href="https://www.amazon.com/dp/B00CBX8F3I?tag=eloabder-20&linkCode=osi&th=1&psc=1">View Product</a></div><div class="product"><a href="https://www.amazon.com/dp/B0C64N6ZTC?tag=eloabder-20&linkCode=osi&th=1&psc=1"><img src="https://m.media-amazon.com/images/I/41jSEFaAtWL._SL500_.jpg" alt="Product Image"></a><p>Katz Gluten Free Toaster Pastries. Strawberry. Easy Breakfast Food Or Anytime Healthy Snacks For Adults & Kids. Gluten Free Snacks. Dairy Free, Nut Free, Peanut Free, Soy Free. Snacks For Adults Kosher Snacks. 8 OZ (Pack Of 2</p><p>$12.97 ($0.81 / Ounce)</p><a href="https://www.amazon.com/dp/B0C64N6ZTC?tag=eloabder-20&linkCode=osi&th=1&psc=1">View Product</a></div><div class="product"><a href="https://www.amazon.com/dp/B006OIWD7U?tag=eloabder-20&linkCode=osi&th=1&psc=1"><img src="https://m.media-amazon.com/images/I/51fcMhMMuFL._SL500_.jpg" alt="Product Image"></a><p>Kinnikinnick Gluten Free Angel Food Cake Mix, 16 Ounce</p><p>$9.00 ($0.56 / Ounce)</p><a href="https://www.amazon.com/dp/B006OIWD7U?tag=eloabder-20&linkCode=osi&th=1&psc=1">View Product</a></div><div class="product"><a href="https://www.amazon.com/dp/B00HKIBKQS?tag=eloabder-20&linkCode=osi&th=1&psc=1"><img src="https://m.media-amazon.com/images/I/41vcEf0YqVL._SL500_.jpg" alt="Product Image"></a><p>Lotus Foods Bulk Food Organic Millet & Brown Rice Ramen Noodles with Red Miso Soup, Gluten-Free Easy to Cook & Healthy Japanese Noodles with Instant Gourmet Broth, 2.8 Oz (Pack of 10)</p><p>$23.90 ($0.85 / Ounce)</p><a href="https://www.amazon.com/dp/B00HKIBKQS?tag=eloabder-20&linkCode=osi&th=1&psc=1">View Product</a></div><div class="product"><a href="https://www.amazon.com/dp/B09P8VQ62R?tag=eloabder-20&linkCode=osi&th=1&psc=1"><img src="https://m.media-amazon.com/images/I/517vF20bKYL._SL500_.jpg" alt="Product Image"></a><p>Gluten Free Sugar Free Butter Cookies 36 Count Traditional Danish Cookies, Premium Assorted Shortbread cookies for Diabetics (1 Pk, 11 Ounce)</p><p>$13.99 ($1.27 / Ounce)</p><a href="https://www.amazon.com/dp/B09P8VQ62R?tag=eloabder-20&linkCode=osi&th=1&psc=1">View Product</a></div><div class="product"><a href="https://www.amazon.com/dp/B07QFY8KVJ?tag=eloabder-20&linkCode=osi&th=1&psc=1"><img src="https://m.media-amazon.com/images/I/41A8K3x-WKL._SL500_.jpg" alt="Product Image"></a><p>Double Yolk Gluten Free Medium Egg Noodles,10 Ounce Bag (Pack of 2)</p><p>$20.00 ($1.00 / Ounce)</p><a href="https://www.amazon.com/dp/B07QFY8KVJ?tag=eloabder-20&linkCode=osi&th=1&psc=1">View Product</a></div><div class="product"><a href="https://www.amazon.com/dp/B017QPT0P2?tag=eloabder-20&linkCode=osi&th=1&psc=1"><img src="https://m.media-amazon.com/images/I/41bJSGh8ocS._SL500_.jpg" alt="Product Image"></a><p>Mom's Gluten Free Angel Food Cake Mix,1-Pack, Easy to Make, 12 Servings, Non GMO Delicious and Healthy Gluten Free Desserts</p><p>$9.99 ($0.55 / Ounce)</p><a href="https://www.amazon.com/dp/B017QPT0P2?tag=eloabder-20&linkCode=osi&th=1&psc=1">View Product</a></div>
<div class="product"><a href="https://www.amazon.com/dp/B08QG24L5V?tag=eloabder-20&linkCode=osi&th=1&psc=1"><img src="https://m.media-amazon.com/images/I/61+-HZ1es-L._SL500_.jpg" alt="Product Image"></a><p>Hellmann's Vegan Dressing and Spread Vegan 3 Ct for a Rich, Creamy Plant-Based Alternative to Mayo Same Great Taste, Plant Based, Free From Eggs 11.5 oz</p><p>$13.47 ($0.39 / Fl Oz)</p><a href="https://www.amazon.com/dp/B08QG24L5V?tag=eloabder-20&linkCode=osi&th=1&psc=1">View Product</a></div><div class="product"><a href="https://www.amazon.com/dp/B07PQ9D3WP?tag=eloabder-20&linkCode=osi&th=1&psc=1"><img src="https://m.media-amazon.com/images/I/519WO4YN0lL._SL500_.jpg" alt="Product Image"></a><p>Kapka Assorted Variety Indian Meals - 5 Pack - Ready to Eat Authentic Vegan Prepared Food - Just Add Water - Microwaveable Plant-Based Snacks for Breakfast, Lunch, Non-GMO, No Additives - 3.5oz Each</p><p>$22.99 ($1.31 / Ounce)</p><a href="https://www.amazon.com/dp/B07PQ9D3WP?tag=eloabder-20&linkCode=osi&th=1&psc=1">View Product</a></div><div class="product"><a href="https://www.amazon.com/dp/B093TNJY8D?tag=eloabder-20&linkCode=osi&th=1&psc=1"><img src="https://m.media-amazon.com/images/I/51imOXudzIL._SL500_.jpg" alt="Product Image"></a><p>TASTY BITE Mexican Protein Bowl, 8.8 Ounce, Pack of 6, Ready to Eat, Microwaveable, Vegan, 12g Plant Protein, Tangy Citrus</p><p>$21.96 ($0.42 / Ounce)</p><a href="https://www.amazon.com/dp/B093TNJY8D?tag=eloabder-20&linkCode=osi&th=1&psc=1">View Product</a></div><div class="product"><a href="https://www.amazon.com/dp/B0B23VJWWN?tag=eloabder-20&linkCode=osi&th=1&psc=1"><img src="https://m.media-amazon.com/images/I/519YN5vy+eL._SL500_.jpg" alt="Product Image"></a><p>Casa Verde | Variety flavours, 100% Natural food, Pack of 4, Real taste | 100% vegan & Non-GMO, Plant based, No preservatives</p><p>$26.99 ($0.77 / Ounce)</p><a href="https://www.amazon.com/dp/B0B23VJWWN?tag=eloabder-20&linkCode=osi&th=1&psc=1">View Product</a></div><div class="product"><a href="https://www.amazon.com/dp/B071JLJ9Q8?tag=eloabder-20&linkCode=osi&th=1&psc=1"><img src="https://m.media-amazon.com/images/I/51iqkJ5JbAL._SL500_.jpg" alt="Product Image"></a><p>Vegan Snacks Gift Basket for Adults Healthy Food Treats Variety Pack with Cookies, Protein Bars, Candy, Crispy Chips, Vegan Jerky, Fruit and Nut Blends - Ideal Vegan Snack Box Gift for Women & Men</p><p>$42.99 ($2.15 / Count)</p><a href="https://www.amazon.com/dp/B071JLJ9Q8?tag=eloabder-20&linkCode=osi&th=1&psc=1">View Product</a></div><div class="product"><a href="https://www.amazon.com/dp/B086PDWSNC?tag=eloabder-20&linkCode=osi&th=1&psc=1"><img src="https://m.media-amazon.com/images/I/51WO5dIKDjL._SL500_.jpg" alt="Product Image"></a><p>Kitchen & Love Best Sellers Variety Box 6-Pack | Vegan, Ready-to-Eat, No Refrigeration Required | Plant-Based, Gourmet Flavors</p><p>$27.99 ($0.59 / Ounce)</p><a href="https://www.amazon.com/dp/B086PDWSNC?tag=eloabder-20&linkCode=osi&th=1&psc=1">View Product</a></div><div class="product"><a href="https://www.amazon.com/dp/B08QG3CRNP?tag=eloabder-20&linkCode=osi&th=1&psc=1"><img src="https://m.media-amazon.com/images/I/617B3UIbxHL._SL500_.jpg" alt="Product Image"></a><p>Best Foods Vegan Dressing and Spread Vegan 1 ct for a Rich, Creamy Plant-Based Alternative to Mayo Same Great Taste, Plant Based, Free From Eggs 11.5 oz</p><p>$5.59 ($0.49 / Fl Oz)</p><a href="https://www.amazon.com/dp/B08QG3CRNP?tag=eloabder-20&linkCode=osi&th=1&psc=1">View Product</a></div><div class="product"><a href="https://www.amazon.com/dp/B09874VXSX?tag=eloabder-20&linkCode=osi&th=1&psc=1"><img src="https://m.media-amazon.com/images/I/51dRBp+9AzS._SL500_.jpg" alt="Product Image"></a><p>VEGAN VALLEY Cashew Nacho Cheeze Sauce, 14.5 oz - Shelf Stable, Tangy Vegan Nacho Cheeze -Certified Gluten-Free, Kosher, Dairy Free Cheeze -Non-GMO Plant-Based Cheeze Great As Vegan Pasta Sauce, Dip</p><p>$12.97 ($0.89 / Ounce)</p><a href="https://www.amazon.com/dp/B09874VXSX?tag=eloabder-20&linkCode=osi&th=1&psc=1">View Product</a></div><div class="product"><a href="https://www.amazon.com/dp/B076XR11WH?tag=eloabder-20&linkCode=osi&th=1&psc=1"><img src="https://m.media-amazon.com/images/I/41cpFCG2iiL._SL500_.jpg" alt="Product Image"></a><p>NOOCH IT! Fair Trade Dairy-Free Cashew Grated Cheeze | Vegan Parmesan ● Tasty Cheese Alternative | 4oz (Vegan "Parm", Gluten-Free)</p><p>$10.99 ($2.75 / Ounce)</p><a href="https://www.amazon.com/dp/B076XR11WH?tag=eloabder-20&linkCode=osi&th=1&psc=1">View Product</a></div>
<div class="product"><a href="https://www.amazon.com/dp/B09GFBR6MW?tag=eloabder-20&linkCode=osi&th=1&psc=1"><img src="https://m.media-amazon.com/images/I/51Jn8cqk0AL._SL500_.jpg" alt="Product Image"></a><p>Keto Almond Flour Crackers Variety Pack - Gluten Free, Low Carb, No Sugar</p><p>$14.99 ($2.22 / Ounce)</p><a href="https://www.amazon.com/dp/B09GFBR6MW?tag=eloabder-20&linkCode=osi&th=1&psc=1">View Product</a></div><div class="product"><a href="https://www.amazon.com/dp/B07TYW7CQ8?tag=eloabder-20&linkCode=osi&th=1&psc=1"><img src="https://m.media-amazon.com/images/I/51HQ0o0qxrL._SL500_.jpg" alt="Product Image"></a><p>Tillamook Country Smoker Keto Friendly Zero Sugar Smoked Sausages, Original, 10 Ounce</p><p>$11.49 ($1.15 / Ounce)</p><a href="https://www.amazon.com/dp/B07TYW7CQ8?tag=eloabder-20&linkCode=osi&th=1&psc=1">View Product</a></div><div class="product"><a href="https://www.amazon.com/dp/B09VXNV7ZZ?tag=eloabder-20&linkCode=osi&th=1&psc=1"><img src="https://m.media-amazon.com/images/I/51GQQjKLByL._SL500_.jpg" alt="Product Image"></a><p>Keto Strawberry Jam, No Sugar Added - Monk Fruit Sweetened, Gluten Free Spread from ChocZero, 12 oz</p><p>$9.99 ($0.83 / Ounce)</p><a href="https://www.amazon.com/dp/B09VXNV7ZZ?tag=eloabder-20&linkCode=osi&th=1&psc=1">View Product</a></div><div class="product"><a href="https://www.amazon.com/dp/B09GJ1RDS8?tag=eloabder-20&linkCode=osi&th=1&psc=1"><img src="https://m.media-amazon.com/images/I/61fQrPm63ML._SL500_.jpg" alt="Product Image"></a><p>Ratio Soft Baked Bars, Chocolate Brownie, 1g Sugar, Keto Friendly, 5.34 OZ (6 Bars)</p><p>$7.43 ($1.39 / Ounce)</p><a href="https://www.amazon.com/dp/B09GJ1RDS8?tag=eloabder-20&linkCode=osi&th=1&psc=1">View Product</a></div><div class="product"><a href="https://www.amazon.com/dp/B08ZS5VQ4P?tag=eloabder-20&linkCode=osi&th=1&psc=1"><img src="https://m.media-amazon.com/images/I/41bWBXP6BWL._SL500_.jpg" alt="Product Image"></a><p>Legendary Foods 20 gr Protein Pastry - Low Carb Tasty Protein Bar Alternative, Keto Friendly, No Sugar Added High Protein Breakfast Snacks, Gluten Free Keto Food - Brown Sugar Cinnamon (8-Pack)</p><p>$24.95 ($1.42 / Ounce)</p><a href="https://www.amazon.com/dp/B08ZS5VQ4P?tag=eloabder-20&linkCode=osi&th=1&psc=1">View Product</a></div><div class="product"><a href="https://www.amazon.com/dp/B08SHZGKD9?tag=eloabder-20&linkCode=osi&th=1&psc=1"><img src="https://m.media-amazon.com/images/I/51z4hGA4oGL._SL500_.jpg" alt="Product Image"></a><p>ChocZero Milk Chocolate Hazelnut Spread - Keto Friendly, No Sugar Added, Best Low Carb Dessert, Perfect Topping for Almond Flour Pancakes, Naturally Sweetened with Monk Fruit (1 jar, 12 oz)</p><p>$9.59 ($0.80 / Ounce)</p><a href="https://www.amazon.com/dp/B08SHZGKD9?tag=eloabder-20&linkCode=osi&th=1&psc=1">View Product</a></div><div class="product"><a href="https://www.amazon.com/dp/B078YD277Z?tag=eloabder-20&linkCode=osi&th=1&psc=1"><img src="https://m.media-amazon.com/images/I/413KVQlVNYL._SL500_.jpg" alt="Product Image"></a><p>Twin Peaks Low Carb, Keto Friendly Protein Puffs, Nacho Cheese (300g, 21g Protein, 2g Carbs)</p><p>$26.98 ($2.55 / Ounce)</p><a href="https://www.amazon.com/dp/B078YD277Z?tag=eloabder-20&linkCode=osi&th=1&psc=1">View Product</a></div><div class="product"><a href="https://www.amazon.com/dp/B09HYCR8H8?tag=eloabder-20&linkCode=osi&th=1&psc=1"><img src="https://m.media-amazon.com/images/I/51-9H1RUjjL._SL500_.jpg" alt="Product Image"></a><p>Ratio Coconut Almond Granola Cereal, 1g Sugar, Keto Friendly, 8 OZ Resealable Cereal Bag</p><p>$6.98 ($0.87 / Ounce)</p><a href="https://www.amazon.com/dp/B09HYCR8H8?tag=eloabder-20&linkCode=osi&th=1&psc=1">View Product</a></div><div class="product"><a href="https://www.amazon.com/dp/B09L78DG1T?tag=eloabder-20&linkCode=osi&th=1&psc=1"><img src="https://m.media-amazon.com/images/I/41zLTQtCMFL._SL500_.jpg" alt="Product Image"></a><p>Keto Biscuit Zero Carb Mix - Keto and Gluten Free Biscuit Baking Mix - 0g Net Carbs Per Biscuit - Sweetened with Allulose - No Erythritol, Easy to Bake - No Sugar Alcohols - No Nut Flours - Makes 12 Biscuits (23g Mix)</p><p>$12.99 ($1.33 / Ounce)</p><a href="https://www.amazon.com/dp/B09L78DG1T?tag=eloabder-20&linkCode=osi&th=1&psc=1">View Product</a></div>
<div class="product"><a href="https://www.amazon.com/dp/B07D3NS8NW?tag=eloabder-20&linkCode=osi&th=1&psc=1"><img src="https://m.media-amazon.com/images/I/5119qXbMHbL._SL500_.jpg" alt="Product Image"></a><p>Chomps Grass-Fed and Finished Original Beef Jerky Snack Sticks 10-Pack - Keto, Paleo, Whole30, 10g Lean Meat Protein, Gluten-Free, Zero Sugar Food, Non-GMO</p><p>$23.99 ($2.09 / Ounce)</p><a href="https://www.amazon.com/dp/B07D3NS8NW?tag=eloabder-20&linkCode=osi&th=1&psc=1">View Product</a></div><div class="product"><a href="https://www.amazon.com/dp/B01MD0T6G0?tag=eloabder-20&linkCode=osi&th=1&psc=1"><img src="https://m.media-amazon.com/images/I/410g9hhT61L._SL500_.jpg" alt="Product Image"></a><p>Paleo Powder Autoimmune Protocol All Purpose Seasoning | The Original Paleo Aip Seasoning Great for All Paleo Diets | Certified Keto Food, Paleo Whole 30, Aip Food, Gluten Free Seasoning</p><p>$10.99 ($2.75 / Ounce)</p><a href="https://www.amazon.com/dp/B01MD0T6G0?tag=eloabder-20&linkCode=osi&th=1&psc=1">View Product</a></div><div class="product"><a href="https://www.amazon.com/dp/B0844YJVX3?tag=eloabder-20&linkCode=osi&th=1&psc=1"><img src="https://m.media-amazon.com/images/I/51ejTPkppoL._SL500_.jpg" alt="Product Image"></a><p>Kevin's Natural Foods Paleo Simmer Sauce Variety Pack - Stir-Fry Sauce, Gluten Free, No Preservatives, Non-GMO - 3 Pack (Teriyaki/Thai Coconut/Korean BBQ)</p><p>$15.00 ($0.71 / Ounce)</p><a href="https://www.amazon.com/dp/B0844YJVX3?tag=eloabder-20&linkCode=osi&th=1&psc=1">View Product</a></div><div class="product"><a href="https://www.amazon.com/dp/B097CGVXGZ?tag=eloabder-20&linkCode=osi&th=1&psc=1"><img src="https://m.media-amazon.com/images/I/51q6lfDMpKL._SL500_.jpg" alt="Product Image"></a><p>Thunderbird Real Food Bars - Gluten Free, Paleo, Vegan Snack Food Bar Variety Pack - 102 Ounce</p><p>$18.99 ($1.86 / Ounce)</p><a href="https://www.amazon.com/dp/B097CGVXGZ?tag=eloabder-20&linkCode=osi&th=1&psc=1">View Product</a></div><div class="product"><a href="https://www.amazon.com/dp/B07B6N46RZ?tag=eloabder-20&linkCode=osi&th=1&psc=1"><img src="https://m.media-amazon.com/images/I/51VZNI8wYuL._SL500_.jpg" alt="Product Image"></a><p>Caveman Foods Dark Chocolate Almond Coconut (12 Count Box) 1.4 Ounce, Nutrition Bar , NON GMO, GULTEN Free, Paleo Friendly Dark Coconut Dark Chocolate Coconut bars</p><p>$18.55 ($1.10 / Ounce)</p><a href="https://www.amazon.com/dp/B07B6N46RZ?tag=eloabder-20&linkCode=osi&th=1&psc=1">View Product</a></div><div class="product"><a href="https://www.amazon.com/dp/B07TBB5XBT?tag=eloabder-20&linkCode=osi&th=1&psc=1"><img src="https://m.media-amazon.com/images/I/41C-Kn4zXqL._SL500_.jpg" alt="Product Image"></a><p>Paleo AIP Seasoned Breading Mix | Cassava Root with AIP Seasoning Paleo Mix for all Paleo Diets | Certified Keto Food, Gluten Free, No MSG, No Additives, No Anti-Caking Agents, No Added Sugar.</p><p>$11.99 ($1.50 / Ounce)</p><a href="https://www.amazon.com/dp/B07TBB5XBT?tag=eloabder-20&linkCode=osi&th=1&psc=1">View Product</a></div><div class="product"><a href="https://www.amazon.com/dp/B01II47Y94?tag=eloabder-20&linkCode=osi&th=1&psc=1"><img src="https://m.media-amazon.com/images/I/51qQs0vK2+L._SL500_.jpg" alt="Product Image"></a><p>Bearded Brothers Organic Vegan Protein Energy Bars - Gluten & Soy Free Paleo | Non GMO, Low Glycemic, Plant Based Protein, High Fiber | 12pk Six Flavor Variety</p><p>$30.99 ($1.70 / Ounce)</p><a href="https://www.amazon.com/dp/B01II47Y94?tag=eloabder-20&linkCode=osi&th=1&psc=1">View Product</a></div><div class="product"><a href="https://www.amazon.com/dp/B081XYV62N?tag=eloabder-20&linkCode=osi&th=1&psc=1"><img src="https://m.media-amazon.com/images/I/61EH9U076rL._SL500_.jpg" alt="Product Image"></a><p>Paleo Snacks Variety Pack for Adult | Healthy Snack Box [25 Count] Holiday Gift Basket Gluten Free | Mix of Whole Foods, Protein Bars, Crackers, Chips, Puffs, Fruit & Nuts by Snack Attack</p><p>$51.99</p><a href="https://www.amazon.com/dp/B081XYV62N?tag=eloabder-20&linkCode=osi&th=1&psc=1">View Product</a></div><div class="product"><a href="https://www.amazon.com/dp/B07NXF79QB?tag=eloabder-20&linkCode=osi&th=1&psc=1"><img src="https://m.media-amazon.com/images/I/41+l-WTpxlL._SL500_.jpg" alt="Product Image"></a><p>BetterBody Foods Avocado Oil Mayonnaise, Non-GMO Mayo Spread Made with Cage-Free Eggs, Paleo (15 Ounces)</p><p>$7.98 ($0.53 / Fl Oz)</p><a href="https://www.amazon.com/dp/B07NXF79QB?tag=eloabder-20&linkCode=osi&th=1&psc=1">View Product</a></div>
<div class="product"><a href="https://www.amazon.com/dp/B08R6DZXYV?tag=eloabder-20&linkCode=osi&th=1&psc=1"><img src="https://m.media-amazon.com/images/I/514+AzE-ZdL._SL500_.jpg" alt="Product Image"></a><p>The Only Bean - Crunchy Roasted Edamame Beans (Sea Salt) - Keto Snacks (2g Net) - High Protein Healthy Snacks (14g Protein) - Low Carb & Calorie, Gluten-Free Snack, Vegan Food - 4 oz (3 Pack)</p><p>$13.97 ($1.16 / Ounce)</p><a href="https://www.amazon.com/dp/B08R6DZXYV?tag=eloabder-20&linkCode=osi&th=1&psc=1">View Product</a></div><div class="product"><a href="https://www.amazon.com/dp/B081K2H9MT?tag=eloabder-20&linkCode=osi&th=1&psc=1"><img src="https://m.media-amazon.com/images/I/51AY70sTn+L._SL500_.jpg" alt="Product Image"></a><p>Natural Heaven Hearts of Palm Pasta, Angel Hair Noodles - Low Carb Pasta, Gluten-Free, Paleo, Keto Pasta Noodles, Plant-Based Healthy Food, 9 Oz</p><p>$7.98 ($0.89 / Ounce)</p><a href="https://www.amazon.com/dp/B081K2H9MT?tag=eloabder-20&linkCode=osi&th=1&psc=1">View Product</a></div><div class="product"><a href="https://www.amazon.com/dp/B010LWGDMA?tag=eloabder-20&linkCode=osi&th=1&psc=1"><img src="https://m.media-amazon.com/images/I/51a0+d-4GQL._SL500_.jpg" alt="Product Image"></a><p>Atkins Endulge Caramel Nut Chew Bar, Dessert Favorite, 1g Sugar, Good Source of Fiber, Low Sugar, 10 Count</p><p>$12.49 ($1.04 / Ounce)</p><a href="https://www.amazon.com/dp/B010LWGDMA?tag=eloabder-20&linkCode=osi&th=1&psc=1">View Product</a></div><div class="product"><a href="https://www.amazon.com/dp/B092L4RYLD?tag=eloabder-20&linkCode=osi&th=1&psc=1"><img src="https://m.media-amazon.com/images/I/51OTsRP+TZL._SL500_.jpg" alt="Product Image"></a><p>Legendary Foods 20 gr Protein Pastry, Low Carb, Tasty Protein Bar Alternative, Keto Friendly, No Sugar Added, High Protein Breakfast Snacks, Gluten Free Keto Food - Hot Fudge (8-Pack)</p><p>$26.99 ($1.53 / Ounce)</p><a href="https://www.amazon.com/dp/B092L4RYLD?tag=eloabder-20&linkCode=osi&th=1&psc=1">View Product</a></div><div class="product"><a href="https://www.amazon.com/dp/B0B3YG1RSV?tag=eloabder-20&linkCode=osi&th=1&psc=1"><img src="https://m.media-amazon.com/images/I/419gDC2KO3L._SL500_.jpg" alt="Product Image"></a><p>King Arthur Baking Keto Pizza Crust Mix, 1g Net Carbs Per Serving, Low Carb & Keto Friendly, 10.25 oz</p><p>$5.49 ($0.54 / Ounce)</p><a href="https://www.amazon.com/dp/B0B3YG1RSV?tag=eloabder-20&linkCode=osi&th=1&psc=1">View Product</a></div><div class="product"><a href="https://www.amazon.com/dp/B0CJ5MXM5F?tag=eloabder-20&linkCode=osi&th=1&psc=1"><img src="https://m.media-amazon.com/images/I/51sa1DKliOL._SL500_.jpg" alt="Product Image"></a><p>BeyondTwistz Low Carb Pretzels, Garlic Butter, Keto Friendly, 2g Net Carbs, 18g Protein, Powered By HealthSense® High Fiber Wheat Flour, Family Size 8oz Bag, Pack of 1</p><p>$12.99 ($1.62 / Ounce)</p><a href="https://www.amazon.com/dp/B0CJ5MXM5F?tag=eloabder-20&linkCode=osi&th=1&psc=1">View Product</a></div><div class="product"><a href="https://www.amazon.com/dp/B0C95KJ8K6?tag=eloabder-20&linkCode=osi&th=1&psc=1"><img src="https://m.media-amazon.com/images/I/51mYAdV0dDL._SL500_.jpg" alt="Product Image"></a><p>Mr. Tortilla Low Carb Keto Soft Taco Shells, Vegan Healthy Snacks & Bread Alternative, 1 Net Carb 15 Calories Delicious Small Batch Kosher Wraps -(Multigrain, 12 Count)</p><p>$5.99 ($0.50 / Count)</p><a href="https://www.amazon.com/dp/B0C95KJ8K6?tag=eloabder-20&linkCode=osi&th=1&psc=1">View Product</a></div>
<div class="product"><a href="https://www.amazon.com/dp/B0B7S2CQ8L?tag=eloabder-20&linkCode=osi&th=1&psc=1"><img src="https://m.media-amazon.com/images/I/41MUr4yS1EL._SL500_.jpg" alt="Product Image"></a><p>Legendary Foods High Protein Snack - Chocolate Sweet Roll, 20 Gr Protein Bar Alternative, Low Carb Food, Low Sugar - Gluten Free Keto Breakfast Snacks, Healthy Chocolate Flavored Rolls (10-pack)</p><p>$33.99 ($1.44 / Ounce)</p><a href="https://www.amazon.com/dp/B0B7S2CQ8L?tag=eloabder-20&linkCode=osi&th=1&psc=1">View Product</a></div><div class="product"><a href="https://www.amazon.com/dp/B0B2N5GHMG?tag=eloabder-20&linkCode=osi&th=1&psc=1"><img src="https://m.media-amazon.com/images/I/61SWf5ZeiCL._SL500_.jpg" alt="Product Image"></a><p>The Only Bean Crunchy Roasted Edamame - Healthy Snacks for Adults and Kids (Variety Pack), Low Calorie & Carb Keto Snack Food, Vegan Gluten Free High Protein Snacks (11g), Office Snack, 0.9oz 24 pack</p><p>$28.97 ($1.34 / Ounce)</p><a href="https://www.amazon.com/dp/B0B2N5GHMG?tag=eloabder-20&linkCode=osi&th=1&psc=1">View Product</a></div><div class="product"><a href="https://www.amazon.com/dp/B0CZT2LPZJ?tag=eloabder-20&linkCode=osi&th=1&psc=1"><img src="https://m.media-amazon.com/images/I/41XWEdSgdDL._SL500_.jpg" alt="Product Image"></a><p>Crisp Power High Protein Pretzel Crisps - 6 Pack x 1.75 oz Crunchy & Flavorful Plant-Based Snack. No Sugar, 28g Protein Per Pack in 3 Savory Flavors, Vegan, Keto Friendly, Non-GMO, Kosher Non-Dairy (1.75 Ounce (Pack of 6), Everything)</p><p>$19.90 ($1.88 / Ounce)</p><a href="https://www.amazon.com/dp/B0CZT2LPZJ?tag=eloabder-20&linkCode=osi&th=1&psc=1">View Product</a></div><div class="product"><a href="https://www.amazon.com/dp/B09GLBLPYG?tag=eloabder-20&linkCode=osi&th=1&psc=1"><img src="https://m.media-amazon.com/images/I/51i+PQS9qVL._SL500_.jpg" alt="Product Image"></a><p>Quest Nutrition Tortilla Style Protein Chips Variety Pack, Chili Lime, Nacho Cheese, Loaded Taco, Low Carb, High Protein, Gluten Free, 1.1 oz (Pack of 12)</p><p>$29.99 ($2.27 / Ounce)</p><a href="https://www.amazon.com/dp/B09GLBLPYG?tag=eloabder-20&linkCode=osi&th=1&psc=1">View Product</a></div><div class="product"><a href="https://www.amazon.com/dp/B086CHT1TM?tag=eloabder-20&linkCode=osi&th=1&psc=1"><img src="https://m.media-amazon.com/images/I/519WyQYsN0L._SL500_.jpg" alt="Product Image"></a><p>Quest Nutrition Lemon Cake Protein Bars, High Protein, Low Carb, Gluten Free, Keto Friendly, 12 Count (Pack of 1)</p><p>$22.99 ($0.90 / Ounce)</p><a href="https://www.amazon.com/dp/B086CHT1TM?tag=eloabder-20&linkCode=osi&th=1&psc=1">View Product</a></div>
<div class="product"><a href="https://www.amazon.com/dp/B093CGRM2T?tag=eloabder-20&linkCode=osi&th=1&psc=1"><img src="https://m.media-amazon.com/images/I/41HZ8Kc174L._SL500_.jpg" alt="Product Image"></a><p>Farmers' Market Charcuterie Gift for Summer, Wisconsin Cheese, Hickory Smoked Meat, Shelf Stable, Gourmet Meat and Cheese Platter, Small Spicy</p><p>$29.99</p><a href="https://www.amazon.com/dp/B093CGRM2T?tag=eloabder-20&linkCode=osi&th=1&psc=1">View Product</a></div>



<div class="product"><a href="https://www.amazon.com/dp/B00JXLYK6M?tag=eloabder-20&linkCode=osi&th=1&psc=1"><img src="https://m.media-amazon.com/images/I/51W31ipLg4L._SL500_.jpg" alt="Product Image"></a><p>Gourmet World Flavors Seasoning Collection | Non GMO Verified | 6 Magnetic Tins | Spice Blends | Crafted in Small Batches by Gustus Vitae | #68</p><p>$34.99 ($4.17 / Ounce)</p><a href="https://www.amazon.com/dp/B00JXLYK6M?tag=eloabder-20&linkCode=osi&th=1&psc=1">View Product</a></div><div class="product"><a href="https://www.amazon.com/dp/B00IJG0HE6?tag=eloabder-20&linkCode=osi&th=1&psc=1"><img src="https://m.media-amazon.com/images/I/41y129UFElL._SL500_.jpg" alt="Product Image"></a><p>The Gourmet Collection Spice Blends Roasted Garlic, Rosemary & Sea Salt Blend - Rosemary Seasoning Salt for Cooking - Meat, Fish Vegetable Seasoning!</p><p>$11.99 ($1.60 / Ounce)</p><a href="https://www.amazon.com/dp/B00IJG0HE6?tag=eloabder-20&linkCode=osi&th=1&psc=1">View Product</a></div><div class="product"><a href="https://www.amazon.com/dp/B00KCX4K60?tag=eloabder-20&linkCode=osi&th=1&psc=1"><img src="https://m.media-amazon.com/images/I/41sh+9jTUxL._SL500_.jpg" alt="Product Image"></a><p>The Gourmet Collection Seasoning Blends Roast Vegetables & Fries Spice Blend Seasoning for Cooking Sweet Potatoes, Fries, Cauliflower Rice, Veggies!</p><p>$10.99 ($1.69 / Ounce)</p><a href="https://www.amazon.com/dp/B00KCX4K60?tag=eloabder-20&linkCode=osi&th=1&psc=1">View Product</a></div><div class="product"><a href="https://www.amazon.com/dp/B00VDEMF0K?tag=eloabder-20&linkCode=osi&th=1&psc=1"><img src="https://m.media-amazon.com/images/I/41XyWLhhYfL._SL500_.jpg" alt="Product Image"></a><p>""" Evaluation result 7.33 of 10 Roll over image to zoom in The Gourmet Collection Seasoning Blend, Smoked Paprika, Garlic, Chili & Chives Spice Blend-Salt Free Seasonings for Cooking Chicken, Beef, Pork, Fish."""</p><p>$10.99 ($2.34 / Ounce)</p><a href="https://www.amazon.com/dp/B00VDEMF0K?tag=eloabder-20&linkCode=osi&th=1&psc=1">View Product</a></div><div class="product"><a href="https://www.amazon.com/dp/B00JLJ1V0E?tag=eloabder-20&linkCode=osi&th=1&psc=1"><img src="https://m.media-amazon.com/images/I/41An1fGpEvL._SL500_.jpg" alt="Product Image"></a><p>The Gourmet Collection Spice Blends Roasted Garlic and Red Bell Pepper Blend - Garlic Powder Seasoning for Cooking - Salt Free - Seafood, Meat, Eggs.</p><p>$12.92 ($2.64 / Ounce)</p><a href="https://www.amazon.com/dp/B00JLJ1V0E?tag=eloabder-20&linkCode=osi&th=1&psc=1">View Product</a></div><div class="product"><a href="https://www.amazon.com/dp/B00T17KM7O?tag=eloabder-20&linkCode=osi&th=1&psc=1"><img src="https://m.media-amazon.com/images/I/41bAsjcnzKL._SL500_.jpg" alt="Product Image"></a><p>The Gourmet Collection Spice & Seasoning Blend Oregano Basil & Tomato Spice Blend Greek, Mediterranean, Italian Herb Seasoning Salt Free 156 Servings.</p><p>$11.58 ($5.03 / Ounce)</p><a href="https://www.amazon.com/dp/B00T17KM7O?tag=eloabder-20&linkCode=osi&th=1&psc=1">View Product</a></div><div class="product"><a href="https://www.amazon.com/dp/B00JCJQUDG?tag=eloabder-20&linkCode=osi&th=1&psc=1"><img src="https://m.media-amazon.com/images/I/41TxNYi-JsL._SL500_.jpg" alt="Product Image"></a><p>The Gourmet Collection Spice Blends, Fishermans Seafood Spectacular Seasoning for Crab Meat, Salmon, Crab Boil, Fish Fry. Shrimp, Mussels and Rice.</p><p>$12.58 ($2.57 / Ounce)</p><a href="https://www.amazon.com/dp/B00JCJQUDG?tag=eloabder-20&linkCode=osi&th=1&psc=1">View Product</a></div>
<div class="product"><a href="https://www.amazon.com/dp/B00KJZGDG6?tag=eloabder-20&linkCode=osi&th=1&psc=1"><img src="https://m.media-amazon.com/images/I/41G7+3D7qwL._SL500_.jpg" alt="Product Image"></a><p>The Gourmet Collection Seasoning Blend & Spice Collection: Herbes De Provence Spice Blend with Lavender: Salt-free: Chicken, Fish Soups: 156 Servings.</p><p>$10.99 ($8.45 / Ounce)</p><a href="https://www.amazon.com/dp/B00KJZGDG6?tag=eloabder-20&linkCode=osi&th=1&psc=1">View Product</a></div><div class="product"><a href="https://www.amazon.com/dp/B00S13C9CK?tag=eloabder-20&linkCode=osi&th=1&psc=1"><img src="https://m.media-amazon.com/images/I/41ISMYe0EnL._SL500_.jpg" alt="Product Image"></a><p>The Gourmet Collection Spice Blends Pasta Herb Blend - Seasoning for Cooking: Italian, Mediterranean, Greek. Meat, Fish, Pasta Seasoning: 156 Servings</p><p>$12.95 ($12.95 / Count)</p><a href="https://www.amazon.com/dp/B00S13C9CK?tag=eloabder-20&linkCode=osi&th=1&psc=1">View Product</a></div><div class="product"><a href="https://www.amazon.com/dp/B006ZX9TLW?tag=eloabder-20&linkCode=osi&th=1&psc=1"><img src="https://m.media-amazon.com/images/I/41EQ+rJcO+L._SL500_.jpg" alt="Product Image"></a><p>McCormick Gourmet Organic Herbes De Provence, 0.65 Oz</p><p>$5.22 ($8.03 / Ounce)</p><a href="https://www.amazon.com/dp/B006ZX9TLW?tag=eloabder-20&linkCode=osi&th=1&psc=1">View Product</a></div><div class="product"><a href="https://www.amazon.com/dp/B07MK554K9?tag=eloabder-20&linkCode=osi&th=1&psc=1"><img src="https://m.media-amazon.com/images/I/51Z9LNMEpNL._SL500_.jpg" alt="Product Image"></a><p>The Pepper Trade Gourmet Peppercorn Blend Collection, 8 Pack Gift Set | Sampler Spice Gift Set, Use in Grinders</p><p>$32.41 ($6.56 / Ounce)</p><a href="https://www.amazon.com/dp/B07MK554K9?tag=eloabder-20&linkCode=osi&th=1&psc=1">View Product</a></div><div class="product"><a href="https://www.amazon.com/dp/B077H3MPW2?tag=eloabder-20&linkCode=osi&th=1&psc=1"><img src="https://m.media-amazon.com/images/I/41xqPw5HnlL._SL500_.jpg" alt="Product Image"></a><p>Meat Church Gourmet Garlic & Herb Seasoning 6oz.</p><p>$12.99 ($2.16 / Ounce)</p><a href="https://www.amazon.com/dp/B077H3MPW2?tag=eloabder-20&linkCode=osi&th=1&psc=1">View Product</a></div><div class="product"><a href="https://www.amazon.com/dp/B07F3VWZCG?tag=eloabder-20&linkCode=osi&th=1&psc=1"><img src="https://m.media-amazon.com/images/I/51er50fptpL._SL500_.jpg" alt="Product Image"></a><p>McCormick Gourmet Organic Garlic & Herbs Everyday Basics Variety Pack (Oregano, Garlic Powder, Crushed Rosemary, Thyme), 0.05 lb</p><p>$17.49 ($3.98 / Ounce)</p><a href="https://www.amazon.com/dp/B07F3VWZCG?tag=eloabder-20&linkCode=osi&th=1&psc=1">View Product</a></div><div class="product"><a href="https://www.amazon.com/dp/B07W73L2NY?tag=eloabder-20&linkCode=osi&th=1&psc=1"><img src="https://m.media-amazon.com/images/I/514ztA7ffSS._SL500_.jpg" alt="Product Image"></a><p>Gustus Vitae - Herbs De Everything Seasoning - Non GMO - Magnetic Tin - 2 Ounce - Authentic Gourmet Spice Blend - Crafted in Small Batches</p><p>$8.49 ($2.74 / Ounce)</p><a href="https://www.amazon.com/dp/B07W73L2NY?tag=eloabder-20&linkCode=osi&th=1&psc=1">View Product</a></div>
<div class="product"><a href="https://www.amazon.com/dp/B0CKTX8V6Z?tag=eloabder-20&linkCode=osi&th=1&psc=1"><img src="https://m.media-amazon.com/images/I/51RaLSwooYL._SL500_.jpg" alt="Product Image"></a><p>CHAVI Freeze Dried Exotic Tropical Fruits | Pack of 10 | Gift Box - No Added Sugars or Preservatives - Non-GMO, Vegan, Gluten-Free | 180 g | 6.4 oz</p><p>$32.90 ($5.14 / Ounce)</p><a href="https://www.amazon.com/dp/B0CKTX8V6Z?tag=eloabder-20&linkCode=osi&th=1&psc=1">View Product</a></div><div class="product"><a href="https://www.amazon.com/dp/B0CP4G6RVD?tag=eloabder-20&linkCode=osi&th=1&psc=1"><img src="https://m.media-amazon.com/images/I/41bqzEdTsQL._SL500_.jpg" alt="Product Image"></a><p>Premium Whole Freeze Dried Tropical Fruits, 100% fruits, NATURAL 70 g (2.5 oz), nothing else added. (Rambutan)</p><p>$14.99 ($6.07 / Ounce)</p><a href="https://www.amazon.com/dp/B0CP4G6RVD?tag=eloabder-20&linkCode=osi&th=1&psc=1">View Product</a></div><div class="product"><a href="https://www.amazon.com/dp/B00DDYUEQ0?tag=eloabder-20&linkCode=osi&th=1&psc=1"><img src="https://m.media-amazon.com/images/I/41eSAZbVBKL._SL500_.jpg" alt="Product Image"></a><p>Roland Whole Lychees in Heavy Syrup (20 oz Cans) 2 Pack</p><p>$19.98 ($0.50 / Ounce)</p><a href="https://www.amazon.com/dp/B00DDYUEQ0?tag=eloabder-20&linkCode=osi&th=1&psc=1">View Product</a></div><div class="product"><a href="https://www.amazon.com/dp/B095FLWJL8?tag=eloabder-20&linkCode=osi&th=1&psc=1"><img src="https://m.media-amazon.com/images/I/613BezKteoL._SL500_.jpg" alt="Product Image"></a><p>Jans 100% Soursop/Guanabana Juice With Pulp, 16.9 FL OZ (500 Liter) | PURELY Soursop Juice | NO Added Sugars | NOT From Concentrate | Fat-Free | Cholesterol-Free (Pack of 12)</p><p>$29.99 ($0.15 / Fl Oz)</p><a href="https://www.amazon.com/dp/B095FLWJL8?tag=eloabder-20&linkCode=osi&th=1&psc=1">View Product</a></div><div class="product"><a href="https://www.amazon.com/dp/B004PAQOCY?tag=eloabder-20&linkCode=osi&th=1&psc=1"><img src="https://m.media-amazon.com/images/I/51ZD0sEI-cL._SL500_.jpg" alt="Product Image"></a><p>Bergen Marzipan M-1 Assorted Fruit 8 ounce</p><p>$9.38 ($1.17 / Ounce)</p><a href="https://www.amazon.com/dp/B004PAQOCY?tag=eloabder-20&linkCode=osi&th=1&psc=1">View Product</a></div><div class="product"><a href="https://www.amazon.com/dp/B06XNMFMQS?tag=eloabder-20&linkCode=osi&th=1&psc=1"><img src="https://m.media-amazon.com/images/I/51MBWHDo+DL._SL500_.jpg" alt="Product Image"></a><p>Dynasty Peeled Whole Lychee in Heavy Syrup 15 oz (2 Pack)</p><p>$13.28 ($0.44 / Ounce)</p><a href="https://www.amazon.com/dp/B06XNMFMQS?tag=eloabder-20&linkCode=osi&th=1&psc=1">View Product</a></div><div class="product"><a href="https://www.amazon.com/dp/B0CWPV4BLB?tag=eloabder-20&linkCode=osi&th=1&psc=1"><img src="https://m.media-amazon.com/images/I/41RpnAt-IqL._SL500_.jpg" alt="Product Image"></a><p>Dried Dragon Fruit Slices (2.11 oz), Superfood | Soft and Chewy with Crunchy Seeds! | Unsweetened No Sugar Added | Healthy | Vegan | Premium Quality | - All-Natural Snack, Perfect for Trail Mixes, Smoothie Bowls, Natural Colorant and Tropical Drinks - Elevate Your Beverages with Vibrant Color: Ideal for Infusing Water, Cocktails, and Mocktails. Soak in Water to Rehydrate!</p><p>$5.89 ($2.79 / Ounce)</p><a href="https://www.amazon.com/dp/B0CWPV4BLB?tag=eloabder-20&linkCode=osi&th=1&psc=1">View Product</a></div>

Aucun résultat trouvé.
<div class="product"><a href="https://www.amazon.com/dp/B07BQXJ123?tag=eloabder-20&linkCode=osi&th=1&psc=1"><img src="https://m.media-amazon.com/images/I/41h4IsgjbZL._SL500_.jpg" alt="Product Image"></a><p>Squirrel Brand Sweet Brown Butter Cashews, 3.5 Ounces Resealable Bag, Gluten Free, Vegetarian</p><p>$2.74 ($0.78 / Fl Oz)</p><a href="https://www.amazon.com/dp/B07BQXJ123?tag=eloabder-20&linkCode=osi&th=1&psc=1">View Product</a></div><div class="product"><a href="https://www.amazon.com/dp/B003P02EGU?tag=eloabder-20&linkCode=osi&th=1&psc=1"><img src="https://m.media-amazon.com/images/I/51aUMBXF71L._SL500_.jpg" alt="Product Image"></a><p>Sparkling Ice, Black Raspberry Sparkling Water, Zero Sugar Flavored Water, with Vitamins and Antioxidants, Low Calorie Beverage, 17 fl oz Bottles (Pack of 12)</p><p>$9.98 ($0.05 / Fl Oz)</p><a href="https://www.amazon.com/dp/B003P02EGU?tag=eloabder-20&linkCode=osi&th=1&psc=1">View Product</a></div><div class="product"><a href="https://www.amazon.com/dp/B0C6RG22VN?tag=eloabder-20&linkCode=osi&th=1&psc=1"><img src="https://m.media-amazon.com/images/I/31fjAuuWWNL._SL500_.jpg" alt="Product Image"></a><p>Bauducco Vanilla Wafers - Crispy Wafer Cookies With 3 Delicious, Indulgent, Decadent Layers of Vanilla Flavored Cream - Delicious Sweet Snack or Desert - 5.0 oz (Pack of 1)</p><p>$1.59 ($0.32 / Ounce)</p><a href="https://www.amazon.com/dp/B0C6RG22VN?tag=eloabder-20&linkCode=osi&th=1&psc=1">View Product</a></div><div class="product"><a href="https://www.amazon.com/dp/B09W5ZVDD2?tag=eloabder-20&linkCode=osi&th=1&psc=1"><img src="https://m.media-amazon.com/images/I/41SSfHVmdrL._SL500_.jpg" alt="Product Image"></a><p>Cinnamon Toast Crunch Creamy Cinnamon Spread, 10 Ounce</p><p>$2.48 ($0.25 / Ounce)</p><a href="https://www.amazon.com/dp/B09W5ZVDD2?tag=eloabder-20&linkCode=osi&th=1&psc=1">View Product</a></div><div class="product"><a href="https://www.amazon.com/dp/B00L2MWLMK?tag=eloabder-20&linkCode=osi&th=1&psc=1"><img src="https://m.media-amazon.com/images/I/51dBawJ2u9L._SL500_.jpg" alt="Product Image"></a><p>Duncan Hines Dark Chocolate Fudge Brownie Mix, 18.2 OZ</p><p>$1.54 ($0.08 / Ounce)</p><a href="https://www.amazon.com/dp/B00L2MWLMK?tag=eloabder-20&linkCode=osi&th=1&psc=1">View Product</a></div><div class="product"><a href="https://www.amazon.com/dp/B004M15U12?tag=eloabder-20&linkCode=osi&th=1&psc=1"><img src="https://m.media-amazon.com/images/I/51WF3t7pADL._SL500_.jpg" alt="Product Image"></a><p>PLANTERS Deluxe Salted Whole Cashews, Party Snacks, Plant-Based Protein, Quick Snack for Adults, After School Snack, Roasted Cashew Flavored with Sea Salt, Bulk Nuts, Kosher, 1 lb 2.25oz Canister</p><p>$9.98 ($0.55 / Ounce)</p><a href="https://www.amazon.com/dp/B004M15U12?tag=eloabder-20&linkCode=osi&th=1&psc=1">View Product</a></div><div class="product"><a href="https://www.amazon.com/dp/B078J62RYJ?tag=eloabder-20&linkCode=osi&th=1&psc=1"><img src="https://m.media-amazon.com/images/I/51AXLNUF66L._SL500_.jpg" alt="Product Image"></a><p>PLANTERS Deluxe Mixed Nuts, Cashews, Almonds, Pecans, Pistachios, Hazelnuts, Roasted with Sea Salt, Party Snacks, Plant-Based Protein, Quick Snack for Adults, After School Snack, 27oz Container</p><p>$17.51 ($0.65 / Ounce)</p><a href="https://www.amazon.com/dp/B078J62RYJ?tag=eloabder-20&linkCode=osi&th=1&psc=1">View Product</a></div><div class="product"><a href="https://www.amazon.com/dp/B0BSB1D65T?tag=eloabder-20&linkCode=osi&th=1&psc=1"><img src="https://m.media-amazon.com/images/I/51u9sSRdlIL._SL500_.jpg" alt="Product Image"></a><p>PLANTERS Cashews Cinnamon & Brown Sugar, Party Snacks, 5 Oz Bag</p><p>$3.50 ($0.70 / Ounce)</p><a href="https://www.amazon.com/dp/B0BSB1D65T?tag=eloabder-20&linkCode=osi&th=1&psc=1">View Product</a></div><div class="product"><a href="https://www.amazon.com/dp/B0BN4LZ5P3?tag=eloabder-20&linkCode=osi&th=1&psc=1"><img src="https://m.media-amazon.com/images/I/51OLBHQEeSL._SL500_.jpg" alt="Product Image"></a><p>Planters Dry Roasted Bold & Savory Peanuts, Party Snacks, Plant-Based Protein, 16 Oz Jar</p><p>$2.98 ($0.19 / Ounce)</p><a href="https://www.amazon.com/dp/B0BN4LZ5P3?tag=eloabder-20&linkCode=osi&th=1&psc=1">View Product</a></div>

<div class="product"><a href="https://www.amazon.com/dp/B0CJQJYYVQ?tag=eloabder-20&linkCode=osi&th=1&psc=1"><img src="https://m.media-amazon.com/images/I/51mbf3FOrUL._SL500_.jpg" alt="Product Image"></a><p>Dried Fruit and Nuts Gift Baskets, 9 Healthy Varieties of Nuts & Dried Fruit Gifts, Gourmet Prime Candy Basket Delivery, Family Edible Food Ideas for All, Anniversary, Birthday, Care Package, Corporate Gifts</p><p>$24.99 ($24.99 / Count)</p><a href="https://www.amazon.com/dp/B0CJQJYYVQ?tag=eloabder-20&linkCode=osi&th=1&psc=1">View Product</a></div><div class="product"><a href="https://www.amazon.com/dp/B0BRYN42RF?tag=eloabder-20&linkCode=osi&th=1&psc=1"><img src="https://m.media-amazon.com/images/I/61sztsxabsL._SL500_.jpg" alt="Product Image"></a><p>Dried Fruit & Nuts Gift Basket Arrangement Platter, Gourmet Food Snack Box, For Fathers Day, Birthday Care Package, Healthy Kosher - Her Him - 12 Snackberry Assortment (Single)</p><p>$24.99 ($1.03 / Ounce)</p><a href="https://www.amazon.com/dp/B0BRYN42RF?tag=eloabder-20&linkCode=osi&th=1&psc=1">View Product</a></div><div class="product"><a href="https://www.amazon.com/dp/B0CZ4H5N2S?tag=eloabder-20&linkCode=osi&th=1&psc=1"><img src="https://m.media-amazon.com/images/I/51NLO50v2cL._SL500_.jpg" alt="Product Image"></a><p>Variety Dried Fuit Gift Basket, Fathers Day Gift Basket, Gift Box for Birthday. Anniversary, Get Well Gift, Gift for Him, Her and Family, Snackberry (1 Pack)</p><p>$9.99 ($0.62 / Ounce)</p><a href="https://www.amazon.com/dp/B0CZ4H5N2S?tag=eloabder-20&linkCode=osi&th=1&psc=1">View Product</a></div><div class="product"><a href="https://www.amazon.com/dp/B09HW1C373?tag=eloabder-20&linkCode=osi&th=1&psc=1"><img src="https://m.media-amazon.com/images/I/418cDyDC0eL._SL500_.jpg" alt="Product Image"></a><p>Farm Fresh Assorted Nuts Gift Basket - Artfully Arranged Gourmet Nuts and Dried Fruit Collection - Prime Arrangement Platter - Makes a Delicious, Healthy Gift Basket For Holidays, Parties, Corporate Gifts, and More</p><p>$12.99 ($12.99 / Count)</p><a href="https://www.amazon.com/dp/B09HW1C373?tag=eloabder-20&linkCode=osi&th=1&psc=1">View Product</a></div><div class="product"><a href="https://www.amazon.com/dp/B0CRD2MWB9?tag=eloabder-20&linkCode=osi&th=1&psc=1"><img src="https://m.media-amazon.com/images/I/51tT9Jj4hKL._SL500_.jpg" alt="Product Image"></a><p>Happy Birthday Dried Fruit & Nuts Gift Basket Arrangement Platter, Gourmet Food Snack Box, Birthday Care Package, Healthy Kosher, Her Him (9 Assortments)</p><p>$19.99 ($19.99 / Count)</p><a href="https://www.amazon.com/dp/B0CRD2MWB9?tag=eloabder-20&linkCode=osi&th=1&psc=1">View Product</a></div><div class="product"><a href="https://www.amazon.com/dp/B0CHCJK5GN?tag=eloabder-20&linkCode=osi&th=1&psc=1"><img src="https://m.media-amazon.com/images/I/61dpK7BoYbL._SL500_.jpg" alt="Product Image"></a><p>Broadway Basketeers Deluxe Thank You Dried Fruit And Nuts Gift Basket - A Premium Healthy Appreciation Gift - Corporate, Family & Friends</p><p>$32.06</p><a href="https://www.amazon.com/dp/B0CHCJK5GN?tag=eloabder-20&linkCode=osi&th=1&psc=1">View Product</a></div>
<div class="product"><a href="https://www.amazon.com/dp/B078SZHZ82?tag=eloabder-20&linkCode=osi&th=1&psc=1"><img src="https://m.media-amazon.com/images/I/51S82IO04jL._SL500_.jpg" alt="Product Image"></a><p>DEL MONTE FRESH CUT BLUE LAKE Cut Green Beans Canned Vegetables,14.5 Ounce (Pack of 12)</p><p>$12.99 ($0.07 / Ounce)</p><a href="https://www.amazon.com/dp/B078SZHZ82?tag=eloabder-20&linkCode=osi&th=1&psc=1">View Product</a></div>
<div class="product"><a href="https://www.amazon.com/dp/B0C94YG17L?tag=eloabder-20&linkCode=osi&th=1&psc=1"><img src="https://m.media-amazon.com/images/I/51VfC5jp4OL._SL500_.jpg" alt="Product Image"></a><p>Hickory Farms Farmhouse Sausage & Cheese Medium Gift Box | Gourmet Food Basket | Charcuterie | Father's Day Gift | Perfect For Family, Birthday, Sympathy, Congratulations, Retirement, Thinking of You, Father's Day Gift</p><p>$34.99 ($34.99 / Count)</p><a href="https://www.amazon.com/dp/B0C94YG17L?tag=eloabder-20&linkCode=osi&th=1&psc=1">View Product</a></div><div class="product"><a href="https://www.amazon.com/dp/B00K35V3F8?tag=eloabder-20&linkCode=osi&th=1&psc=1"><img src="https://m.media-amazon.com/images/I/41bd0TKnKfL._SL500_.jpg" alt="Product Image"></a><p>Farmers' Market Charcuterie Gift for Summer, Wisconsin Cheese, Hickory Smoked Meat, Shelf Stable, Gourmet Meat and Cheese Platter, Large Original</p><p>$39.99</p><a href="https://www.amazon.com/dp/B00K35V3F8?tag=eloabder-20&linkCode=osi&th=1&psc=1">View Product</a></div><div class="product"><a href="https://www.amazon.com/dp/B0994V3KXV?tag=eloabder-20&linkCode=osi&th=1&psc=1"><img src="https://m.media-amazon.com/images/I/61Zr7E45qvL._SL500_.jpg" alt="Product Image"></a><p>Wisconsin Cheese Company - Specialty 100% Wisconsin Cheese Block Assortment 4 oz. (Pack of 7 Blocks) Cheddar, Pepper Jack, Swiss, Gouda, Cheddar Salami, Smoked Cheddar & Tomato Basil Cheese - Cheese Sampler Gift Set</p><p>$39.99 ($1.43 / Ounce)</p><a href="https://www.amazon.com/dp/B0994V3KXV?tag=eloabder-20&linkCode=osi&th=1&psc=1">View Product</a></div><div class="product"><a href="https://www.amazon.com/dp/B009Y7I2F0?tag=eloabder-20&linkCode=osi&th=1&psc=1"><img src="https://m.media-amazon.com/images/I/41VgrnxieeL._SL500_.jpg" alt="Product Image"></a><p>Wisconsin Cheese Company - 100% Wisconsin Cheddar & Pepper Jack Cheese and Cracker Gift Basket. Large Gourmet Gift Box Assortment. Great for Charcuterie Boards & Gifts.</p><p>$29.99 ($2.11 / Ounce)</p><a href="https://www.amazon.com/dp/B009Y7I2F0?tag=eloabder-20&linkCode=osi&th=1&psc=1">View Product</a></div><div class="product"><a href="https://www.amazon.com/dp/B00FY43IJ2?tag=eloabder-20&linkCode=osi&th=1&psc=1"><img src="https://m.media-amazon.com/images/I/41QN9RXV4RL._SL500_.jpg" alt="Product Image"></a><p>California Delicious Gourmet Cheeseboard Gift, 8 piece set</p><p>$47.98 ($6.00 / Count)</p><a href="https://www.amazon.com/dp/B00FY43IJ2?tag=eloabder-20&linkCode=osi&th=1&psc=1">View Product</a></div><div class="product"><a href="https://www.amazon.com/dp/B0CRM55TF8?tag=eloabder-20&linkCode=osi&th=1&psc=1"><img src="https://m.media-amazon.com/images/I/51Vz3kt14-L._SL500_.jpg" alt="Product Image"></a><p>Farmers' Market Cheese Block Assortment 7oz 6-Pack, Shelf Stable, Pasteurized, Locally Sourced Wisconsin Cheese (Assortment, 6 Count)</p><p>$29.99 ($0.71 / Ounce)</p><a href="https://www.amazon.com/dp/B0CRM55TF8?tag=eloabder-20&linkCode=osi&th=1&psc=1">View Product</a></div>
<div class="product"><a href="https://www.amazon.com/dp/B006GXQHKW?tag=eloabder-20&linkCode=osi&th=1&psc=1"><img src="https://m.media-amazon.com/images/I/41gffgWPG4L._SL500_.jpg" alt="Product Image"></a><p>Old Wisconsin Premium Summer Sausage, 100% Natural Meat, Charcuterie, Ready to Eat, High Protein, Low Carb, Keto, Gluten Free, Original Flavor, 8 Ounce</p><p>$6.09 ($0.76 / Count)</p><a href="https://www.amazon.com/dp/B006GXQHKW?tag=eloabder-20&linkCode=osi&th=1&psc=1">View Product</a></div><div class="product"><a href="https://www.amazon.com/dp/B07PNM9SNJ?tag=eloabder-20&linkCode=osi&th=1&psc=1"><img src="https://m.media-amazon.com/images/I/51XUGii8qrL._SL500_.jpg" alt="Product Image"></a><p>Meat Shredz - Premium Dried Pulled Pork (Variety, 6 Pack) | Gluten Free | High Protein & Low Sugar | Bacon Bits | Dehydrated Backpacking & Camping Food | Shredded, Dried Jerky Chew Snack</p><p>$42.95 ($52.06 / lb)</p><a href="https://www.amazon.com/dp/B07PNM9SNJ?tag=eloabder-20&linkCode=osi&th=1&psc=1">View Product</a></div><div class="product"><a href="https://www.amazon.com/dp/B0CVQWPGC5?tag=eloabder-20&linkCode=osi&th=1&psc=1"><img src="https://m.media-amazon.com/images/I/41M9k0m4dOL._SL500_.jpg" alt="Product Image"></a><p>Olympic Delights Premium Meats and Cheese Gift Box by Dan the Sausageman featuring Summer Sausage, Stuffed Olives, Crackers and Mustard</p><p>$68.95</p><a href="https://www.amazon.com/dp/B0CVQWPGC5?tag=eloabder-20&linkCode=osi&th=1&psc=1">View Product</a></div><div class="product"><a href="https://www.amazon.com/dp/B000FIUQAQ?tag=eloabder-20&linkCode=osi&th=1&psc=1"><img src="https://m.media-amazon.com/images/I/51-jFNA-ZgL._SL500_.jpg" alt="Product Image"></a><p>Hormel Premium No Salt Added Canned Chunk Chicken Breast in Water, 5 Ounce (Pack of 12)</p><p>$25.44 ($0.42 / Ounce)</p><a href="https://www.amazon.com/dp/B000FIUQAQ?tag=eloabder-20&linkCode=osi&th=1&psc=1">View Product</a></div><div class="product"><a href="https://www.amazon.com/dp/B07Y936YWY?tag=eloabder-20&linkCode=osi&th=1&psc=1"><img src="https://m.media-amazon.com/images/I/51cpUvuRIzL._SL500_.jpg" alt="Product Image"></a><p>Jack Link's Beef Jerky, Sweet & Hot, ½ Pounder Bag - Flavorful Meat Snack, 9g of Protein and 80 Calories, Made with Premium Beef - 96 Percent Fat Free, No Added MSG or Nitrates/Nitrites</p><p>$9.99 ($1.25 / Ounce)</p><a href="https://www.amazon.com/dp/B07Y936YWY?tag=eloabder-20&linkCode=osi&th=1&psc=1">View Product</a></div><div class="product"><a href="https://www.amazon.com/dp/B000FK7G20?tag=eloabder-20&linkCode=osi&th=1&psc=1"><img src="https://m.media-amazon.com/images/I/414A4Q9AvAL._SL500_.jpg" alt="Product Image"></a><p>Swanson White and Dark Premium Chunk Canned Chicken Breast in Water, Fully Cooked Chicken, 9.75 OZ Can (Case of 12)</p><p>$35.76 ($0.31 / Ounce)</p><a href="https://www.amazon.com/dp/B000FK7G20?tag=eloabder-20&linkCode=osi&th=1&psc=1">View Product</a></div>
<div class="product"><a href="https://www.amazon.com/dp/B072126PMY?tag=eloabder-20&linkCode=osi&th=1&psc=1"><img src="https://m.media-amazon.com/images/I/51nw4J9x8YL._SL500_.jpg" alt="Product Image"></a><p>Simple Mills Almond Flour Baking Mix, Artisan Bread Mix - Gluten Free, Plant Based, Paleo Friendly, 10.4 Ounce (Pack of 3)</p><p>$23.97 ($0.77 / Ounce)</p><a href="https://www.amazon.com/dp/B072126PMY?tag=eloabder-20&linkCode=osi&th=1&psc=1">View Product</a></div><div class="product"><a href="https://www.amazon.com/dp/B081VPXGJS?tag=eloabder-20&linkCode=osi&th=1&psc=1"><img src="https://m.media-amazon.com/images/I/51j0-+rAaZL._SL500_.jpg" alt="Product Image"></a><p>Essential Baking Company Organic Artisan Sourdough Bread, 18.2 Ounce (Pack of 3)</p><p>$28.65 ($0.52 / Ounce)</p><a href="https://www.amazon.com/dp/B081VPXGJS?tag=eloabder-20&linkCode=osi&th=1&psc=1">View Product</a></div><div class="product"><a href="https://www.amazon.com/dp/B08HSPX7LM?tag=eloabder-20&linkCode=osi&th=1&psc=1"><img src="https://m.media-amazon.com/images/I/41RUhxZCnNL._SL500_.jpg" alt="Product Image"></a><p>Giusto's Vita-Grain All-Natural Artisan Malted Unbleached Bread Flour, 5lb Bag</p><p>$10.95 ($0.14 / Ounce)</p><a href="https://www.amazon.com/dp/B08HSPX7LM?tag=eloabder-20&linkCode=osi&th=1&psc=1">View Product</a></div>
<div class="product"><a href="https://www.amazon.com/dp/B001DDD4DS?tag=eloabder-20&linkCode=osi&th=1&psc=1"><img src="https://m.media-amazon.com/images/I/51osI10x5HL._SL500_.jpg" alt="Product Image"></a><p>Mantova Flavored Extra Virgin Olive Oil Variety Pack: Garlic, Basil, Chili, Lemon Organic Extra Virgin Olive Oil, 8.5-Ounce Per Bottle (Pack of 4) Great Gift Item</p><p>$36.99 ($1.09 / Fl Oz)</p><a href="https://www.amazon.com/dp/B001DDD4DS?tag=eloabder-20&linkCode=osi&th=1&psc=1">View Product</a></div><div class="product"><a href="https://www.amazon.com/dp/B001DDD4E2?tag=eloabder-20&linkCode=osi&th=1&psc=1"><img src="https://m.media-amazon.com/images/I/51cFWLj1kiL._SL500_.jpg" alt="Product Image"></a><p>Mantova Grand’Aroma Flavored Extra Virgin Olive Oils, Variety Gift Set, made in Italy, cold-pressed, 100% natural, heart-healthy, for grilling, barbequing, smoking, and cooking, 8.5 oz (Pack of 4)</p><p>$39.99 ($1.18 / Fl Oz)</p><a href="https://www.amazon.com/dp/B001DDD4E2?tag=eloabder-20&linkCode=osi&th=1&psc=1">View Product</a></div><div class="product"><a href="https://www.amazon.com/dp/B087S41Y1W?tag=eloabder-20&linkCode=osi&th=1&psc=1"><img src="https://m.media-amazon.com/images/I/518tVUgnUkL._SL500_.jpg" alt="Product Image"></a><p>Benissimo Herb Infused Cooking Oil Chef Pack, All Natural Italiano, Roasted Garlic, Mediterranean Garlic, Balsamic Garlic</p><p>$26.99 ($0.79 / Fl Oz)</p><a href="https://www.amazon.com/dp/B087S41Y1W?tag=eloabder-20&linkCode=osi&th=1&psc=1">View Product</a></div><div class="product"><a href="https://www.amazon.com/dp/B08CY8R7TF?tag=eloabder-20&linkCode=osi&th=1&psc=1"><img src="https://m.media-amazon.com/images/I/61pbDfsr-8L._SL500_.jpg" alt="Product Image"></a><p>Infused Extra Virgin Olive Oil Gift Box Set, First Cold Pressed, Variety Pack, 4 bottles x 8.5 fl.oz (250ml), Naturally Infused for Dipping & Tasting, (Gift Box Included), Chili, Garlic, Basil, Rosemary, BASSO1904</p><p>$35.99 ($1.06 / Fl Oz)</p><a href="https://www.amazon.com/dp/B08CY8R7TF?tag=eloabder-20&linkCode=osi&th=1&psc=1">View Product</a></div><div class="product"><a href="https://www.amazon.com/dp/B009HRQ47U?tag=eloabder-20&linkCode=osi&th=1&psc=1"><img src="https://m.media-amazon.com/images/I/41PaTko-dvL._SL500_.jpg" alt="Product Image"></a><p>TruffleHunter - English, Black & White Truffle Oil Set - 3.38 Oz x 3</p><p>$29.70 ($0.10 / Fl Oz)</p><a href="https://www.amazon.com/dp/B009HRQ47U?tag=eloabder-20&linkCode=osi&th=1&psc=1">View Product</a></div><div class="product"><a href="https://www.amazon.com/dp/B07ZZLZBF8?tag=eloabder-20&linkCode=osi&th=1&psc=1"><img src="https://m.media-amazon.com/images/I/51fpIYH949L._SL500_.jpg" alt="Product Image"></a><p>Viva Oliva Six 60ml (2oz) Variety Gift Set - Premium Flavored Extra Virgin Olive Oils (Tuscan Herb, Basil, Mushroom & Sage) and All Natural Balsamic Vinegars (18 Year Traditional, Grapefruit, Black Mission Fig)</p><p>$43.95 ($3.61 / Fl Oz)</p><a href="https://www.amazon.com/dp/B07ZZLZBF8?tag=eloabder-20&linkCode=osi&th=1&psc=1">View Product</a></div><div class="product"><a href="https://www.amazon.com/dp/B0B2LS1J8F?tag=eloabder-20&linkCode=osi&th=1&psc=1"><img src="https://m.media-amazon.com/images/I/41q4RRhEqPL._SL500_.jpg" alt="Product Image"></a><p>Infused Olive Oil Gift Sets - Organic Puglia Olive Oil Sampler Gift Set. Ideal for Italian Gifts and Edible Gift Baskets. Gourmet Olive Oil Gift Box of 5 x 3.45 Fl.Oz.</p><p>$53.80 ($3.16 / Fl Oz)</p><a href="https://www.amazon.com/dp/B0B2LS1J8F?tag=eloabder-20&linkCode=osi&th=1&psc=1">View Product</a></div><div class="product"><a href="https://www.amazon.com/dp/B08P967SSX?tag=eloabder-20&linkCode=osi&th=1&psc=1"><img src="https://m.media-amazon.com/images/I/51HyprLyr5L._SL500_.jpg" alt="Product Image"></a><p>Viva Oliva Four 60ml (2oz) Variety Gift Set - Premium Flavored Extra Virgin Olive Oils (Tuscan Herb & Basil) and All Natural Balsamic Vinegars (18 Year Traditional & Black Mission Fig)</p><p>$33.95 ($4.18 / Fl Oz)</p><a href="https://www.amazon.com/dp/B08P967SSX?tag=eloabder-20&linkCode=osi&th=1&psc=1">View Product</a></div><div class="product"><a href="https://www.amazon.com/dp/B0078DPMQY?tag=eloabder-20&linkCode=osi&th=1&psc=1"><img src="https://m.media-amazon.com/images/I/31qLwvo1tML._SL500_.jpg" alt="Product Image"></a><p>Benissimo Oil Roasted Garlic, 8.1 Ounces</p><p>$11.99 ($1.48 / Ounce)</p><a href="https://www.amazon.com/dp/B0078DPMQY?tag=eloabder-20&linkCode=osi&th=1&psc=1">View Product</a></div>
<div class="product"><a href="https://www.amazon.com/dp/B07MGKCV5Y?tag=eloabder-20&linkCode=osi&th=1&psc=1"><img src="https://m.media-amazon.com/images/I/31tE+o2DanL._SL500_.jpg" alt="Product Image"></a><p>Iberia All Natural Distilled White Vinegar, 1 Gallon - 5% Acidity</p><p>$12.99 ($0.10 / Fl Oz)</p><a href="https://www.amazon.com/dp/B07MGKCV5Y?tag=eloabder-20&linkCode=osi&th=1&psc=1">View Product</a></div><div class="product"><a href="https://www.amazon.com/dp/B07985NMQD?tag=eloabder-20&linkCode=osi&th=1&psc=1"><img src="https://m.media-amazon.com/images/I/41ElEDybjlL._SL500_.jpg" alt="Product Image"></a><p>Lucy's Family Owned - Natural Distilled White Vinegar, 1 Gallon (128 oz) - 5% Acidity (White Vinegar, 1 Gallon (128 fl oz.))</p><p>$17.99 ($0.14 / Fl Oz)</p><a href="https://www.amazon.com/dp/B07985NMQD?tag=eloabder-20&linkCode=osi&th=1&psc=1">View Product</a></div><div class="product"><a href="https://www.amazon.com/dp/B07F7MXPWD?tag=eloabder-20&linkCode=osi&th=1&psc=1"><img src="https://m.media-amazon.com/images/I/51GKn4NVqTL._SL500_.jpg" alt="Product Image"></a><p>Soeos Chinkiang Vinegar 16.9 fl oz (500ml), 3 Years Aged, Naturally Fermented, Mature Aged Black Vinegar, Chinese Black Vinegar, Zhenjiang Vinegar, Black Rice Vinegar, Black Vinegar Chinese.</p><p>$13.99 ($0.83 / Fl Oz)</p><a href="https://www.amazon.com/dp/B07F7MXPWD?tag=eloabder-20&linkCode=osi&th=1&psc=1">View Product</a></div><div class="product"><a href="https://www.amazon.com/dp/B001I7MVG0?tag=eloabder-20&linkCode=osi&th=1&psc=1"><img src="https://m.media-amazon.com/images/I/41HHUOECW2L._SL500_.jpg" alt="Product Image"></a><p>Bragg Organic Raw Apple Cider Vinegar, 32 Ounce - 1 Pack</p><p>$5.99 ($0.19 / Fl Oz)</p><a href="https://www.amazon.com/dp/B001I7MVG0?tag=eloabder-20&linkCode=osi&th=1&psc=1">View Product</a></div><div class="product"><a href="https://www.amazon.com/dp/B07W9HX3MV?tag=eloabder-20&linkCode=osi&th=1&psc=1"><img src="https://m.media-amazon.com/images/I/413FdgpxYrL._SL500_.jpg" alt="Product Image"></a><p>Calyptus 45% Pure Super Concentrated Vinegar | Dilutes to 9 Gallons | 9x Power Concentrate Vinegar | 1 Gallon</p><p>$26.99 ($0.21 / Fl Oz)</p><a href="https://www.amazon.com/dp/B07W9HX3MV?tag=eloabder-20&linkCode=osi&th=1&psc=1">View Product</a></div><div class="product"><a href="https://www.amazon.com/dp/B0052BFNLS?tag=eloabder-20&linkCode=osi&th=1&psc=1"><img src="https://m.media-amazon.com/images/I/31Tfk-0-ybL._SL500_.jpg" alt="Product Image"></a><p>Pompeian Gourmet Red Wine Vinegar, Perfect for Salad Dressings, Marinades & Sauces, Naturally Gluten Free, 30 Ounce</p><p>$4.91 ($0.16 / Fl Oz)</p><a href="https://www.amazon.com/dp/B0052BFNLS?tag=eloabder-20&linkCode=osi&th=1&psc=1">View Product</a></div><div class="product"><a href="https://www.amazon.com/dp/B00AAL6W2Y?tag=eloabder-20&linkCode=osi&th=1&psc=1"><img src="https://m.media-amazon.com/images/I/51dfgVE7orL._SL500_.jpg" alt="Product Image"></a><p>Mantova Organic Flavored Balsamic Vinegar of Modena 4-Variety Pack: Fig, Pear, Pomegranate, & Raspberry; Perfect for Gift Basket, Add to Pasta, Salad, Ice Cream and Cocktails, 8.5 oz per bottle</p><p>$27.99 ($0.82 / Fl Oz)</p><a href="https://www.amazon.com/dp/B00AAL6W2Y?tag=eloabder-20&linkCode=osi&th=1&psc=1">View Product</a></div><div class="product"><a href="https://www.amazon.com/dp/B0BGYTGT7X?tag=eloabder-20&linkCode=osi&th=1&psc=1"><img src="https://m.media-amazon.com/images/I/41huHEExA1L._SL500_.jpg" alt="Product Image"></a><p>Bragg Organic Apple Cider Vinegar With the Mother– Raw, Unfiltered All Natural Ingredients (64 Fl Oz (Pack of 1))</p><p>$13.68 ($0.21 / Fl Oz)</p><a href="https://www.amazon.com/dp/B0BGYTGT7X?tag=eloabder-20&linkCode=osi&th=1&psc=1">View Product</a></div><div class="product"><a href="https://www.amazon.com/dp/B08TZY2TZ8?tag=eloabder-20&linkCode=osi&th=1&psc=1"><img src="https://m.media-amazon.com/images/I/41YwKPQA9rL._SL500_.jpg" alt="Product Image"></a><p>Due Vittorie Oro Gold Balsamic Vinegar of Modena. Highest score from The Consortium of Modena With Cork Pourer - 8.45fl oz / 250ml</p><p>$17.00 ($2.01 / Fl Oz)</p><a href="https://www.amazon.com/dp/B08TZY2TZ8?tag=eloabder-20&linkCode=osi&th=1&psc=1">View Product</a></div>
<div class="product"><a href="https://www.amazon.com/dp/B07HMJWCNL?tag=eloabder-20&linkCode=osi&th=1&psc=1"><img src="https://m.media-amazon.com/images/I/51ayBrtgPUL._SL500_.jpg" alt="Product Image"></a><p>TRUFF Original Black Truffle Hot Sauce, Gourmet Hot Sauce with Ripe Chili Peppers, Black Truffle Oil, Agave Nectar, Unique Flavor Experience in a Bottle, 6 oz.</p><p>$14.99</p><a href="https://www.amazon.com/dp/B07HMJWCNL?tag=eloabder-20&linkCode=osi&th=1&psc=1">View Product</a></div><div class="product"><a href="https://www.amazon.com/dp/B083QT1TPX?tag=eloabder-20&linkCode=osi&th=1&psc=1"><img src="https://m.media-amazon.com/images/I/41mYuAlAFNL._SL500_.jpg" alt="Product Image"></a><p>TRUFF Hot Sauce Variety Pack, Gourmet Hot Sauce Set of Original, Hotter and Limited White Edition, Unique Flavor Experiences with Truffle, 3-Bottle Bundle, 3ct 6oz bottles</p><p>$67.99 ($3.78 / Ounce)</p><a href="https://www.amazon.com/dp/B083QT1TPX?tag=eloabder-20&linkCode=osi&th=1&psc=1">View Product</a></div><div class="product"><a href="https://www.amazon.com/dp/B0BV19S7TR?tag=eloabder-20&linkCode=osi&th=1&psc=1"><img src="https://m.media-amazon.com/images/I/51iGXyqK-pL._SL500_.jpg" alt="Product Image"></a><p>Le Sauce & Co., White Wine Lemon Garlic Gourmet Finishing Sauce (2-pack), Steakhouse Quality Gourmet Sauce, Lemon Sauce, Garlic Sauce, White Wine Sauce, Steak Sauce, Chicken sauce, Lemon Sauce, Cream Sauce,</p><p>$13.94 ($1.55 / Ounce)</p><a href="https://www.amazon.com/dp/B0BV19S7TR?tag=eloabder-20&linkCode=osi&th=1&psc=1">View Product</a></div><div class="product"><a href="https://www.amazon.com/dp/B078JBZBW5?tag=eloabder-20&linkCode=osi&th=1&psc=1"><img src="https://m.media-amazon.com/images/I/51J1qgzr8uL._SL500_.jpg" alt="Product Image"></a><p>Melinda’s Hot Sauce Variety Pack - Extra Spicy Gourmet Hot Sauce Gift Set with Variety of Heat Levels - Includes XXXXtra Reserve, Garlic Habanero, Extra Hot, Mango, Ghost Pepper- 5 oz, 5 Pack</p><p>$21.99 ($0.88 / Fl Oz)</p><a href="https://www.amazon.com/dp/B078JBZBW5?tag=eloabder-20&linkCode=osi&th=1&psc=1">View Product</a></div><div class="product"><a href="https://www.amazon.com/dp/B0BL864XMH?tag=eloabder-20&linkCode=osi&th=1&psc=1"><img src="https://m.media-amazon.com/images/I/51+63Ag8ApL._SL500_.jpg" alt="Product Image"></a><p>Dave's Gourmet Creamy Hot Sauce Variety 4-Pack - Moderate Heat for Flavoring Your Favorite Food</p><p>$30.99 ($0.97 / Ounce)</p><a href="https://www.amazon.com/dp/B0BL864XMH?tag=eloabder-20&linkCode=osi&th=1&psc=1">View Product</a></div>
<div class="product"><a href="https://www.amazon.com/dp/B07WT6GP2F?tag=eloabder-20&linkCode=osi&th=1&psc=1"><img src="https://m.media-amazon.com/images/I/41mEgBeglEL._SL500_.jpg" alt="Product Image"></a><p>Lindt Mini Pralines, Assorted Chocolate Pralines with Premium Filling, Great for gift giving, 6.2 oz Box</p><p>$16.49 ($2.66 / Ounce)</p><a href="https://www.amazon.com/dp/B07WT6GP2F?tag=eloabder-20&linkCode=osi&th=1&psc=1">View Product</a></div><div class="product"><a href="https://www.amazon.com/dp/B01BDI89SW?tag=eloabder-20&linkCode=osi&th=1&psc=1"><img src="https://m.media-amazon.com/images/I/61w5wYyxzKL._SL500_.jpg" alt="Product Image"></a><p>Ferrero Collection, 24 Count, Premium Gourmet Assorted Hazelnut Milk Chocolate, Dark Chocolate and Coconut, 9.1 oz</p><p>$11.97 ($1.32 / Ounce)</p><a href="https://www.amazon.com/dp/B01BDI89SW?tag=eloabder-20&linkCode=osi&th=1&psc=1">View Product</a></div><div class="product"><a href="https://www.amazon.com/dp/B0BHTWFQ5X?tag=eloabder-20&linkCode=osi&th=1&psc=1"><img src="https://m.media-amazon.com/images/I/41K-mIm1WNL._SL500_.jpg" alt="Product Image"></a><p>Lindt LINDOR Assorted Chocolate Truffles 90 Count Gift Box, Chocolate Candy with Smooth, Melting Truffle Center, 38.4 oz. Box</p><p>$33.95 ($0.88 / Ounce)</p><a href="https://www.amazon.com/dp/B0BHTWFQ5X?tag=eloabder-20&linkCode=osi&th=1&psc=1">View Product</a></div><div class="product"><a href="https://www.amazon.com/dp/B00UXI3PLU?tag=eloabder-20&linkCode=osi&th=1&psc=1"><img src="https://m.media-amazon.com/images/I/41Jw-Ek4+CL._SL500_.jpg" alt="Product Image"></a><p>Lindt LINDOR Milk Chocolate Candy Truffles, Milk Chocolate with Melting Truffle Center, 15.2 oz. Bag</p><p>$12.18 ($0.80 / Ounce)</p><a href="https://www.amazon.com/dp/B00UXI3PLU?tag=eloabder-20&linkCode=osi&th=1&psc=1">View Product</a></div>
<div class="product"><a href="https://www.amazon.com/dp/B000SDKDM4?tag=eloabder-20&linkCode=osi&th=1&psc=1"><img src="https://m.media-amazon.com/images/I/41L+oJp7MmL._SL500_.jpg" alt="Product Image"></a><p>Lavazza Super Crema Whole Bean Coffee Blend, light-Medium Espresso Roast, 2.2 Pound (Pack of 1) ,Premium Quality, Aromatic, Mild and creamy</p><p>$18.49 ($0.53 / Ounce)</p><a href="https://www.amazon.com/dp/B000SDKDM4?tag=eloabder-20&linkCode=osi&th=1&psc=1">View Product</a></div><div class="product"><a href="https://www.amazon.com/dp/B0721BGRS9?tag=eloabder-20&linkCode=osi&th=1&psc=1"><img src="https://m.media-amazon.com/images/I/41tHHVMfguL._SL500_.jpg" alt="Product Image"></a><p>Amazon Fresh, Dark Roast, Whole Bean Coffee, 32 Oz</p><p>$19.18 ($0.60 / Ounce)</p><a href="https://www.amazon.com/dp/B0721BGRS9?tag=eloabder-20&linkCode=osi&th=1&psc=1">View Product</a></div><div class="product"><a href="https://www.amazon.com/dp/B003GV7JFE?tag=eloabder-20&linkCode=osi&th=1&psc=1"><img src="https://m.media-amazon.com/images/I/41IKY6hLa9L._SL500_.jpg" alt="Product Image"></a><p>Eight O'Clock Coffee Whole Bean, The Original, 42 Ounce</p><p>$13.98</p><a href="https://www.amazon.com/dp/B003GV7JFE?tag=eloabder-20&linkCode=osi&th=1&psc=1">View Product</a></div><div class="product"><a href="https://www.amazon.com/dp/B07171HMF5?tag=eloabder-20&linkCode=osi&th=1&psc=1"><img src="https://m.media-amazon.com/images/I/41EBDHFVYVL._SL500_.jpg" alt="Product Image"></a><p>Mt. Comfort Coffee Organic Peru Medium Roast, 2.5 Pounds - Flavor Notes of Nutty, Chocolate, & Citrus - Sourced From Small, Peruvian Coffee Farms - Roasted Whole Beans</p><p>$23.19 ($0.58 / Ounce)</p><a href="https://www.amazon.com/dp/B07171HMF5?tag=eloabder-20&linkCode=osi&th=1&psc=1">View Product</a></div><div class="product"><a href="https://www.amazon.com/dp/B006Y7WAHE?tag=eloabder-20&linkCode=osi&th=1&psc=1"><img src="https://m.media-amazon.com/images/I/31VxnI1AuQL._SL500_.jpg" alt="Product Image"></a><p>Cameron's Coffee Roasted Whole Bean Coffee, Breakfast Blend, 32 Ounce, (Pack of 1)</p><p>$10.98 ($0.34 / Ounce)</p><a href="https://www.amazon.com/dp/B006Y7WAHE?tag=eloabder-20&linkCode=osi&th=1&psc=1">View Product</a></div><div class="product"><a href="https://www.amazon.com/dp/B0002E2GQU?tag=eloabder-20&linkCode=osi&th=1&psc=1"><img src="https://m.media-amazon.com/images/I/41f+StbrprL._SL500_.jpg" alt="Product Image"></a><p>Lavazza Crema E Aroma Whole Bean Coffee Blend, 2.2-Pound Bag , Balanced medium roast with an intense, earthy flavor and long lasting crema, Non-GMO</p><p>$17.99 ($0.51 / Ounce)</p><a href="https://www.amazon.com/dp/B0002E2GQU?tag=eloabder-20&linkCode=osi&th=1&psc=1">View Product</a></div><div class="product"><a href="https://www.amazon.com/dp/B005OJ4X32?tag=eloabder-20&linkCode=osi&th=1&psc=1"><img src="https://m.media-amazon.com/images/I/31GzxEGJ-1L._SL500_.jpg" alt="Product Image"></a><p>Lavazza Espresso Barista Gran Crema Whole Bean Coffee Blend, Medium Espresso Roast, Oz Bag (Packaging May Vary) - 2.2 LB, 35.2 Ounce</p><p>$17.99 ($0.51 / Ounce)</p><a href="https://www.amazon.com/dp/B005OJ4X32?tag=eloabder-20&linkCode=osi&th=1&psc=1">View Product</a></div><div class="product"><a href="https://www.amazon.com/dp/B003YVRX5W?tag=eloabder-20&linkCode=osi&th=1&psc=1"><img src="https://m.media-amazon.com/images/I/41Ioxmr1WhL._SL500_.jpg" alt="Product Image"></a><p>Tim Hortons Whole Bean Original, Medium Roast Coffee, Made with 100% Arabica Beans, 32 Ounce Bag</p><p>$15.68 ($0.49 / Ounce)</p><a href="https://www.amazon.com/dp/B003YVRX5W?tag=eloabder-20&linkCode=osi&th=1&psc=1">View Product</a></div><div class="product"><a href="https://www.amazon.com/dp/B016RY0LWO?tag=eloabder-20&linkCode=osi&th=1&psc=1"><img src="https://m.media-amazon.com/images/I/41I6lHKpWrL._SL500_.jpg" alt="Product Image"></a><p>Lavazza Espresso Italiano Whole Bean Coffee Blend, Medium Roast,Premium Quality Arabic, 2.2 Pound (Pack of 1) (Packaging may vary)</p><p>$14.98 ($0.43 / Ounce)</p><a href="https://www.amazon.com/dp/B016RY0LWO?tag=eloabder-20&linkCode=osi&th=1&psc=1">View Product</a></div>
<div class="product"><a href="https://www.amazon.com/dp/B09ZMVM3XJ?tag=eloabder-20&linkCode=osi&th=1&psc=1"><img src="https://m.media-amazon.com/images/I/51IRO3xhEKL._SL500_.jpg" alt="Product Image"></a><p>Gardenika Organic Loose Leaf Tea Sampler – 8 Pack, 1 LB – Herbal and Naturally Caffeine-Free Set - Ayurvedic Assortment Blend</p><p>$29.95 ($29.95 / Count)</p><a href="https://www.amazon.com/dp/B09ZMVM3XJ?tag=eloabder-20&linkCode=osi&th=1&psc=1">View Product</a></div><div class="product"><a href="https://www.amazon.com/dp/B0CVTGJHK9?tag=eloabder-20&linkCode=osi&th=1&psc=1"><img src="https://m.media-amazon.com/images/I/51J-jqFqytL._SL500_.jpg" alt="Product Image"></a><p>Lyon DIY Tea Blending Set-16 Tin Variety Pack-Premium Herbal Tea & Exotic Floral/Fruit Flavor Infusers - Create 75+ Cups w/Assorted Teas, Oolong, Chamomile, Rose, Peach & More</p><p>$44.95 ($6.25 / Ounce)</p><a href="https://www.amazon.com/dp/B0CVTGJHK9?tag=eloabder-20&linkCode=osi&th=1&psc=1">View Product</a></div><div class="product"><a href="https://www.amazon.com/dp/B01AJBV0US?tag=eloabder-20&linkCode=osi&th=1&psc=1"><img src="https://m.media-amazon.com/images/I/516u5DAm7GL._SL500_.jpg" alt="Product Image"></a><p>Tiesta Tea - Lavender Chamomile | Soft Chamomile Herbal Tea | Premium Loose Leaf Tea Blend | Non Caffeinated Herbal Tea | Make Hot or Iced Tea & Brews Up to 25 Cups - 0.9 Ounce Resealable Pouch</p><p>$4.99 ($5.54 / Ounce)</p><a href="https://www.amazon.com/dp/B01AJBV0US?tag=eloabder-20&linkCode=osi&th=1&psc=1">View Product</a></div><div class="product"><a href="https://www.amazon.com/dp/B08VF85JJF?tag=eloabder-20&linkCode=osi&th=1&psc=1"><img src="https://m.media-amazon.com/images/I/517Ac4bB6FL._SL500_.jpg" alt="Product Image"></a><p>Tiesta Tea Top 8 Favorites Sampler Set, Up to 80 Cups, High to No Caffeine, Hot & Iced Tea, Loose Leaf Tea Variety Pack with Green, Herbal, Black & Chai Tea, 8 Sample Pouches</p><p>$22.95 ($3.59 / Ounce)</p><a href="https://www.amazon.com/dp/B08VF85JJF?tag=eloabder-20&linkCode=osi&th=1&psc=1">View Product</a></div><div class="product"><a href="https://www.amazon.com/dp/B08MWDTNTZ?tag=eloabder-20&linkCode=osi&th=1&psc=1"><img src="https://m.media-amazon.com/images/I/51M1TNYBU7L._SL500_.jpg" alt="Product Image"></a><p>Tetley British Blend Premium Black Tea, 320 Tea Bags, Rainforest Alliance Certified, 320 Count (Pack of 1)</p><p>$15.92 ($0.05 / Count)</p><a href="https://www.amazon.com/dp/B08MWDTNTZ?tag=eloabder-20&linkCode=osi&th=1&psc=1">View Product</a></div><div class="product"><a href="https://www.amazon.com/dp/B086R8PDZV?tag=eloabder-20&linkCode=osi&th=1&psc=1"><img src="https://m.media-amazon.com/images/I/41nHau5YdVL._SL500_.jpg" alt="Product Image"></a><p>Buddha Teas - Organic Mushroom Wellness Blend - Herbal Tea - For Health & Wellbeing - With Antioxidants & Minerals - Clean Ingredients - Caffeine Free - OU Kosher & Non-GMO - 18 Tea Bags (Pack of 1).</p><p>$8.25 ($0.46 / Count)</p><a href="https://www.amazon.com/dp/B086R8PDZV?tag=eloabder-20&linkCode=osi&th=1&psc=1">View Product</a></div><div class="product"><a href="https://www.amazon.com/dp/B07CGW59KH?tag=eloabder-20&linkCode=osi&th=1&psc=1"><img src="https://m.media-amazon.com/images/I/611h06lvlUL._SL500_.jpg" alt="Product Image"></a><p>Loose Leaf Tea Sampler Create Your Own Tea Blend Starter Kit w/Sencha, Rooibos, China Black, & Ginger, Lavender, Rose, Lemongrass, Hibiscus Spices</p><p>$29.99</p><a href="https://www.amazon.com/dp/B07CGW59KH?tag=eloabder-20&linkCode=osi&th=1&psc=1">View Product</a></div><div class="product"><a href="https://www.amazon.com/dp/B0CT8JGNB8?tag=eloabder-20&linkCode=osi&th=1&psc=1"><img src="https://m.media-amazon.com/images/I/411PWQNU6BL._SL500_.jpg" alt="Product Image"></a><p>120 Premium Turmeric, Ginger, Cinnamon Blend Tea Bags, 100% Natural & No Additives & Caffeine Free.</p><p>$14.95 ($0.12 / Count)</p><a href="https://www.amazon.com/dp/B0CT8JGNB8?tag=eloabder-20&linkCode=osi&th=1&psc=1">View Product</a></div><div class="product"><a href="https://www.amazon.com/dp/B00OS96DVY?tag=eloabder-20&linkCode=osi&th=1&psc=1"><img src="https://m.media-amazon.com/images/I/51-sK6ajnML._SL500_.jpg" alt="Product Image"></a><p>Harney & Sons Tower of London Black Tea with Vanilla, Black Currant, Caramel, and Honey | 30 sachets, Historic Royal Palaces Collection</p><p>$10.33 ($3.90 / Ounce)</p><a href="https://www.amazon.com/dp/B00OS96DVY?tag=eloabder-20&linkCode=osi&th=1&psc=1">View Product</a></div><div class="product"><a href="https://www.amazon.com/dp/B0BHYBHVJ6?tag=eloabder-20&linkCode=osi&th=1&psc=1"><img src="https://m.media-amazon.com/images/I/51F9trJcmdL._SL500_.jpg" alt="Product Image"></a><p>Organic Sleep Blend Herbal Tea - 50 Packets - Natural Chamomile, Peppermint, Fennel And Tulsi Teabags - USDA Certified 100% Non-GMO - Decaffeinated Designer Gift Tin</p><p>$8.69 ($0.17 / Count)</p><a href="https://www.amazon.com/dp/B0BHYBHVJ6?tag=eloabder-20&linkCode=osi&th=1&psc=1">View Product</a></div>
<div class="product"><a href="https://www.amazon.com/dp/B0BVXD8CX3?tag=eloabder-20&linkCode=osi&th=1&psc=1"><img src="https://m.media-amazon.com/images/I/51hkEiL7c8L._SL500_.jpg" alt="Product Image"></a><p>Simply Organic Herbs, Spices and Seasonings Assorted Variety Sampler Gift Set - By Veher (24-Pack)</p><p>$142.95 ($5.96 / Ounce)</p><a href="https://www.amazon.com/dp/B0BVXD8CX3?tag=eloabder-20&linkCode=osi&th=1&psc=1">View Product</a></div><div class="product"><a href="https://www.amazon.com/dp/B094WXH3KP?tag=eloabder-20&linkCode=osi&th=1&psc=1"><img src="https://m.media-amazon.com/images/I/51mqUk3dM1L._SL500_.jpg" alt="Product Image"></a><p>eonou Encore Seasonings and Spices 10 pk - Premium Cooking Spices and Herbs (Oregano, Rosemary, Basil, Parsley, Italian Seasoning, Cumin, Steak Spice, Chopped Onion, Onion Powder, Thyme)</p><p>$19.99 ($2.00 / Count)</p><a href="https://www.amazon.com/dp/B094WXH3KP?tag=eloabder-20&linkCode=osi&th=1&psc=1">View Product</a></div><div class="product"><a href="https://www.amazon.com/dp/B072N9BLHS?tag=eloabder-20&linkCode=osi&th=1&psc=1"><img src="https://m.media-amazon.com/images/I/519zkN7EgWL._SL500_.jpg" alt="Product Image"></a><p>The Spice Way Herbes De Provence - | 4oz | fresh herbs and spice seasoning</p><p>$6.99 ($1.75 / Ounce)</p><a href="https://www.amazon.com/dp/B072N9BLHS?tag=eloabder-20&linkCode=osi&th=1&psc=1">View Product</a></div><div class="product"><a href="https://www.amazon.com/dp/B0761Z81ZK?tag=eloabder-20&linkCode=osi&th=1&psc=1"><img src="https://m.media-amazon.com/images/I/51tYgb8ntBL._SL500_.jpg" alt="Product Image"></a><p>McCormick Grill Mates Roasted Garlic & Herb Seasoning, 9.25 oz</p><p>$7.43 ($0.80 / Ounce)</p><a href="https://www.amazon.com/dp/B0761Z81ZK?tag=eloabder-20&linkCode=osi&th=1&psc=1">View Product</a></div><div class="product"><a href="https://www.amazon.com/dp/B00CQ7K9J2?tag=eloabder-20&linkCode=osi&th=1&psc=1"><img src="https://m.media-amazon.com/images/I/317BBm1p-TL._SL500_.jpg" alt="Product Image"></a><p>Bragg Sprinkle Herbs and Spices - Salt Free Seasoning, 1.5oz, Single</p><p>$6.99 ($4.66 / Ounce)</p><a href="https://www.amazon.com/dp/B00CQ7K9J2?tag=eloabder-20&linkCode=osi&th=1&psc=1">View Product</a></div><div class="product"><a href="https://www.amazon.com/dp/B003H2S2KI?tag=eloabder-20&linkCode=osi&th=1&psc=1"><img src="https://m.media-amazon.com/images/I/41mr0wk+3mL._SL500_.jpg" alt="Product Image"></a><p>Badia Herbs De Provence, 8 Ounces</p><p>$6.26 ($0.78 / Ounce)</p><a href="https://www.amazon.com/dp/B003H2S2KI?tag=eloabder-20&linkCode=osi&th=1&psc=1">View Product</a></div><div class="product"><a href="https://www.amazon.com/dp/B0BQ4VRJBL?tag=eloabder-20&linkCode=osi&th=1&psc=1"><img src="https://m.media-amazon.com/images/I/41ZxLNNd8mL._SL500_.jpg" alt="Product Image"></a><p>Weber Roasted Garlic & Herb Seasoning, 5.5 Ounce Shaker</p><p>$2.82 ($0.51 / Ounce)</p><a href="https://www.amazon.com/dp/B0BQ4VRJBL?tag=eloabder-20&linkCode=osi&th=1&psc=1">View Product</a></div><div class="product"><a href="https://www.amazon.com/dp/B08KRC7V7J?tag=eloabder-20&linkCode=osi&th=1&psc=1"><img src="https://m.media-amazon.com/images/I/4170CYnZ9WL._SL500_.jpg" alt="Product Image"></a><p>McCormick Salt Free Garlic and Herb Seasoning, 4.37 oz</p><p>$4.68 ($1.07 / Ounce)</p><a href="https://www.amazon.com/dp/B08KRC7V7J?tag=eloabder-20&linkCode=osi&th=1&psc=1">View Product</a></div><div class="product"><a href="https://www.amazon.com/dp/B00IX4WUTY?tag=eloabder-20&linkCode=osi&th=1&psc=1"><img src="https://m.media-amazon.com/images/I/51TAH1ijkqS._SL500_.jpg" alt="Product Image"></a><p>Bragg Sprinkle Herbs and Spices Seasoning, 1.5oz, 3 Pack</p><p>$20.27 ($13.51 / Ounce)</p><a href="https://www.amazon.com/dp/B00IX4WUTY?tag=eloabder-20&linkCode=osi&th=1&psc=1">View Product</a></div>
<div class="product"><a href="https://www.amazon.com/dp/B0BWSKYV63?tag=eloabder-20&linkCode=osi&th=1&psc=1"><img src="https://m.media-amazon.com/images/I/51Q5Je2yRhL._SL500_.jpg" alt="Product Image"></a><p>Welch's Fruit Snacks, Mixed Fruit, Perfect Easter Basket Stuffers, Gluten Free, Bulk Pack, Individual Single Serve Bags, 0.8 oz (Pack of 40)</p><p>$7.99 ($0.25 / Ounce)</p><a href="https://www.amazon.com/dp/B0BWSKYV63?tag=eloabder-20&linkCode=osi&th=1&psc=1">View Product</a></div><div class="product"><a href="https://www.amazon.com/dp/B08826B2XL?tag=eloabder-20&linkCode=osi&th=1&psc=1"><img src="https://m.media-amazon.com/images/I/61DT5pSYXFL._SL500_.jpg" alt="Product Image"></a><p>Frito Lay Ultimate Classic Snacks Package, Variety Assortment of Chips, Cookies, Crackers, & Nuts, (Pack of 40) (Packaging May Vary)</p><p>$26.91</p><a href="https://www.amazon.com/dp/B08826B2XL?tag=eloabder-20&linkCode=osi&th=1&psc=1">View Product</a></div><div class="product"><a href="https://www.amazon.com/dp/B013OY25GA?tag=eloabder-20&linkCode=osi&th=1&psc=1"><img src="https://m.media-amazon.com/images/I/51FlSjX95aL._SL500_.jpg" alt="Product Image"></a><p>Snack Pack Chocolate and Vanilla Flavored Pudding Cups Family Pack, 12 Count Pudding Cups (6 Pack)</p><p>$3.27 ($0.01 / Ounce)</p><a href="https://www.amazon.com/dp/B013OY25GA?tag=eloabder-20&linkCode=osi&th=1&psc=1">View Product</a></div><div class="product"><a href="https://www.amazon.com/dp/B0BWSLB73Z?tag=eloabder-20&linkCode=osi&th=1&psc=1"><img src="https://m.media-amazon.com/images/I/51RWXG4OG6L._SL500_.jpg" alt="Product Image"></a><p>Welch's Fruit Snacks, Fruit Punch & Island Fruits Variety Pack, Perfect for School Lunches, Gluten Free, Bulk Pack, 0.8 oz Individual Single Serve Bags (Pack of 40)</p><p>$8.49 ($0.21 / Count)</p><a href="https://www.amazon.com/dp/B0BWSLB73Z?tag=eloabder-20&linkCode=osi&th=1&psc=1">View Product</a></div><div class="product"><a href="https://www.amazon.com/dp/B09FFXR2VV?tag=eloabder-20&linkCode=osi&th=1&psc=1"><img src="https://m.media-amazon.com/images/I/51SZiftXwcL._SL500_.jpg" alt="Product Image"></a><p>The Only Bean Crunchy Dry Roasted Edamame Snacks (Sea Salt), Keto Snack Food, High Protein (11g) Healthy Snacks, Low Carb Gluten Free Office Vegan Food 100 Calorie Snack Pack, 0.9oz 10 Pack</p><p>$12.72 ($1.41 / Ounce)</p><a href="https://www.amazon.com/dp/B09FFXR2VV?tag=eloabder-20&linkCode=osi&th=1&psc=1">View Product</a></div><div class="product"><a href="https://www.amazon.com/dp/B072151Q32?tag=eloabder-20&linkCode=osi&th=1&psc=1"><img src="https://m.media-amazon.com/images/I/41Rlgfdz90L._SL500_.jpg" alt="Product Image"></a><p>Dole Fruit Bowls No Sugar Added Variety Pack Snacks, Peaches, Mandarin Oranges & Cherry Mixed Fruit, 4oz 12 Cups, Gluten & Dairy Free, Bulk Lunch Snacks for Kids & Adults</p><p>$6.74 ($0.56 / Count)</p><a href="https://www.amazon.com/dp/B072151Q32?tag=eloabder-20&linkCode=osi&th=1&psc=1">View Product</a></div><div class="product"><a href="https://www.amazon.com/dp/B084RDDFGR?tag=eloabder-20&linkCode=osi&th=1&psc=1"><img src="https://m.media-amazon.com/images/I/41eLMpoHGkL._SL500_.jpg" alt="Product Image"></a><p>Kellogg's Rice Krispies Treats, Crispy Marshmallow Squares, Original, School Lunch Snack, 41.9oz Case (54 Count)</p><p>$13.49 ($0.32 / Ounce)</p><a href="https://www.amazon.com/dp/B084RDDFGR?tag=eloabder-20&linkCode=osi&th=1&psc=1">View Product</a></div><div class="product"><a href="https://www.amazon.com/dp/B00G2XNSWQ?tag=eloabder-20&linkCode=osi&th=1&psc=1"><img src="https://m.media-amazon.com/images/I/411XH1pQP8L._SL500_.jpg" alt="Product Image"></a><p>Nutella & GO! Bulk 12 Pack, Hazelnut and Cocoa Spread with Breadsticks, Snack Cups for Kids, 1.8 oz Each</p><p>$11.99 ($0.56 / Ounce)</p><a href="https://www.amazon.com/dp/B00G2XNSWQ?tag=eloabder-20&linkCode=osi&th=1&psc=1">View Product</a></div><div class="product"><a href="https://www.amazon.com/dp/B00KR7PKTC?tag=eloabder-20&linkCode=osi&th=1&psc=1"><img src="https://m.media-amazon.com/images/I/414UW7g-s5L._SL500_.jpg" alt="Product Image"></a><p>Cheez-It Cheese Crackers, Baked Snack Crackers, Lunch Snacks, Variety Pack, 12.1oz Box (12 Packs)</p><p>$5.82 ($0.48 / Ounce)</p><a href="https://www.amazon.com/dp/B00KR7PKTC?tag=eloabder-20&linkCode=osi&th=1&psc=1">View Product</a></div><div class="product"><a href="https://www.amazon.com/dp/B078D7MGY5?tag=eloabder-20&linkCode=osi&th=1&psc=1"><img src="https://m.media-amazon.com/images/I/41ttxloA1AL._SL500_.jpg" alt="Product Image"></a><p>Pringles Potato Crisps Chips, Lunch Snacks, On-the-Go Snacks, Snack Stacks, Variety Pack, 19.3oz Box (27 Cups)</p><p>$12.99 ($0.67 / Ounce)</p><a href="https://www.amazon.com/dp/B078D7MGY5?tag=eloabder-20&linkCode=osi&th=1&psc=1">View Product</a></div>
<div class="product"><a href="https://www.amazon.com/dp/B0C5YLP6PC?tag=eloabder-20&linkCode=osi&th=1&psc=1"><img src="https://m.media-amazon.com/images/I/41Ru-8CxkhL._SL500_.jpg" alt="Product Image"></a><p>3 Pack, Gluten Free Potato Gnocchi, Cooks in 2-3 minutes, (3 x 1 lb), Italian Gnocchi, Product of Italy, NON GMO, Eggs Free, Vegan, by L'Oro Del Sud</p><p>$17.99 ($1.12 / Ounce)</p><a href="https://www.amazon.com/dp/B0C5YLP6PC?tag=eloabder-20&linkCode=osi&th=1&psc=1">View Product</a></div><div class="product"><a href="https://www.amazon.com/dp/B09Q98H64R?tag=eloabder-20&linkCode=osi&th=1&psc=1"><img src="https://m.media-amazon.com/images/I/5101NV4WQOL._SL500_.jpg" alt="Product Image"></a><p>Kraft Gluten Free Original Mac & Cheese Macaroni and Cheese Dinner, 4 ct Pack, 1.9 oz Cups</p><p>$6.49 ($0.85 / Ounce)</p><a href="https://www.amazon.com/dp/B09Q98H64R?tag=eloabder-20&linkCode=osi&th=1&psc=1">View Product</a></div><div class="product"><a href="https://www.amazon.com/dp/B0BRBWXDTK?tag=eloabder-20&linkCode=osi&th=1&psc=1"><img src="https://m.media-amazon.com/images/I/41Di2iNnMJL._SL500_.jpg" alt="Product Image"></a><p>Katz Gluten Free Oatmeal Crème Pies| Dairy Free, Nut Free, Soy Free, Gluten Free | Kosher (1 Pack 6.3 Ounce)</p><p>$12.99 ($2.16 / Ounce)</p><a href="https://www.amazon.com/dp/B0BRBWXDTK?tag=eloabder-20&linkCode=osi&th=1&psc=1">View Product</a></div><div class="product"><a href="https://www.amazon.com/dp/B01JJ9H1Q8?tag=eloabder-20&linkCode=osi&th=1&psc=1"><img src="https://m.media-amazon.com/images/I/41EC1yykptL._SL500_.jpg" alt="Product Image"></a><p>King Arthur, Measure for Measure Flour, Certified Gluten-Free, Non-GMO Project Verified, Certified Kosher, 3 Pounds, Packaging May Vary</p><p>$8.62 ($0.18 / Ounce)</p><a href="https://www.amazon.com/dp/B01JJ9H1Q8?tag=eloabder-20&linkCode=osi&th=1&psc=1">View Product</a></div><div class="product"><a href="https://www.amazon.com/dp/B07CL1SRNB?tag=eloabder-20&linkCode=osi&th=1&psc=1"><img src="https://m.media-amazon.com/images/I/51jpv3MCzgL._SL500_.jpg" alt="Product Image"></a><p>Snyder's of Hanover, Gluten Free Pretzels, 8 Oz</p><p>$4.89 ($0.61 / Ounce)</p><a href="https://www.amazon.com/dp/B07CL1SRNB?tag=eloabder-20&linkCode=osi&th=1&psc=1">View Product</a></div><div class="product"><a href="https://www.amazon.com/dp/B004TSXNIA?tag=eloabder-20&linkCode=osi&th=1&psc=1"><img src="https://m.media-amazon.com/images/I/5137tUox+SL._SL500_.jpg" alt="Product Image"></a><p>Annie's Gluten Free Cocoa and Vanilla Bunny Cookies, 6.75 oz</p><p>$4.22 ($0.62 / Ounce)</p><a href="https://www.amazon.com/dp/B004TSXNIA?tag=eloabder-20&linkCode=osi&th=1&psc=1">View Product</a></div><div class="product"><a href="https://www.amazon.com/dp/B00GI9B84O?tag=eloabder-20&linkCode=osi&th=1&psc=1"><img src="https://m.media-amazon.com/images/I/41e7kO-b3WS._SL500_.jpg" alt="Product Image"></a><p>Mom's Place Gluten Free Beef Stroganoff Mix</p><p>$5.99 ($5.99 / Count)</p><a href="https://www.amazon.com/dp/B00GI9B84O?tag=eloabder-20&linkCode=osi&th=1&psc=1">View Product</a></div><div class="product"><a href="https://www.amazon.com/dp/B0BXQWVL1Q?tag=eloabder-20&linkCode=osi&th=1&psc=1"><img src="https://m.media-amazon.com/images/I/413idrGl7fL._SL500_.jpg" alt="Product Image"></a><p>Simple Mills Almond Flour Snack Bars (Chocolate Brownie) with Organic Coconut Oil, Chia Seeds, Sunflower Seeds, and Flax Seeds, 6oz, 1 Count</p><p>$4.50 ($0.75 / Ounce)</p><a href="https://www.amazon.com/dp/B0BXQWVL1Q?tag=eloabder-20&linkCode=osi&th=1&psc=1">View Product</a></div><div class="product"><a href="https://www.amazon.com/dp/B09Z9QV2CT?tag=eloabder-20&linkCode=osi&th=1&psc=1"><img src="https://m.media-amazon.com/images/I/41pnXqKjS7L._SL500_.jpg" alt="Product Image"></a><p>Mom's Place Gluten Free Biscuits & Gravy Mix</p><p>$8.99 ($0.67 / Ounce)</p><a href="https://www.amazon.com/dp/B09Z9QV2CT?tag=eloabder-20&linkCode=osi&th=1&psc=1">View Product</a></div>
<div class="product"><a href="https://www.amazon.com/dp/B0BNZF5CCM?tag=eloabder-20&linkCode=osi&th=1&psc=1"><img src="https://m.media-amazon.com/images/I/61ZB1KesX-L._SL500_.jpg" alt="Product Image"></a><p>Midi International Snack Box | Premium Exotic Foreign Snacks | Unique Snack Food Gifts Included | Purple Theme Box | Candies from Around the World | 12 Full-Size + 1 Bonus Snacks</p><p>$14.95 ($14.95 / Count)</p><a href="https://www.amazon.com/dp/B0BNZF5CCM?tag=eloabder-20&linkCode=osi&th=1&psc=1">View Product</a></div><div class="product"><a href="https://www.amazon.com/dp/B08W72N8SM?tag=eloabder-20&linkCode=osi&th=1&psc=1"><img src="https://m.media-amazon.com/images/I/61UC7bprqkL._SL500_.jpg" alt="Product Image"></a><p>Midi International Snack Box | Premium Exotic Foreign Snacks | Unique Snack Food Gifts Included | Fantastic Space Theme | Candies from Around the World | 12 Full-Size + 1 Bonus Snacks</p><p>$14.99 ($1.25 / Count)</p><a href="https://www.amazon.com/dp/B08W72N8SM?tag=eloabder-20&linkCode=osi&th=1&psc=1">View Product</a></div><div class="product"><a href="https://www.amazon.com/dp/B0C6PRVVJY?tag=eloabder-20&linkCode=osi&th=1&psc=1"><img src="https://m.media-amazon.com/images/I/61o8Z3EzSnL._SL500_.jpg" alt="Product Image"></a><p>International Exotic Snack Box Variety Pack, 22 Count Premium Foreign Rare Snack Food Gifts with Suprise Item for Fun, Mystery Box of Snacks, European Snacks for Adults and Kids</p><p>$29.95</p><a href="https://www.amazon.com/dp/B0C6PRVVJY?tag=eloabder-20&linkCode=osi&th=1&psc=1">View Product</a></div><div class="product"><a href="https://www.amazon.com/dp/B09T7B3QFJ?tag=eloabder-20&linkCode=osi&th=1&psc=1"><img src="https://m.media-amazon.com/images/I/61Xx7pPJCkL._SL500_.jpg" alt="Product Image"></a><p>Universal Yums International Snack Box | Variety Pack Of Chips, Candy, Chocolates, And Snacks From Around The World | Foreign Snacks For Office, Family, Gifts, And Parties | (50 Exotic Snacks)</p><p>$49.50</p><a href="https://www.amazon.com/dp/B09T7B3QFJ?tag=eloabder-20&linkCode=osi&th=1&psc=1">View Product</a></div><div class="product"><a href="https://www.amazon.com/dp/B08W71KXLS?tag=eloabder-20&linkCode=osi&th=1&psc=1"><img src="https://m.media-amazon.com/images/I/61dcTJQFmBL._SL500_.jpg" alt="Product Image"></a><p>Midi International Snack Box | Premium Exotic Foreign Snacks | Unique Snack Food Gifts Included | Picnic Box Theme | Candies from Around the World | 12 Full-Size + 1 Bonus Snacks</p><p>$14.99 ($14.99 / Count)</p><a href="https://www.amazon.com/dp/B08W71KXLS?tag=eloabder-20&linkCode=osi&th=1&psc=1">View Product</a></div><div class="product"><a href="https://www.amazon.com/dp/B09TG6WCBC?tag=eloabder-20&linkCode=osi&th=1&psc=1"><img src="https://m.media-amazon.com/images/I/61lmk368l0L._SL500_.jpg" alt="Product Image"></a><p>Midi International Snack Box (Fairy Tale Themed) | Snacks Variety Pack of International Treats | Foreign Snack Box Offering Unique Experience | Mix Care Pack of Turkish Candies | 12 Full-Size Snacks</p><p>$14.99 ($1.00 / Ounce)</p><a href="https://www.amazon.com/dp/B09TG6WCBC?tag=eloabder-20&linkCode=osi&th=1&psc=1">View Product</a></div><div class="product"><a href="https://www.amazon.com/dp/B0BNZCVDYQ?tag=eloabder-20&linkCode=osi&th=1&psc=1"><img src="https://m.media-amazon.com/images/I/61aTXvWjbSL._SL500_.jpg" alt="Product Image"></a><p>Midi International Snack Box | Premium Exotic Foreign Snacks | Unique Snack Food Gifts Included | Orange Nebula Space Theme | Candies from Around the World | 12 Full-Size + 1 Bonus Snacks</p><p>$14.99 ($14.99 / Count)</p><a href="https://www.amazon.com/dp/B0BNZCVDYQ?tag=eloabder-20&linkCode=osi&th=1&psc=1">View Product</a></div><div class="product"><a href="https://www.amazon.com/dp/B0CK8DWXS2?tag=eloabder-20&linkCode=osi&th=1&psc=1"><img src="https://m.media-amazon.com/images/I/511Z-FX62TL._SL500_.jpg" alt="Product Image"></a><p>Mega International Snack Box | Premium Exotic Foreign Snacks | Unique Snack Food Gifts Included | Try Extraordinary Turkish Snacks | Candies from Around the World | 32+1 Full-Size Snacks</p><p>$39.95 ($1.00 / Ounce)</p><a href="https://www.amazon.com/dp/B0CK8DWXS2?tag=eloabder-20&linkCode=osi&th=1&psc=1">View Product</a></div><div class="product"><a href="https://www.amazon.com/dp/B0CGRMR7VN?tag=eloabder-20&linkCode=osi&th=1&psc=1"><img src="https://m.media-amazon.com/images/I/51PgWRUNnkL._SL500_.jpg" alt="Product Image"></a><p>Turkish Foreign Snack Box, Gourmet Turkish Food Gift Box, Variety of Unique Sweets and Savory Snacks from Turkey - International Snacks Box - Full Sized Snacks - 24ct</p><p>$23.99 ($1.00 / Count)</p><a href="https://www.amazon.com/dp/B0CGRMR7VN?tag=eloabder-20&linkCode=osi&th=1&psc=1">View Product</a></div>
<div class="product"><a href="https://www.amazon.com/dp/B001EQ5NHE?tag=eloabder-20&linkCode=osi&th=1&psc=1"><img src="https://m.media-amazon.com/images/I/51Kg06c5YuL._SL500_.jpg" alt="Product Image"></a><p>Spam Classic, 12 Ounce Can (Pack of 12)</p><p>$28.32 ($0.20 / Ounce)</p><a href="https://www.amazon.com/dp/B001EQ5NHE?tag=eloabder-20&linkCode=osi&th=1&psc=1">View Product</a></div><div class="product"><a href="https://www.amazon.com/dp/B08DQ6422D?tag=eloabder-20&linkCode=osi&th=1&psc=1"><img src="https://m.media-amazon.com/images/I/51-xOj2EbVL._SL500_.jpg" alt="Product Image"></a><p>Del Monte Cut Blue Lake Green Beans With No Added Salt 14.5 Oz,(Pack of 4)</p><p>$5.28 ($0.09 / Ounce)</p><a href="https://www.amazon.com/dp/B08DQ6422D?tag=eloabder-20&linkCode=osi&th=1&psc=1">View Product</a></div><div class="product"><a href="https://www.amazon.com/dp/B089PMW6C3?tag=eloabder-20&linkCode=osi&th=1&psc=1"><img src="https://m.media-amazon.com/images/I/41fKtFm2RAL._SL500_.jpg" alt="Product Image"></a><p>SpaghettiOs Canned Pasta with Meatballs, 15.6 oz Can (Pack of 12)</p><p>$11.44 ($0.06 / Ounce)</p><a href="https://www.amazon.com/dp/B089PMW6C3?tag=eloabder-20&linkCode=osi&th=1&psc=1">View Product</a></div><div class="product"><a href="https://www.amazon.com/dp/B006VS7C60?tag=eloabder-20&linkCode=osi&th=1&psc=1"><img src="https://m.media-amazon.com/images/I/51adZb-RUeL._SL500_.jpg" alt="Product Image"></a><p>Campbell’s Pork and Beans, 11 Oz Can (Case of 24)</p><p>$20.64 ($0.08 / Ounce)</p><a href="https://www.amazon.com/dp/B006VS7C60?tag=eloabder-20&linkCode=osi&th=1&psc=1">View Product</a></div><div class="product"><a href="https://www.amazon.com/dp/B00CPDWTBI?tag=eloabder-20&linkCode=osi&th=1&psc=1"><img src="https://m.media-amazon.com/images/I/61M2-LCC5uL._SL500_.jpg" alt="Product Image"></a><p>DEL MONTE FRESH CUT Whole New Canned Potatoes, Canned Vegetables, 12 Pack, 14.5 oz Can</p><p>$17.76 ($0.10 / Ounce)</p><a href="https://www.amazon.com/dp/B00CPDWTBI?tag=eloabder-20&linkCode=osi&th=1&psc=1">View Product</a></div><div class="product"><a href="https://www.amazon.com/dp/B00TFPKEZM?tag=eloabder-20&linkCode=osi&th=1&psc=1"><img src="https://m.media-amazon.com/images/I/51VTHItyaXL._SL500_.jpg" alt="Product Image"></a><p>Del Monte Canned Fresh Cut French Style Green Beans, 8 Ounce (Pack of 12)</p><p>$16.68 ($0.17 / Ounce)</p><a href="https://www.amazon.com/dp/B00TFPKEZM?tag=eloabder-20&linkCode=osi&th=1&psc=1">View Product</a></div><div class="product"><a href="https://www.amazon.com/dp/B08WR5J62L?tag=eloabder-20&linkCode=osi&th=1&psc=1"><img src="https://m.media-amazon.com/images/I/51QjonsN18L._SL500_.jpg" alt="Product Image"></a><p>Chicken of the Sea Chunk Light Tuna in Water, Wild Caught Tuna, 5-Ounce Cans (Pack of 10)</p><p>$8.90 ($2.85 / lb)</p><a href="https://www.amazon.com/dp/B08WR5J62L?tag=eloabder-20&linkCode=osi&th=1&psc=1">View Product</a></div><div class="product"><a href="https://www.amazon.com/dp/B01MQ6BDM0?tag=eloabder-20&linkCode=osi&th=1&psc=1"><img src="https://m.media-amazon.com/images/I/51chxbCoRfL._SL500_.jpg" alt="Product Image"></a><p>Libby's Vienna Sausage in Chicken Broth, Canned Sausage, 4.6 OZ (Pack of 24)</p><p>$23.52 ($0.98 / Count)</p><a href="https://www.amazon.com/dp/B01MQ6BDM0?tag=eloabder-20&linkCode=osi&th=1&psc=1">View Product</a></div><div class="product"><a href="https://www.amazon.com/dp/B01NBFQ8TF?tag=eloabder-20&linkCode=osi&th=1&psc=1"><img src="https://m.media-amazon.com/images/I/41ijyPglLPL._SL500_.jpg" alt="Product Image"></a><p>Bush's Best Baked Beans, Country Style with Bacon and Brown Sugar, 8.3 OZ (Pack of 12)</p><p>$20.28 ($1.69 / Count)</p><a href="https://www.amazon.com/dp/B01NBFQ8TF?tag=eloabder-20&linkCode=osi&th=1&psc=1">View Product</a></div><div class="product"><a href="https://www.amazon.com/dp/B019YHSNGC?tag=eloabder-20&linkCode=osi&th=1&psc=1"><img src="https://m.media-amazon.com/images/I/51oHYkvLL0L._SL500_.jpg" alt="Product Image"></a><p>Bumble Bee Chunk Light Tuna In Water, 5 oz Cans (Pack of 24) - Wild Caught Skipjack Tuna - 23g Protein Per Serving - MSC Certified Sustainable Seafood, Non-GMO, Gluten Free, Kosher</p><p>$23.36 ($0.19 / Ounce)</p><a href="https://www.amazon.com/dp/B019YHSNGC?tag=eloabder-20&linkCode=osi&th=1&psc=1">View Product</a></div>
<div class="product"><a href="https://www.amazon.com/dp/B07KQNNW9K?tag=eloabder-20&linkCode=osi&th=1&psc=1"><img src="https://m.media-amazon.com/images/I/51EVSxp535L._SL500_.jpg" alt="Product Image"></a><p>HORMEL COMPLEATS Protein Variety Pack Microwave Trays (Pack of 5)</p><p>$14.99 ($0.33 / Ounce)</p><a href="https://www.amazon.com/dp/B07KQNNW9K?tag=eloabder-20&linkCode=osi&th=1&psc=1">View Product</a></div><div class="product"><a href="https://www.amazon.com/dp/B000V1JVAI?tag=eloabder-20&linkCode=osi&th=1&psc=1"><img src="https://m.media-amazon.com/images/I/51moeAwg0qL._SL500_.jpg" alt="Product Image"></a><p>HORMEL COMPLEATS Meatloaf & Gravy With Mashed Potatoes Microwave Tray, 9 oz. (6 Pack)</p><p>$13.68 ($0.25 / Ounce)</p><a href="https://www.amazon.com/dp/B000V1JVAI?tag=eloabder-20&linkCode=osi&th=1&psc=1">View Product</a></div><div class="product"><a href="https://www.amazon.com/dp/B001E55YXS?tag=eloabder-20&linkCode=osi&th=1&psc=1"><img src="https://m.media-amazon.com/images/I/51f7Q-awP2L._SL500_.jpg" alt="Product Image"></a><p>HORMEL COMPLEATS Beef Pot Roast Microwave Tray, 9 Ounce (Pack of 6)</p><p>$13.68 ($0.25 / Ounce)</p><a href="https://www.amazon.com/dp/B001E55YXS?tag=eloabder-20&linkCode=osi&th=1&psc=1">View Product</a></div><div class="product"><a href="https://www.amazon.com/dp/B001E52XGO?tag=eloabder-20&linkCode=osi&th=1&psc=1"><img src="https://m.media-amazon.com/images/I/513-IE78MvL._SL500_.jpg" alt="Product Image"></a><p>HORMEL COMPLEATS Turkey & Dressing Microwave Tray, 10 oz. (6 Pack)</p><p>$13.68 ($0.23 / Ounce)</p><a href="https://www.amazon.com/dp/B001E52XGO?tag=eloabder-20&linkCode=osi&th=1&psc=1">View Product</a></div><div class="product"><a href="https://www.amazon.com/dp/B01JLWGOCA?tag=eloabder-20&linkCode=osi&th=1&psc=1"><img src="https://m.media-amazon.com/images/I/41JtN2c2Y3L._SL500_.jpg" alt="Product Image"></a><p>Idahoan Four Cheese Mashed Potatoes, Made with Gluten-Free 100-Percent Real Idaho Potatoes, 1.5 oz Cup (Pack of 10)</p><p>$11.23 ($0.75 / Ounce)</p><a href="https://www.amazon.com/dp/B01JLWGOCA?tag=eloabder-20&linkCode=osi&th=1&psc=1">View Product</a></div><div class="product"><a href="https://www.amazon.com/dp/B08P3SVWFR?tag=eloabder-20&linkCode=osi&th=1&psc=1"><img src="https://m.media-amazon.com/images/I/51Q7KX85dtL._SL500_.jpg" alt="Product Image"></a><p>StarKist Premium White Chicken - 2.6 oz Pouch (Pack of 12)</p><p>$15.06 ($0.48 / Ounce)</p><a href="https://www.amazon.com/dp/B08P3SVWFR?tag=eloabder-20&linkCode=osi&th=1&psc=1">View Product</a></div><div class="product"><a href="https://www.amazon.com/dp/B001E52WAG?tag=eloabder-20&linkCode=osi&th=1&psc=1"><img src="https://m.media-amazon.com/images/I/51dV9dBtkEL._SL500_.jpg" alt="Product Image"></a><p>Dinty Moore Beef Stew, 9-Ounce Packages (Pack of 6)</p><p>$17.34 ($0.32 / Ounce)</p><a href="https://www.amazon.com/dp/B001E52WAG?tag=eloabder-20&linkCode=osi&th=1&psc=1">View Product</a></div><div class="product"><a href="https://www.amazon.com/dp/B0BTQWY5LL?tag=eloabder-20&linkCode=osi&th=1&psc=1"><img src="https://m.media-amazon.com/images/I/61dN-t0ureL._SL500_.jpg" alt="Product Image"></a><p>MISS OLIVE'S Variety Pack Microwavable Low Sodium Ready Meals (Bundle of 6)-1 of each flavor</p><p>$26.49 ($0.63 / Ounce)</p><a href="https://www.amazon.com/dp/B0BTQWY5LL?tag=eloabder-20&linkCode=osi&th=1&psc=1">View Product</a></div><div class="product"><a href="https://www.amazon.com/dp/B0111Y7PO2?tag=eloabder-20&linkCode=osi&th=1&psc=1"><img src="https://m.media-amazon.com/images/I/51ReJtj0zJL._SL500_.jpg" alt="Product Image"></a><p>HORMEL COMPLEATS Rice & Chicken Microwave Tray, 7.5 Ounces (Pack of 7)</p><p>$15.96 ($0.30 / Ounce)</p><a href="https://www.amazon.com/dp/B0111Y7PO2?tag=eloabder-20&linkCode=osi&th=1&psc=1">View Product</a></div><div class="product"><a href="https://www.amazon.com/dp/B09GL33XZG?tag=eloabder-20&linkCode=osi&th=1&psc=1"><img src="https://m.media-amazon.com/images/I/41tbj+XvZLL._SL500_.jpg" alt="Product Image"></a><p>HMR Ultimate Entrée Pack | Pre-packaged Lunch or Dinner to Support Weight Loss | Pack of 17 Ready to Eat Meals | 10-20 grams of Protein per Entrée | Low Calorie Food | 7-8oz Servings per Meal</p><p>$89.99</p><a href="https://www.amazon.com/dp/B09GL33XZG?tag=eloabder-20&linkCode=osi&th=1&psc=1">View Product</a></div>
<div class="product"><a href="https://www.amazon.com/dp/B00I9VBMLI?tag=eloabder-20&linkCode=osi&th=1&psc=1"><img src="https://m.media-amazon.com/images/I/51kyWWI+vRL._SL500_.jpg" alt="Product Image"></a><p>Chef Boyardee Beef Ravioli, 15 oz, 4 Pack</p><p>$4.48 ($0.07 / Count)</p><a href="https://www.amazon.com/dp/B00I9VBMLI?tag=eloabder-20&linkCode=osi&th=1&psc=1">View Product</a></div>
<div class="product"><a href="https://www.amazon.com/dp/B0CJCXLDSP?tag=eloabder-20&linkCode=osi&th=1&psc=1"><img src="https://m.media-amazon.com/images/I/41uUHvJRp2L._SL500_.jpg" alt="Product Image"></a><p>ARM & HAMMER Baking Soda Made in USA, Ideal for Baking, Pure & Natural, 2.7lb Bag</p><p>$7.99 ($0.18 / Ounce)</p><a href="https://www.amazon.com/dp/B0CJCXLDSP?tag=eloabder-20&linkCode=osi&th=1&psc=1">View Product</a></div><div class="product"><a href="https://www.amazon.com/dp/B07JFLXZQV?tag=eloabder-20&linkCode=osi&th=1&psc=1"><img src="https://m.media-amazon.com/images/I/41mGwlHTcmL._SL500_.jpg" alt="Product Image"></a><p>Vanilla Bean Paste for Baking and Cooking - Gourmet Madagascar Bourbon Blend made with Real Vanilla Seeds - 4 Ounces</p><p>$14.99 ($3.75 / Ounce)</p><a href="https://www.amazon.com/dp/B07JFLXZQV?tag=eloabder-20&linkCode=osi&th=1&psc=1">View Product</a></div><div class="product"><a href="https://www.amazon.com/dp/B0046EJ570?tag=eloabder-20&linkCode=osi&th=1&psc=1"><img src="https://m.media-amazon.com/images/I/31TFd1IdsRL._SL500_.jpg" alt="Product Image"></a><p>Watkins All Natural Original Gourmet Baking Vanilla, with Pure Vanilla Extract, 11 Fl Oz (Pack of 1) - Packaging May Vary</p><p>$12.35 ($1.12 / Fl Oz)</p><a href="https://www.amazon.com/dp/B0046EJ570?tag=eloabder-20&linkCode=osi&th=1&psc=1">View Product</a></div><div class="product"><a href="https://www.amazon.com/dp/B00PMUNEK6?tag=eloabder-20&linkCode=osi&th=1&psc=1"><img src="https://m.media-amazon.com/images/I/41LZqR+JNZL._SL500_.jpg" alt="Product Image"></a><p>10 Organic Madagascar Vanilla Beans Whole Grade A Vanilla Pods for Vanilla Extract and Baking</p><p>$11.04 ($1.10 / Count)</p><a href="https://www.amazon.com/dp/B00PMUNEK6?tag=eloabder-20&linkCode=osi&th=1&psc=1">View Product</a></div><div class="product"><a href="https://www.amazon.com/dp/B0CBW3D9T7?tag=eloabder-20&linkCode=osi&th=1&psc=1"><img src="https://m.media-amazon.com/images/I/414XubDDPPL._SL500_.jpg" alt="Product Image"></a><p>Scratch Diastatic Malt Powder for Baking - (10oz) Dried Barley Malt for Baking Bread - Bread Improver - Premium Baking Ingredients for Breads, Pizzas, Pretzels, Desserts, Shakes and More</p><p>$8.95 ($0.90 / Ounce)</p><a href="https://www.amazon.com/dp/B0CBW3D9T7?tag=eloabder-20&linkCode=osi&th=1&psc=1">View Product</a></div><div class="product"><a href="https://www.amazon.com/dp/B00VEJOUXE?tag=eloabder-20&linkCode=osi&th=1&psc=1"><img src="https://m.media-amazon.com/images/I/41HmZhMPH1L._SL500_.jpg" alt="Product Image"></a><p>Bob's Red Mill Baking Soda - 1 Pound (Pack of 4), Non GMO, Gluten Free, Vegan, Kosher, Paleo Friendly</p><p>$13.10 ($0.20 / Ounce)</p><a href="https://www.amazon.com/dp/B00VEJOUXE?tag=eloabder-20&linkCode=osi&th=1&psc=1">View Product</a></div><div class="product"><a href="https://www.amazon.com/dp/B0CG7C5X2F?tag=eloabder-20&linkCode=osi&th=1&psc=1"><img src="https://m.media-amazon.com/images/I/41cN3OdncVL._SL500_.jpg" alt="Product Image"></a><p>Micro Ingredients Baking Soda Powder, 6lbs | Pure Sodium Bicarbonate | Bulk Food Grade Supply | Great for Cleaning, Cooking, Laundry, or Personal Care | Non-GMO, Filler Free</p><p>$13.95 ($0.15 / Ounce)</p><a href="https://www.amazon.com/dp/B0CG7C5X2F?tag=eloabder-20&linkCode=osi&th=1&psc=1">View Product</a></div><div class="product"><a href="https://www.amazon.com/dp/B075456XMK?tag=eloabder-20&linkCode=osi&th=1&psc=1"><img src="https://m.media-amazon.com/images/I/31YCnL21+nL._SL500_.jpg" alt="Product Image"></a><p>Pure Original Ingredients Baking Soda (2 lb) Sodium Bicarbonate (NaHCO3), Always Pure, No Fillers Or Additives.</p><p>$11.99 ($0.37 / Ounce)</p><a href="https://www.amazon.com/dp/B075456XMK?tag=eloabder-20&linkCode=osi&th=1&psc=1">View Product</a></div><div class="product"><a href="https://www.amazon.com/dp/B08FYKMRGT?tag=eloabder-20&linkCode=osi&th=1&psc=1"><img src="https://m.media-amazon.com/images/I/41TdlxCI0EL._SL500_.jpg" alt="Product Image"></a><p>King Arthur, Baking Sugar Alternative, Made with Plant-Based Ingredients, Keto-Friendly, 1-to-1 Substitute for Granulated Sugar, 12 Ounces</p><p>$9.95 ($0.83 / Ounce)</p><a href="https://www.amazon.com/dp/B08FYKMRGT?tag=eloabder-20&linkCode=osi&th=1&psc=1">View Product</a></div><div class="product"><a href="https://www.amazon.com/dp/B07KKL5Q68?tag=eloabder-20&linkCode=osi&th=1&psc=1"><img src="https://m.media-amazon.com/images/I/41G0eZnHIxL._SL500_.jpg" alt="Product Image"></a><p>Pure Original Ingredients Baking Soda (1 Gallon) Aluminum Free, Cooking, Baking, Cleaning</p><p>$30.99 ($0.19 / Ounce)</p><a href="https://www.amazon.com/dp/B07KKL5Q68?tag=eloabder-20&linkCode=osi&th=1&psc=1">View Product</a></div>
<div class="product"><a href="https://www.amazon.com/dp/B0029K0U90?tag=eloabder-20&linkCode=osi&th=1&psc=1"><img src="https://m.media-amazon.com/images/I/412vWjuj9tL._SL500_.jpg" alt="Product Image"></a><p>Mrs. Wages Pasta Sauce Canning Mix 5 Ounce (Pack of 6)</p><p>$19.32 ($0.64 / Ounce)</p><a href="https://www.amazon.com/dp/B0029K0U90?tag=eloabder-20&linkCode=osi&th=1&psc=1">View Product</a></div><div class="product"><a href="https://www.amazon.com/dp/B0005ZWUDU?tag=eloabder-20&linkCode=osi&th=1&psc=1"><img src="https://m.media-amazon.com/images/I/411oE+5BGYL._SL500_.jpg" alt="Product Image"></a><p>Classico Roasted Garlic Tomato Spaghetti Pasta Sauce (24 oz Jar)</p><p>$2.98 ($0.12 / Ounce)</p><a href="https://www.amazon.com/dp/B0005ZWUDU?tag=eloabder-20&linkCode=osi&th=1&psc=1">View Product</a></div><div class="product"><a href="https://www.amazon.com/dp/B00H3TKG6O?tag=eloabder-20&linkCode=osi&th=1&psc=1"><img src="https://m.media-amazon.com/images/I/41dtGUjEl7L._SL500_.jpg" alt="Product Image"></a><p>Classico Family Favorites Traditional Pasta Sauce (24 oz Jar)</p><p>$2.16 ($0.09 / Ounce)</p><a href="https://www.amazon.com/dp/B00H3TKG6O?tag=eloabder-20&linkCode=osi&th=1&psc=1">View Product</a></div><div class="product"><a href="https://www.amazon.com/dp/B088N719GQ?tag=eloabder-20&linkCode=osi&th=1&psc=1"><img src="https://m.media-amazon.com/images/I/412O4vvfLcL._SL500_.jpg" alt="Product Image"></a><p>Prego Traditional Pasta Sauce, 45 Oz Jar</p><p>$4.23 ($0.09 / Ounce)</p><a href="https://www.amazon.com/dp/B088N719GQ?tag=eloabder-20&linkCode=osi&th=1&psc=1">View Product</a></div><div class="product"><a href="https://www.amazon.com/dp/B00IAE65L6?tag=eloabder-20&linkCode=osi&th=1&psc=1"><img src="https://m.media-amazon.com/images/I/41keFWtHEbL._SL500_.jpg" alt="Product Image"></a><p>Prego Traditional Pasta Sauce, 67 Oz Jar</p><p>$5.36 ($0.08 / Ounce)</p><a href="https://www.amazon.com/dp/B00IAE65L6?tag=eloabder-20&linkCode=osi&th=1&psc=1">View Product</a></div><div class="product"><a href="https://www.amazon.com/dp/B0CRXQZMWN?tag=eloabder-20&linkCode=osi&th=1&psc=1"><img src="https://m.media-amazon.com/images/I/41GWdkqzH0L._SL500_.jpg" alt="Product Image"></a><p>Prego Creamy Roasted Garlic Pesto Pasta Sauce, 14.5 oz Jar</p><p>$2.79 ($0.19 / Ounce)</p><a href="https://www.amazon.com/dp/B0CRXQZMWN?tag=eloabder-20&linkCode=osi&th=1&psc=1">View Product</a></div><div class="product"><a href="https://www.amazon.com/dp/B0033TSDKY?tag=eloabder-20&linkCode=osi&th=1&psc=1"><img src="https://m.media-amazon.com/images/I/416ipEt-ErS._SL500_.jpg" alt="Product Image"></a><p>Classico Four Cheese Alfredo Pasta Sauce (15 oz Jar)</p><p>$3.13 ($0.21 / Ounce)</p><a href="https://www.amazon.com/dp/B0033TSDKY?tag=eloabder-20&linkCode=osi&th=1&psc=1">View Product</a></div><div class="product"><a href="https://www.amazon.com/dp/B000Q3R6V2?tag=eloabder-20&linkCode=osi&th=1&psc=1"><img src="https://m.media-amazon.com/images/I/51DwtNnipoL._SL500_.jpg" alt="Product Image"></a><p>Hunt's Traditional Pasta Sauce, 24 oz</p><p>$1.34 ($0.06 / Ounce)</p><a href="https://www.amazon.com/dp/B000Q3R6V2?tag=eloabder-20&linkCode=osi&th=1&psc=1">View Product</a></div><div class="product"><a href="https://www.amazon.com/dp/B00XXGW39Y?tag=eloabder-20&linkCode=osi&th=1&psc=1"><img src="https://m.media-amazon.com/images/I/41FycYZ91BL._SL500_.jpg" alt="Product Image"></a><p>Classico Vodka Sauce Tomato Spaghetti Pasta Sauce (24 oz Jar)</p><p>$2.52 ($0.10 / Fl Oz)</p><a href="https://www.amazon.com/dp/B00XXGW39Y?tag=eloabder-20&linkCode=osi&th=1&psc=1">View Product</a></div><div class="product"><a href="https://www.amazon.com/dp/B07JVJR966?tag=eloabder-20&linkCode=osi&th=1&psc=1"><img src="https://m.media-amazon.com/images/I/412rjNSU1HL._SL500_.jpg" alt="Product Image"></a><p>Prego Traditional Pasta Sauce, 24 Oz Jar (Case of 12)</p><p>$29.76 ($0.10 / Fl Oz)</p><a href="https://www.amazon.com/dp/B07JVJR966?tag=eloabder-20&linkCode=osi&th=1&psc=1">View Product</a></div>
<div class="product"><a href="https://www.amazon.com/dp/B07GBS8GVH?tag=eloabder-20&linkCode=osi&th=1&psc=1"><img src="https://m.media-amazon.com/images/I/51Xpb2UbnAS._SL500_.jpg" alt="Product Image"></a><p>BEN'S ORIGINAL Ready Rice Whole Grain Brown Rice, Easy Dinner Side, 8.8 OZ Pouch (Pack of 6)</p><p>$13.08 ($0.25 / Ounce)</p><a href="https://www.amazon.com/dp/B07GBS8GVH?tag=eloabder-20&linkCode=osi&th=1&psc=1">View Product</a></div><div class="product"><a href="https://www.amazon.com/dp/B000YPKPV0?tag=eloabder-20&linkCode=osi&th=1&psc=1"><img src="https://m.media-amazon.com/images/I/51RKdJy7-TL._SL500_.jpg" alt="Product Image"></a><p>Rice-A-Roni Long grain & wild rice with herbs, 4.3 Ounce Pack of 12</p><p>$12.00 ($0.23 / Ounce)</p><a href="https://www.amazon.com/dp/B000YPKPV0?tag=eloabder-20&linkCode=osi&th=1&psc=1">View Product</a></div><div class="product"><a href="https://www.amazon.com/dp/B004NRLAVY?tag=eloabder-20&linkCode=osi&th=1&psc=1"><img src="https://m.media-amazon.com/images/I/51l35npdSyL._SL500_.jpg" alt="Product Image"></a><p>Nishiki Premium Rice, Medium Grain,15 Pound (Pack of 1)</p><p>$20.19 ($0.08 / Ounce)</p><a href="https://www.amazon.com/dp/B004NRLAVY?tag=eloabder-20&linkCode=osi&th=1&psc=1">View Product</a></div><div class="product"><a href="https://www.amazon.com/dp/B00MMTQAF6?tag=eloabder-20&linkCode=osi&th=1&psc=1"><img src="https://m.media-amazon.com/images/I/41uID5vVhuL._SL500_.jpg" alt="Product Image"></a><p>Mahatma Extra Long Grain White Rice, 10 Pound, Gluten-Free and Non-GMO, Rice Bulk Bag (Pack of 1)</p><p>$9.98 ($0.06 / Ounce)</p><a href="https://www.amazon.com/dp/B00MMTQAF6?tag=eloabder-20&linkCode=osi&th=1&psc=1">View Product</a></div><div class="product"><a href="https://www.amazon.com/dp/B00I330QEQ?tag=eloabder-20&linkCode=osi&th=1&psc=1"><img src="https://m.media-amazon.com/images/I/41eu-3nevsL._SL500_.jpg" alt="Product Image"></a><p>Authentic Royal - Naturally Aged Long Grain Indian White Basmati Rice - 15 lbs</p><p>$15.03 ($0.06 / Ounce)</p><a href="https://www.amazon.com/dp/B00I330QEQ?tag=eloabder-20&linkCode=osi&th=1&psc=1">View Product</a></div><div class="product"><a href="https://www.amazon.com/dp/B00CLGUKKG?tag=eloabder-20&linkCode=osi&th=1&psc=1"><img src="https://m.media-amazon.com/images/I/41mEtyqtEVL._SL500_.jpg" alt="Product Image"></a><p>Mahatma Whole-Grain Brown Rice, 32-Ounce Bag of Rice, Stovetop or Microwave Rice</p><p>$2.68 ($0.08 / Ounce)</p><a href="https://www.amazon.com/dp/B00CLGUKKG?tag=eloabder-20&linkCode=osi&th=1&psc=1">View Product</a></div><div class="product"><a href="https://www.amazon.com/dp/B0087HFXJ6?tag=eloabder-20&linkCode=osi&th=1&psc=1"><img src="https://m.media-amazon.com/images/I/51eYTUAUKZL._SL500_.jpg" alt="Product Image"></a><p>RiceSelect Royal Blend, Blend Of Texmati White, Brown, Red, And Wild Rice, Premium Gluten Free Rice, Non-GMO, 21 Ounce Jar</p><p>$6.98 ($0.33 / Ounce)</p><a href="https://www.amazon.com/dp/B0087HFXJ6?tag=eloabder-20&linkCode=osi&th=1&psc=1">View Product</a></div><div class="product"><a href="https://www.amazon.com/dp/B07HKTD2BD?tag=eloabder-20&linkCode=osi&th=1&psc=1"><img src="https://m.media-amazon.com/images/I/519+60cp2dL._SL500_.jpg" alt="Product Image"></a><p>Nishiki Premium 7 Grains Mix, 2 Pound</p><p>$14.49 ($0.45 / Ounce)</p><a href="https://www.amazon.com/dp/B07HKTD2BD?tag=eloabder-20&linkCode=osi&th=1&psc=1">View Product</a></div><div class="product"><a href="https://www.amazon.com/dp/B00G9U46DW?tag=eloabder-20&linkCode=osi&th=1&psc=1"><img src="https://m.media-amazon.com/images/I/51Xpb2UbnAS._SL500_.jpg" alt="Product Image"></a><p>BEN'S ORIGINAL Ready Rice Whole Grain Brown Rice, Easy Dinner Side, 8.8 OZ Pouch (Pack of 12)</p><p>$26.16 ($0.25 / Ounce)</p><a href="https://www.amazon.com/dp/B00G9U46DW?tag=eloabder-20&linkCode=osi&th=1&psc=1">View Product</a></div>
<div class="product"><a href="https://www.amazon.com/dp/B0D4KLB4HP?tag=eloabder-20&linkCode=osi&th=1&psc=1"><img src="https://m.media-amazon.com/images/I/51r7s+M2jqL._SL500_.jpg" alt="Product Image"></a><p>Chronos Condiment 150 bundle pack - 50 Single Serve Pouches of Each: Ketchup, Mustard, and Mayo - 150 Pack, Great for Picnics, Boxed Lunch, BBQ, Travel, and Parties</p><p>$21.97</p><a href="https://www.amazon.com/dp/B0D4KLB4HP?tag=eloabder-20&linkCode=osi&th=1&psc=1">View Product</a></div><div class="product"><a href="https://www.amazon.com/dp/B003XLOOCS?tag=eloabder-20&linkCode=osi&th=1&psc=1"><img src="https://m.media-amazon.com/images/I/51x0jDzOLjL._SL500_.jpg" alt="Product Image"></a><p>Heinz Tomato Ketchup, Relish, and Mustard Picnic Pack, 3 Count</p><p>$5.98 ($0.11 / Ounce)</p><a href="https://www.amazon.com/dp/B003XLOOCS?tag=eloabder-20&linkCode=osi&th=1&psc=1">View Product</a></div><div class="product"><a href="https://www.amazon.com/dp/B0992VW16R?tag=eloabder-20&linkCode=osi&th=1&psc=1"><img src="https://m.media-amazon.com/images/I/51eFgOarc1L._SL500_.jpg" alt="Product Image"></a><p>Grab-n-Go Condiment Packs - 50 Single Serve Pouches of Each: Ketchup, Mustard, Relish, and Mayo - Great for Picnics, Boxed Lunch, BBQ, Travel, Picnic and Parties (200 Condiment Packets Total)</p><p>$29.99 ($0.15 / Count)</p><a href="https://www.amazon.com/dp/B0992VW16R?tag=eloabder-20&linkCode=osi&th=1&psc=1">View Product</a></div><div class="product"><a href="https://www.amazon.com/dp/B0D3J9HHS2?tag=eloabder-20&linkCode=osi&th=1&psc=1"><img src="https://m.media-amazon.com/images/I/51VkOjMAkXL._SL500_.jpg" alt="Product Image"></a><p>Heinz Condiment Packets Variety 100 Pack- 25 Heinz Ketchup Packets, 25 Mayonnaise Packets, 25 Mustard Packets, and 25 Relish Packets. Ketchup Heinz, Mayo Packets.</p><p>$19.99 ($0.20 / Count)</p><a href="https://www.amazon.com/dp/B0D3J9HHS2?tag=eloabder-20&linkCode=osi&th=1&psc=1">View Product</a></div><div class="product"><a href="https://www.amazon.com/dp/B091DCC2CH?tag=eloabder-20&linkCode=osi&th=1&psc=1"><img src="https://m.media-amazon.com/images/I/415Iq4kWRXL._SL500_.jpg" alt="Product Image"></a><p>Hellmann's Real Mayonnaise Squeeze Bottle 3 Count a Rich Creamy Condiment Gluten Free, Made With 100% Cage-Free Eggs 20 oz</p><p>$11.90 ($0.20 / Fl Oz)</p><a href="https://www.amazon.com/dp/B091DCC2CH?tag=eloabder-20&linkCode=osi&th=1&psc=1">View Product</a></div><div class="product"><a href="https://www.amazon.com/dp/B0CMR2DML7?tag=eloabder-20&linkCode=osi&th=1&psc=1"><img src="https://m.media-amazon.com/images/I/61dFhpega1L._SL500_.jpg" alt="Product Image"></a><p>Crait Individual Condiment Packets Variety Pack of 50 Hot Sauce Packets with Mayo Packets, Ketchup Packets and Yellow Mustard Packets Single Serve</p><p>$15.00 ($0.30 / Count)</p><a href="https://www.amazon.com/dp/B0CMR2DML7?tag=eloabder-20&linkCode=osi&th=1&psc=1">View Product</a></div><div class="product"><a href="https://www.amazon.com/dp/B0D3JCR2XS?tag=eloabder-20&linkCode=osi&th=1&psc=1"><img src="https://m.media-amazon.com/images/I/51RtTP7u7aL._SL500_.jpg" alt="Product Image"></a><p>Hot Sauce Variety Pack of 48 Condiment Packets. 4 Each of 12 Flavors. Texas Pete Hot Sauce Packets, Mini Condiments, Mini Hot Sauce, Condiment Packets Variety Pack, Single Serve</p><p>$17.99 ($0.37 / Count)</p><a href="https://www.amazon.com/dp/B0D3JCR2XS?tag=eloabder-20&linkCode=osi&th=1&psc=1">View Product</a></div><div class="product"><a href="https://www.amazon.com/dp/B00XK3IYUW?tag=eloabder-20&linkCode=osi&th=1&psc=1"><img src="https://m.media-amazon.com/images/I/51T9Vgtx+bL._SL500_.jpg" alt="Product Image"></a><p>Heinz Condiment Packets Ketchup and Mustard (100 Total; 50 Each Flavor)</p><p>$13.10 ($0.60 / Ounce)</p><a href="https://www.amazon.com/dp/B00XK3IYUW?tag=eloabder-20&linkCode=osi&th=1&psc=1">View Product</a></div>
<div class="product"><a href="https://www.amazon.com/dp/B09DYZSHJR?tag=eloabder-20&linkCode=osi&th=1&psc=1"><img src="https://m.media-amazon.com/images/I/31fEqU5FfOL._SL500_.jpg" alt="Product Image"></a><p>DaVinci Gourmet Honey Syrup, 25.4 Fluid Ounce (Pack of 1)</p><p>$9.99 ($0.39 / Fl Oz)</p><a href="https://www.amazon.com/dp/B09DYZSHJR?tag=eloabder-20&linkCode=osi&th=1&psc=1">View Product</a></div><div class="product"><a href="https://www.amazon.com/dp/B09GW7TXH3?tag=eloabder-20&linkCode=osi&th=1&psc=1"><img src="https://m.media-amazon.com/images/I/31hUGuR-NsL._SL500_.jpg" alt="Product Image"></a><p>Glorybee, Premium Honey Syrup, Real Honey, No Artifical colors or flavors, 25.4 fl oz</p><p>$10.73 ($0.42 / Fl Oz)</p><a href="https://www.amazon.com/dp/B09GW7TXH3?tag=eloabder-20&linkCode=osi&th=1&psc=1">View Product</a></div><div class="product"><a href="https://www.amazon.com/dp/B07C1138N5?tag=eloabder-20&linkCode=osi&th=1&psc=1"><img src="https://m.media-amazon.com/images/I/31bISVR+FkL._SL500_.jpg" alt="Product Image"></a><p>Monin - Honey Syrup, Smooth Sweet Honey Flavor, Great for Teas, Lemonades, Cocktails, & Coffee, Gluten-Free, Non-GMO (1 Liter)</p><p>$19.13 ($0.57 / Fl Oz)</p><a href="https://www.amazon.com/dp/B07C1138N5?tag=eloabder-20&linkCode=osi&th=1&psc=1">View Product</a></div><div class="product"><a href="https://www.amazon.com/dp/B0D43FMJ8V?tag=eloabder-20&linkCode=osi&th=1&psc=1"><img src="https://m.media-amazon.com/images/I/41P8d3eueDL._SL500_.jpg" alt="Product Image"></a><p>Torani Salted Honey Butter Syrup for Coffee 25.4 Ounces Coffee Syrups and Flavors with Jimoco Pump Syrup Dispenser</p><p>$17.95 ($0.71 / Fl Oz)</p><a href="https://www.amazon.com/dp/B0D43FMJ8V?tag=eloabder-20&linkCode=osi&th=1&psc=1">View Product</a></div><div class="product"><a href="https://www.amazon.com/dp/B00IRRJBRQ?tag=eloabder-20&linkCode=osi&th=1&psc=1"><img src="https://m.media-amazon.com/images/I/31a3OJgvluL._SL500_.jpg" alt="Product Image"></a><p>Torani Honey Sweetener, 25.4 Ounce (Pack of 4)</p><p>$25.47 ($0.25 / Fl Oz)</p><a href="https://www.amazon.com/dp/B00IRRJBRQ?tag=eloabder-20&linkCode=osi&th=1&psc=1">View Product</a></div><div class="product"><a href="https://www.amazon.com/dp/B0BSMPDPZ9?tag=eloabder-20&linkCode=osi&th=1&psc=1"><img src="https://m.media-amazon.com/images/I/41A+L9ilEXL._SL500_.jpg" alt="Product Image"></a><p>Monin - Hot Honey Syrup, Robust Sweet & Spicy Flavors, Great for Lemonades, Teas, Cocktails, Culinary Recipes, & More, No Artificial Sweeteners, Gluten-Free, Non-GMO, Clean Label (1 Liter)</p><p>$17.99 ($0.53 / Fl Oz)</p><a href="https://www.amazon.com/dp/B0BSMPDPZ9?tag=eloabder-20&linkCode=osi&th=1&psc=1">View Product</a></div><div class="product"><a href="https://www.amazon.com/dp/B078YFLF9K?tag=eloabder-20&linkCode=osi&th=1&psc=1"><img src="https://m.media-amazon.com/images/I/41Gx-mwendL._SL500_.jpg" alt="Product Image"></a><p>Tippleman's Ginger Honey Syrup - Craft Cocktail Mixer - All Natural Complex Syrup for Cocktails and Non-Alcoholic Beverages - Margarita, Whiskey Sour, or Sweet Iced Tea - Makes 17 Cocktails</p><p>$24.99 ($1.92 / Fl Oz)</p><a href="https://www.amazon.com/dp/B078YFLF9K?tag=eloabder-20&linkCode=osi&th=1&psc=1">View Product</a></div><div class="product"><a href="https://www.amazon.com/dp/B07CWFJV6C?tag=eloabder-20&linkCode=osi&th=1&psc=1"><img src="https://m.media-amazon.com/images/I/41cmu+ltDxL._SL500_.jpg" alt="Product Image"></a><p>Robitussin Maximum Strength Honey Cough + Chest Congestion DM, Cough Medicine for Cough and Chest Congestion Relief Made with Real Honey- 4 Fl Oz Bottle</p><p>$11.74 ($2.94 / Fl Oz)</p><a href="https://www.amazon.com/dp/B07CWFJV6C?tag=eloabder-20&linkCode=osi&th=1&psc=1">View Product</a></div><div class="product"><a href="https://www.amazon.com/dp/B005S1LP28?tag=eloabder-20&linkCode=osi&th=1&psc=1"><img src="https://m.media-amazon.com/images/I/41DkU4bxBrL._SL500_.jpg" alt="Product Image"></a><p>Monin - Organic Honey Sweetener, Low-Calorie Liquid Sweetener, Sugar Substitute, Coffee Syrup, Made with Organic Honey, Simple Syrup for Cocktails, Iced Tea, & More, Clean Label (1 Liter)</p><p>$26.99 ($0.80 / Fl Oz)</p><a href="https://www.amazon.com/dp/B005S1LP28?tag=eloabder-20&linkCode=osi&th=1&psc=1">View Product</a></div>
<div class="product"><a href="https://www.amazon.com/dp/B0D3FYHWP7?tag=eloabder-20&linkCode=osi&th=1&psc=1"><img src="https://m.media-amazon.com/images/I/41W51dqWhAL._SL500_.jpg" alt="Product Image"></a><p>Blueprint Bryan Johnson Nutty Butter - Macadamia Nuts and Walnuts - Just 3 Ingredients - No Palm Oil - Keto and Low Carb Snack - No Added Sugar, Vegan, Non GMO, Keto and Paleo Friendly (8.8 ounces)</p><p>$11.00 ($1.25 / Ounce)</p><a href="https://www.amazon.com/dp/B0D3FYHWP7?tag=eloabder-20&linkCode=osi&th=1&psc=1">View Product</a></div><div class="product"><a href="https://www.amazon.com/dp/B0B34J7HHD?tag=eloabder-20&linkCode=osi&th=1&psc=1"><img src="https://m.media-amazon.com/images/I/31UpKhqk2QL._SL500_.jpg" alt="Product Image"></a><p>Octonuts Dry Roasted Pure Cashew 16oz Nut Butter 16oz - Pure Creamy Nut Butter - Gluten Free, Vegan, Kosher, Paleo, Non-GMO Nut Butters Single Ingredient</p><p>$11.99 ($0.75 / Ounce)</p><a href="https://www.amazon.com/dp/B0B34J7HHD?tag=eloabder-20&linkCode=osi&th=1&psc=1">View Product</a></div><div class="product"><a href="https://www.amazon.com/dp/B09NP7D465?tag=eloabder-20&linkCode=osi&th=1&psc=1"><img src="https://m.media-amazon.com/images/I/51+XSeELM2L._SL500_.jpg" alt="Product Image"></a><p>Crazy Go Nuts Walnut Butter - Plain w/ Sea Salt - Healthy Snacks, Keto, Vegan, Low Carb, Gluten Free, Superfood - Natural, Non-GMO, ALA, Omega 3 Fatty Acids, Good Fats and Antioxidants - 9.25 oz (1-Pack)</p><p>$10.99 ($1.19 / Ounce)</p><a href="https://www.amazon.com/dp/B09NP7D465?tag=eloabder-20&linkCode=osi&th=1&psc=1">View Product</a></div><div class="product"><a href="https://www.amazon.com/dp/B00KHAG1BK?tag=eloabder-20&linkCode=osi&th=1&psc=1"><img src="https://m.media-amazon.com/images/I/41nZVovN5oL._SL500_.jpg" alt="Product Image"></a><p>JUSTIN'S Classic Gluten-Free Almond Butter Squeeze Packs, 1.15 Ounce (Pack of 10)</p><p>$13.40 ($1.17 / Ounce)</p><a href="https://www.amazon.com/dp/B00KHAG1BK?tag=eloabder-20&linkCode=osi&th=1&psc=1">View Product</a></div><div class="product"><a href="https://www.amazon.com/dp/B01M06S98E?tag=eloabder-20&linkCode=osi&th=1&psc=1"><img src="https://m.media-amazon.com/images/I/41fCsKiYMdL._SL500_.jpg" alt="Product Image"></a><p>Organic Power Fuel Crunchy Nut Butter by NuttZo | 7 Nuts & Seeds Blend, Paleo, Non-GMO, Gluten-Free, Vegan, Kosher | 1g Sugar, 6g Protein | 26oz Jar</p><p>$21.99 ($0.85 / Ounce)</p><a href="https://www.amazon.com/dp/B01M06S98E?tag=eloabder-20&linkCode=osi&th=1&psc=1">View Product</a></div><div class="product"><a href="https://www.amazon.com/dp/B07CGZ2RJQ?tag=eloabder-20&linkCode=osi&th=1&psc=1"><img src="https://m.media-amazon.com/images/I/41eZiTYDVgL._SL500_.jpg" alt="Product Image"></a><p>Vör Pure Macadamia Nut Butter Spread (11oz) | Only One Ingredient</p><p>$18.99 ($1.73 / Ounce)</p><a href="https://www.amazon.com/dp/B07CGZ2RJQ?tag=eloabder-20&linkCode=osi&th=1&psc=1">View Product</a></div><div class="product"><a href="https://www.amazon.com/dp/B00X7W96OO?tag=eloabder-20&linkCode=osi&th=1&psc=1"><img src="https://m.media-amazon.com/images/I/41jU7bL5rFL._SL500_.jpg" alt="Product Image"></a><p>MaraNatha Creamy Roasted Caramel Almond Butter, No Stir, 12 Ounce Jar</p><p>$6.94 ($0.58 / Ounce)</p><a href="https://www.amazon.com/dp/B00X7W96OO?tag=eloabder-20&linkCode=osi&th=1&psc=1">View Product</a></div>
<div class="product"><a href="https://www.amazon.com/dp/B01CUS63OG?tag=eloabder-20&linkCode=osi&th=1&psc=1"><img src="https://m.media-amazon.com/images/I/51o0FJwMj8L._SL500_.jpg" alt="Product Image"></a><p>Anna and Sarah Tropical Dried Fruit Mix 2 Lbs</p><p>$17.99 ($9.00 / lb)</p><a href="https://www.amazon.com/dp/B01CUS63OG?tag=eloabder-20&linkCode=osi&th=1&psc=1">View Product</a></div><div class="product"><a href="https://www.amazon.com/dp/B09LZ7YCF7?tag=eloabder-20&linkCode=osi&th=1&psc=1"><img src="https://m.media-amazon.com/images/I/41XMLNKxlML._SL500_.jpg" alt="Product Image"></a><p>Dried Pineapple Chunks, 1 Pound. Dehydrated Pineapple Chunk, Dehydrated Pineapple Bulk, Dried Pineapple Bits. All Natural, Non-GMO, Lightly Sweetened Dried Pineapples, 16 oz.</p><p>$9.99 ($0.62 / oz)</p><a href="https://www.amazon.com/dp/B09LZ7YCF7?tag=eloabder-20&linkCode=osi&th=1&psc=1">View Product</a></div><div class="product"><a href="https://www.amazon.com/dp/B000M69QRU?tag=eloabder-20&linkCode=osi&th=1&psc=1"><img src="https://m.media-amazon.com/images/I/51EyH2xvyyS._SL500_.jpg" alt="Product Image"></a><p>Ocean Spray Craisins Dried Cranberries, Original, 48 Ounce</p><p>$7.62 ($0.16 / Fl Oz)</p><a href="https://www.amazon.com/dp/B000M69QRU?tag=eloabder-20&linkCode=osi&th=1&psc=1">View Product</a></div><div class="product"><a href="https://www.amazon.com/dp/B09YTMZ1GP?tag=eloabder-20&linkCode=osi&th=1&psc=1"><img src="https://m.media-amazon.com/images/I/51+y56cVq0L._SL500_.jpg" alt="Product Image"></a><p>Oregon Farm Fresh Snacks Dried Fruit Mix – 24oz Healthy Snacks - Fresh and Natural Fruit Trail Mix – Mixed Fruit Snacks for Adults and Kids – Ideal for Breakfast, Cakes, Snacks</p><p>$17.99 ($0.75 / Ounce)</p><a href="https://www.amazon.com/dp/B09YTMZ1GP?tag=eloabder-20&linkCode=osi&th=1&psc=1">View Product</a></div><div class="product"><a href="https://www.amazon.com/dp/B08Z5QXBK1?tag=eloabder-20&linkCode=osi&th=1&psc=1"><img src="https://m.media-amazon.com/images/I/51a0Oclr3nS._SL500_.jpg" alt="Product Image"></a><p>Dried Cherries Tart Cherry, 1lb. Montmorency Tart Cherries, Dried Sour Cherries Fresh, Montmorency Dried Tart Cherries, Dried Cherries, All-Natural Whole Sour Cherry 16 oz.</p><p>$14.28 ($0.89 / oz)</p><a href="https://www.amazon.com/dp/B08Z5QXBK1?tag=eloabder-20&linkCode=osi&th=1&psc=1">View Product</a></div><div class="product"><a href="https://www.amazon.com/dp/B00F34772M?tag=eloabder-20&linkCode=osi&th=1&psc=1"><img src="https://m.media-amazon.com/images/I/51AsgKQIMiL._SL500_.jpg" alt="Product Image"></a><p>A Gift Inside Sweet Bloom Dried Fruit Deluxe Tray Basket Arrangement for Holiday Birthday Healthy Snack Business Kosher</p><p>$33.20</p><a href="https://www.amazon.com/dp/B00F34772M?tag=eloabder-20&linkCode=osi&th=1&psc=1">View Product</a></div><div class="product"><a href="https://www.amazon.com/dp/B01N057EEP?tag=eloabder-20&linkCode=osi&th=1&psc=1"><img src="https://m.media-amazon.com/images/I/51MrelYxkML._SL500_.jpg" alt="Product Image"></a><p>Mavuno Harvest Organic Dried Fruit Variety Pack | Dried Mango, Pineapple, and Jackfruit | Healthy, Vegan, No Sugar Added, Non GMO Snacks for Kids & Adults | 2 Ounce, Pack of 3</p><p>$13.99 ($2.33 / Ounce)</p><a href="https://www.amazon.com/dp/B01N057EEP?tag=eloabder-20&linkCode=osi&th=1&psc=1">View Product</a></div><div class="product"><a href="https://www.amazon.com/dp/B08JWR4M3F?tag=eloabder-20&linkCode=osi&th=1&psc=1"><img src="https://m.media-amazon.com/images/I/41rjnxAN2FL._SL500_.jpg" alt="Product Image"></a><p>Sunrise Fresh Dried Sweet Cherries, Unsweetened, No Sugar Added, Fresh Fruit Flavor, 1 lb Bag</p><p>$14.49 ($0.91 / oz)</p><a href="https://www.amazon.com/dp/B08JWR4M3F?tag=eloabder-20&linkCode=osi&th=1&psc=1">View Product</a></div><div class="product"><a href="https://www.amazon.com/dp/B08YP8NQP4?tag=eloabder-20&linkCode=osi&th=1&psc=1"><img src="https://m.media-amazon.com/images/I/51GM51afRIS._SL500_.jpg" alt="Product Image"></a><p>Whole Dried Blueberries, No Sugar Added, Bulk, Dehydrated, Dried Unsweetened Blueberries, All Natural, Non-GMO, 1 Pound. - 16 oz.</p><p>$17.44 ($1.09 / oz)</p><a href="https://www.amazon.com/dp/B08YP8NQP4?tag=eloabder-20&linkCode=osi&th=1&psc=1">View Product</a></div>
<div class="product"><a href="https://www.amazon.com/dp/B084T1VWP5?tag=eloabder-20&linkCode=osi&th=1&psc=1"><img src="https://m.media-amazon.com/images/I/51o0utHF41L._SL500_.jpg" alt="Product Image"></a><p>Planters Pop & Pour Dry Roasted Sunflower Seeds, (4 - 5.85 oz. Jars)</p><p>$7.96 ($0.34 / Ounce)</p><a href="https://www.amazon.com/dp/B084T1VWP5?tag=eloabder-20&linkCode=osi&th=1&psc=1">View Product</a></div><div class="product"><a href="https://www.amazon.com/dp/B07TZX3KQZ?tag=eloabder-20&linkCode=osi&th=1&psc=1"><img src="https://m.media-amazon.com/images/I/41OvCvu5E9L._SL500_.jpg" alt="Product Image"></a><p>Yupik Organic Super 6 Seeds Mix, 2.2 lb, Non-GMO, Vegan</p><p>$11.99 ($0.34 / Ounce)</p><a href="https://www.amazon.com/dp/B07TZX3KQZ?tag=eloabder-20&linkCode=osi&th=1&psc=1">View Product</a></div><div class="product"><a href="https://www.amazon.com/dp/B07W7ZZJQB?tag=eloabder-20&linkCode=osi&th=1&psc=1"><img src="https://m.media-amazon.com/images/I/51jbKA5l0CL._SL500_.jpg" alt="Product Image"></a><p>Southern Style Nuts Gourmet Hunter Mix, 23 Ounces, Sesame Sticks, Peanuts, Sunflower Kernels, Almonds, Cashews, and Pepitas</p><p>$7.92 ($0.34 / Ounce)</p><a href="https://www.amazon.com/dp/B07W7ZZJQB?tag=eloabder-20&linkCode=osi&th=1&psc=1">View Product</a></div><div class="product"><a href="https://www.amazon.com/dp/B089LJB5F5?tag=eloabder-20&linkCode=osi&th=1&psc=1"><img src="https://m.media-amazon.com/images/I/51kS4PKIyZL._SL500_.jpg" alt="Product Image"></a><p>Fisher Oven Roasted Never Fried Deluxe Mixed Nuts, 24 Ounces (Pack of 1), Almonds, Cashews, Pecans, Pistachios, Snacks for Adults, Made With Sea Salt, No Added Oil, Artificial Ingredients or Preservatives, Trail Mix, Gluten Free</p><p>$17.09 ($0.71 / Ounce)</p><a href="https://www.amazon.com/dp/B089LJB5F5?tag=eloabder-20&linkCode=osi&th=1&psc=1">View Product</a></div><div class="product"><a href="https://www.amazon.com/dp/B077HZW2FX?tag=eloabder-20&linkCode=osi&th=1&psc=1"><img src="https://m.media-amazon.com/images/I/51AQx+2kfEL._SL500_.jpg" alt="Product Image"></a><p>BetterBody Foods Superfood Organic Super Seeds - Blend of Organic Chia Seeds, Milled Flax Seed, Hemp Hearts, Add to Smoothies Shakes & More, 1lb, 16 oz</p><p>$10.66 ($0.67 / Ounce)</p><a href="https://www.amazon.com/dp/B077HZW2FX?tag=eloabder-20&linkCode=osi&th=1&psc=1">View Product</a></div><div class="product"><a href="https://www.amazon.com/dp/B00PPKSZO8?tag=eloabder-20&linkCode=osi&th=1&psc=1"><img src="https://m.media-amazon.com/images/I/41Q7alFU8RL._SL500_.jpg" alt="Product Image"></a><p>PLANTERS Unsalted Mixed Nuts, Cashews, Almonds, Hazelnuts, Pecans, Pistachios no Shell, Party Snacks, Plant-Based Protein, Quick Snack for Adults, After School Snack, Kosher, 2.16lb Container</p><p>$17.26 ($0.50 / Fl Oz)</p><a href="https://www.amazon.com/dp/B00PPKSZO8?tag=eloabder-20&linkCode=osi&th=1&psc=1">View Product</a></div><div class="product"><a href="https://www.amazon.com/dp/B0CHLKJ7JM?tag=eloabder-20&linkCode=osi&th=1&psc=1"><img src="https://m.media-amazon.com/images/I/51sXps1S2KL._SL500_.jpg" alt="Product Image"></a><p>KIND Seeds Fruit & Nuts Snack Bar, Orange Cranberry | 5g Protein, High Fiber, Gluten Free Bars, 1.4 OZ, 12 Count</p><p>$14.96 ($1.25 / Count)</p><a href="https://www.amazon.com/dp/B0CHLKJ7JM?tag=eloabder-20&linkCode=osi&th=1&psc=1">View Product</a></div><div class="product"><a href="https://www.amazon.com/dp/B0CHLD9ZKL?tag=eloabder-20&linkCode=osi&th=1&psc=1"><img src="https://m.media-amazon.com/images/I/51l78v8NL9L._SL500_.jpg" alt="Product Image"></a><p>KIND Seeds Fruit & Nuts Snack Bar, Strawberry Sunflower Seed | 5g Protein, High Fiber, Gluten Free Bars, 1.4 OZ, 12 Count</p><p>$13.58 ($1.13 / Count)</p><a href="https://www.amazon.com/dp/B0CHLD9ZKL?tag=eloabder-20&linkCode=osi&th=1&psc=1">View Product</a></div><div class="product"><a href="https://www.amazon.com/dp/B079WN7C3F?tag=eloabder-20&linkCode=osi&th=1&psc=1"><img src="https://m.media-amazon.com/images/I/41YqpED33FL._SL500_.jpg" alt="Product Image"></a><p>GERBS Raw Super 7 Seed Snack Trail Mix 1 LBS. | Top 14 Food Allergy Free | Resealable Bulk Bag | Made in USA | Raw Pumpkin | Sunflower | Brown & Golden Flax | Black & White Chia | Hemp | Gluten Free</p><p>$14.99 ($0.94 / Ounce)</p><a href="https://www.amazon.com/dp/B079WN7C3F?tag=eloabder-20&linkCode=osi&th=1&psc=1">View Product</a></div><div class="product"><a href="https://www.amazon.com/dp/B00CYK8DOE?tag=eloabder-20&linkCode=osi&th=1&psc=1"><img src="https://m.media-amazon.com/images/I/41hvbaCdz6L._SL500_.jpg" alt="Product Image"></a><p>Oh! Nuts Roasted Salted Pumpkin Seeds | Resealable 2LB Bulk Bag of Unshelled Pepitas | All-Natural Protein Power for Gluten-Free & Vegan Snacking | Fresh & Healthy Keto Snacks</p><p>$18.81 ($0.59 / Ounce)</p><a href="https://www.amazon.com/dp/B00CYK8DOE?tag=eloabder-20&linkCode=osi&th=1&psc=1">View Product</a></div>

<div class="product"><a href="https://www.amazon.com/dp/B08TTFGPS5?tag=eloabder-20&linkCode=osi&th=1&psc=1"><img src="https://m.media-amazon.com/images/I/51LP-kQBLAL._SL500_.jpg" alt="Product Image"></a><p>Pine River Cheese Spreads - Variety Pack 3 8oz. Sharp Cheddar-Garlic & Herb-Swiss (24oz)</p><p>$21.93 ($0.91 / Ounce)</p><a href="https://www.amazon.com/dp/B08TTFGPS5?tag=eloabder-20&linkCode=osi&th=1&psc=1">View Product</a></div><div class="product"><a href="https://www.amazon.com/dp/B09GW71DPQ?tag=eloabder-20&linkCode=osi&th=1&psc=1"><img src="https://m.media-amazon.com/images/I/41BpjCgQpKL._SL500_.jpg" alt="Product Image"></a><p>Port Wine Cheese Spread 8 Ounce (Pack of 4)</p><p>$26.10 ($0.82 / Ounce)</p><a href="https://www.amazon.com/dp/B09GW71DPQ?tag=eloabder-20&linkCode=osi&th=1&psc=1">View Product</a></div><div class="product"><a href="https://www.amazon.com/dp/B006G4NCT0?tag=eloabder-20&linkCode=osi&th=1&psc=1"><img src="https://m.media-amazon.com/images/I/41-Krj0PbcL._SL500_.jpg" alt="Product Image"></a><p>Sharp Cheddar Cheese Spread 8 Ounce (Pack of 4)</p><p>$25.90 ($1.08 / Ounce)</p><a href="https://www.amazon.com/dp/B006G4NCT0?tag=eloabder-20&linkCode=osi&th=1&psc=1">View Product</a></div><div class="product"><a href="https://www.amazon.com/dp/B09SM3L7LN?tag=eloabder-20&linkCode=osi&th=1&psc=1"><img src="https://m.media-amazon.com/images/I/417W7hKPcvL._SL500_.jpg" alt="Product Image"></a><p>Cheese Snack Spread Variety 4 Pack</p><p>$34.00 ($1.06 / Ounce)</p><a href="https://www.amazon.com/dp/B09SM3L7LN?tag=eloabder-20&linkCode=osi&th=1&psc=1">View Product</a></div>
<div class="product"><a href="https://www.amazon.com/dp/B08CNRQ2C6?tag=eloabder-20&linkCode=osi&th=1&psc=1"><img src="https://m.media-amazon.com/images/I/41ps--esahL._SL500_.jpg" alt="Product Image"></a><p>HOIST Premium Military Hydration Electrolyte Drink, Powerful IV-Level Hydration, Clinically Proven Performance Drink, Peach Mango, 16 Fl Oz (Pack of 12)</p><p>$29.99 ($0.16 / Fl Oz)</p><a href="https://www.amazon.com/dp/B08CNRQ2C6?tag=eloabder-20&linkCode=osi&th=1&psc=1">View Product</a></div><div class="product"><a href="https://www.amazon.com/dp/B082BG3XYZ?tag=eloabder-20&linkCode=osi&th=1&psc=1"><img src="https://m.media-amazon.com/images/I/51+XFCzX3zL._SL500_.jpg" alt="Product Image"></a><p>UPTIME – Blueberry Pomegranate - Zero Sugar (12 Pack), Premium Energy Drink, 12oz Bottles, Natural Caffeine, Sparkling, Natural Flavors, 5 Calories…</p><p>$28.99 ($0.20 / Fl Oz)</p><a href="https://www.amazon.com/dp/B082BG3XYZ?tag=eloabder-20&linkCode=osi&th=1&psc=1">View Product</a></div><div class="product"><a href="https://www.amazon.com/dp/B0BSP3R4JX?tag=eloabder-20&linkCode=osi&th=1&psc=1"><img src="https://m.media-amazon.com/images/I/41TvMVYbcjL._SL500_.jpg" alt="Product Image"></a><p>Barcode Premium Hydration Drink - No Added Sugars, Variety Pack (12 Pack) - Plant-Based Beverage - Adaptogen Drink with Electrolytes for Immunity & Performance</p><p>$29.88 ($0.15 / Fl Oz)</p><a href="https://www.amazon.com/dp/B0BSP3R4JX?tag=eloabder-20&linkCode=osi&th=1&psc=1">View Product</a></div><div class="product"><a href="https://www.amazon.com/dp/B0CYL4CCKM?tag=eloabder-20&linkCode=osi&th=1&psc=1"><img src="https://m.media-amazon.com/images/I/514q0PPV9+L._SL500_.jpg" alt="Product Image"></a><p>ProBaller Ultra Premium Energy Drink - Wild Berry ZERO</p><p>$35.99 ($0.20 / Fl Oz)</p><a href="https://www.amazon.com/dp/B0CYL4CCKM?tag=eloabder-20&linkCode=osi&th=1&psc=1">View Product</a></div><div class="product"><a href="https://www.amazon.com/dp/B0D2BKB2J3?tag=eloabder-20&linkCode=osi&th=1&psc=1"><img src="https://m.media-amazon.com/images/I/41MbnJUx3LL._SL500_.jpg" alt="Product Image"></a><p>ProBaller Ultra Premium Energy Drink - Sugar Free</p><p>$35.99 ($0.20 / Fl Oz)</p><a href="https://www.amazon.com/dp/B0D2BKB2J3?tag=eloabder-20&linkCode=osi&th=1&psc=1">View Product</a></div><div class="product"><a href="https://www.amazon.com/dp/B0CYJXMRKS?tag=eloabder-20&linkCode=osi&th=1&psc=1"><img src="https://m.media-amazon.com/images/I/41gt6X6dVdL._SL500_.jpg" alt="Product Image"></a><p>Joggy Clean Energy Drink - 4-Pack Tart Cherry & Hibiscus - 150mg Organic Guayusa Caffeine - Zero Added Sugar, Vegan, Plant-Based, Natural Healthy Boost, Premium Beverage</p><p>$13.99 ($0.44 / Fl Oz)</p><a href="https://www.amazon.com/dp/B0CYJXMRKS?tag=eloabder-20&linkCode=osi&th=1&psc=1">View Product</a></div><div class="product"><a href="https://www.amazon.com/dp/B081QCCN21?tag=eloabder-20&linkCode=osi&th=1&psc=1"><img src="https://m.media-amazon.com/images/I/61k-oHxeO2L._SL500_.jpg" alt="Product Image"></a><p>Hawaiian Sun Premium Tropical Juice Drink Party Bundle of 10 Assorted Flavors (24 Cans Total)</p><p>$44.95 ($0.16 / Fl Oz )</p><a href="https://www.amazon.com/dp/B081QCCN21?tag=eloabder-20&linkCode=osi&th=1&psc=1">View Product</a></div><div class="product"><a href="https://www.amazon.com/dp/B0CCHW3Q8Q?tag=eloabder-20&linkCode=osi&th=1&psc=1"><img src="https://m.media-amazon.com/images/I/414+SPv3c5L._SL500_.jpg" alt="Product Image"></a><p>Camp Craft Cocktail Mix - Flo'rita | Premium Drink Mixer Infusion Kit with Dehydrated Fruit, Herbs and Vegan Sugar | 16 oz Glass Jar Mixer for Cocktails, Margaritas, and Mocktails - Serves 8</p><p>$25.00 ($1.56 / Fl Oz)</p><a href="https://www.amazon.com/dp/B0CCHW3Q8Q?tag=eloabder-20&linkCode=osi&th=1&psc=1">View Product</a></div><div class="product"><a href="https://www.amazon.com/dp/B0CVQN2NBB?tag=eloabder-20&linkCode=osi&th=1&psc=1"><img src="https://m.media-amazon.com/images/I/51bpS7Tlj2L._SL500_.jpg" alt="Product Image"></a><p>Starbucks Cold Brew Coffee, Vanilla Sweet Cream, 11 fl oz Cans (12 Pack), Premium Coffee Drink, Iced Coffee</p><p>$39.39 ($0.30 / Fl Oz)</p><a href="https://www.amazon.com/dp/B0CVQN2NBB?tag=eloabder-20&linkCode=osi&th=1&psc=1">View Product</a></div>
<div class="product"><a href="https://www.amazon.com/dp/B08PW3LK4T?tag=eloabder-20&linkCode=osi&th=1&psc=1"><img src="https://m.media-amazon.com/images/I/41TLoWBkNWL._SL500_.jpg" alt="Product Image"></a><p>Classic Ginger Beer, Regatta Craft Mixers, All-Natural Ingredients, Non-GMO, 7.5oz, Case of 24 Sleek Cans</p><p>$29.98 ($0.17 / Fl Oz)</p><a href="https://www.amazon.com/dp/B08PW3LK4T?tag=eloabder-20&linkCode=osi&th=1&psc=1">View Product</a></div><div class="product"><a href="https://www.amazon.com/dp/B08KTP2999?tag=eloabder-20&linkCode=osi&th=1&psc=1"><img src="https://m.media-amazon.com/images/I/41tC0pFgGtL._SL500_.jpg" alt="Product Image"></a><p>ABC Crafted Series Beer Making Kit | Beer Making Ingredients for Home Brewing | Yields 6 Gallons of Beer | Brown Ale</p><p>$25.00</p><a href="https://www.amazon.com/dp/B08KTP2999?tag=eloabder-20&linkCode=osi&th=1&psc=1">View Product</a></div><div class="product"><a href="https://www.amazon.com/dp/B01KSD9JKU?tag=eloabder-20&linkCode=osi&th=1&psc=1"><img src="https://m.media-amazon.com/images/I/517aGsVY9qL._SL500_.jpg" alt="Product Image"></a><p>Beer-infused Hot Sauce Variety 3-pack (Includes Asian Sriracha, Garlic Serrano, & Roasty Chipotle) - Craft Beer Gift, Hot Sauce Gift Set, Beer Sauce, BBQ Sauce, Beer Lover, Grill + Man Cave</p><p>$27.99 ($1.87 / Fl Oz)</p><a href="https://www.amazon.com/dp/B01KSD9JKU?tag=eloabder-20&linkCode=osi&th=1&psc=1">View Product</a></div><div class="product"><a href="https://www.amazon.com/dp/B0C9KKG6C6?tag=eloabder-20&linkCode=osi&th=1&psc=1"><img src="https://m.media-amazon.com/images/I/41Rxjjlu5+L._SL500_.jpg" alt="Product Image"></a><p>Plochman, Craft Beer Mustard (Brickstone), 11 oz, Blended Mustard</p><p>$6.99 ($0.64 / Ounce)</p><a href="https://www.amazon.com/dp/B0C9KKG6C6?tag=eloabder-20&linkCode=osi&th=1&psc=1">View Product</a></div><div class="product"><a href="https://www.amazon.com/dp/B01692UXRW?tag=eloabder-20&linkCode=osi&th=1&psc=1"><img src="https://m.media-amazon.com/images/I/51qUU-Fjx5L._SL500_.jpg" alt="Product Image"></a><p>BREW CANDY | Hoppy IPA + Roasty Stout + Honey Ale | Great Craft Beer Gift for Beer Drinkers and Candy Lovers | Perfect for the Man Cave, Brewery, Office, or Home | MADE IN USA</p><p>$9.99 ($2.50 / Ounce)</p><a href="https://www.amazon.com/dp/B01692UXRW?tag=eloabder-20&linkCode=osi&th=1&psc=1">View Product</a></div><div class="product"><a href="https://www.amazon.com/dp/B07L1M2P57?tag=eloabder-20&linkCode=osi&th=1&psc=1"><img src="https://m.media-amazon.com/images/I/415wGhwZDvL._SL500_.jpg" alt="Product Image"></a><p>Unique Snacks Sourdough Craft Beer Pretzel Rings, Delicious Homestyle Baked Snack Bag, Vegan, OU Kosher, and Non-GMO Food, No Artificial Flavor, 11 Oz. Bag, Pack of 6</p><p>$24.99 ($0.38 / Ounce)</p><a href="https://www.amazon.com/dp/B07L1M2P57?tag=eloabder-20&linkCode=osi&th=1&psc=1">View Product</a></div>
<div class="product"><a href="https://www.amazon.com/dp/B0CD79R3QZ?tag=eloabder-20&linkCode=osi&th=1&psc=1"><img src="https://m.media-amazon.com/images/I/21X3VVYgpXL._SL500_.jpg" alt="Product Image"></a><p>French Bloom Le Blanc Alcohol-Free Sparkling Wine, 750ml - Certified Organic, Vegan, Halal, Low Calorie, Sulfite Free - Made with Fine Organic Wine, No Preservatives or Added Sugar</p><p>$41.00 ($1.61 / Fl Oz)</p><a href="https://www.amazon.com/dp/B0CD79R3QZ?tag=eloabder-20&linkCode=osi&th=1&psc=1">View Product</a></div><div class="product"><a href="https://www.amazon.com/dp/B0D6HWD369?tag=eloabder-20&linkCode=osi&th=1&psc=1"><img src="https://m.media-amazon.com/images/I/31U1YybAm5L._SL500_.jpg" alt="Product Image"></a><p>Saint Viviana Non-Alcoholic Sauvignon Blanc, Crisp Dry White Wine with Fresh Fruit Flavor & Floral Notes, Made in Washington State, 24.6 Fl Oz Bottle</p><p>$22.99 ($0.93 / Fl Oz)</p><a href="https://www.amazon.com/dp/B0D6HWD369?tag=eloabder-20&linkCode=osi&th=1&psc=1">View Product</a></div><div class="product"><a href="https://www.amazon.com/dp/B0D244C3VJ?tag=eloabder-20&linkCode=osi&th=1&psc=1"><img src="https://m.media-amazon.com/images/I/416UnLmeDPL._SL500_.jpg" alt="Product Image"></a><p>Monari Marsala Fine Wine PDO Glaze| 9 Ounce, Pack of 6</p><p>$37.99 ($6.33 / Count)</p><a href="https://www.amazon.com/dp/B0D244C3VJ?tag=eloabder-20&linkCode=osi&th=1&psc=1">View Product</a></div><div class="product"><a href="https://www.amazon.com/dp/B0054KSA5I?tag=eloabder-20&linkCode=osi&th=1&psc=1"><img src="https://m.media-amazon.com/images/I/41Dk7Gmm5xL._SL500_.jpg" alt="Product Image"></a><p>Regina Fine Red Wine Vinegar, 12 Fl Oz</p><p>$12.94 ($1.08 / Fl Oz)</p><a href="https://www.amazon.com/dp/B0054KSA5I?tag=eloabder-20&linkCode=osi&th=1&psc=1">View Product</a></div><div class="product"><a href="https://www.amazon.com/dp/B0CC6JY2CM?tag=eloabder-20&linkCode=osi&th=1&psc=1"><img src="https://m.media-amazon.com/images/I/31FVY0Kg2cL._SL500_.jpg" alt="Product Image"></a><p>ST. REGIS Cabernet Sauvignon 25.4 Fl Oz (1 Pack) - Low Calorie and Sugar - Fruity & Spicy Rich Flavor from North of Spain Vineyards</p><p>$17.95 ($0.71 / Fl Oz)</p><a href="https://www.amazon.com/dp/B0CC6JY2CM?tag=eloabder-20&linkCode=osi&th=1&psc=1">View Product</a></div><div class="product"><a href="https://www.amazon.com/dp/B0CLYLY93H?tag=eloabder-20&linkCode=osi&th=1&psc=1"><img src="https://m.media-amazon.com/images/I/31cSVgLe1sL._SL500_.jpg" alt="Product Image"></a><p>Chateau del ISH Sparkling Rosé | Award-Winning Non-Alcoholic Sparkling Wine | De-Alcoholized Blend of Merlot & Pinot Noir Grapes | Only 9 grams of Sugar | 45 Calories per Serving | 750 ml Bottle</p><p>$23.99 ($0.94 / Fl Oz)</p><a href="https://www.amazon.com/dp/B0CLYLY93H?tag=eloabder-20&linkCode=osi&th=1&psc=1">View Product</a></div><div class="product"><a href="https://www.amazon.com/dp/B00075WK10?tag=eloabder-20&linkCode=osi&th=1&psc=1"><img src="https://m.media-amazon.com/images/I/41wn5BC9e3L._SL500_.jpg" alt="Product Image"></a><p>Mantova Italian White Wine Vinegar 17 oz (Pack of 2). Made with traditional methods and aged in fine wood casks, it retains the flavor of the wine, accented by the crisp character of the vinegar.</p><p>$12.97 ($7.21 / Fl Oz)</p><a href="https://www.amazon.com/dp/B00075WK10?tag=eloabder-20&linkCode=osi&th=1&psc=1">View Product</a></div><div class="product"><a href="https://www.amazon.com/dp/B0B6Y4LGT8?tag=eloabder-20&linkCode=osi&th=1&psc=1"><img src="https://m.media-amazon.com/images/I/31DYvJX17cL._SL500_.jpg" alt="Product Image"></a><p>Wander + Found Non-Alcoholic Wine, Pinot Noir, Award Winning Red Wine from Germany, Non-GMO Dealcoholized Wine, 750 ml (1 Bottle)</p><p>$25.99 ($1.02 / Fl Oz)</p><a href="https://www.amazon.com/dp/B0B6Y4LGT8?tag=eloabder-20&linkCode=osi&th=1&psc=1">View Product</a></div><div class="product"><a href="https://www.amazon.com/dp/B08FBLJFL3?tag=eloabder-20&linkCode=osi&th=1&psc=1"><img src="https://m.media-amazon.com/images/I/31xcotQJiQL._SL500_.jpg" alt="Product Image"></a><p>Lussory Organic Merlot Dealcoholized 0.0% Non-Alcoholic Red From Spain, Low Calories, Organic, Vegan (750ml, 1 Bottle)</p><p>$27.99 ($1.10 / Fl Oz)</p><a href="https://www.amazon.com/dp/B08FBLJFL3?tag=eloabder-20&linkCode=osi&th=1&psc=1">View Product</a></div>
<div class="product"><a href="https://www.amazon.com/dp/B08RD41V4Y?tag=eloabder-20&linkCode=osi&th=1&psc=1"><img src="https://m.media-amazon.com/images/I/41Ctrzm6OdL._SL500_.jpg" alt="Product Image"></a><p>Pure Organic Layered Fruit Bars Variety Pack 28 count (Pack of 1).</p><p>$13.99 ($0.40 / Ounce)</p><a href="https://www.amazon.com/dp/B08RD41V4Y?tag=eloabder-20&linkCode=osi&th=1&psc=1">View Product</a></div><div class="product"><a href="https://www.amazon.com/dp/B06X6JR48M?tag=eloabder-20&linkCode=osi&th=1&psc=1"><img src="https://m.media-amazon.com/images/I/51QhYDgoJFL._SL500_.jpg" alt="Product Image"></a><p>Nature's Garden Organic Trail Mix Snack Packs, Multi Pack 1.2 oz - Pack of 24 (Total 28.8 oz)</p><p>$14.89 ($0.52 / Ounce)</p><a href="https://www.amazon.com/dp/B06X6JR48M?tag=eloabder-20&linkCode=osi&th=1&psc=1">View Product</a></div><div class="product"><a href="https://www.amazon.com/dp/B0BQTL31PR?tag=eloabder-20&linkCode=osi&th=1&psc=1"><img src="https://m.media-amazon.com/images/I/512GxWL1ejL._SL500_.jpg" alt="Product Image"></a><p>Annie's Organic Birthday Cake Bunny Grahams and Cheddar Bunnies Snack Pack 36 Count, 36 oz</p><p>$16.99 ($0.47 / Ounce)</p><a href="https://www.amazon.com/dp/B0BQTL31PR?tag=eloabder-20&linkCode=osi&th=1&psc=1">View Product</a></div><div class="product"><a href="https://www.amazon.com/dp/B0C17SW6V1?tag=eloabder-20&linkCode=osi&th=1&psc=1"><img src="https://m.media-amazon.com/images/I/51JwHhUMp-L._SL500_.jpg" alt="Product Image"></a><p>Annie's Organic Bunny Fruit Snacks, Variety Pack, Gluten Free, 22 ct, 15.4 oz</p><p>$9.98 ($0.45 / Count)</p><a href="https://www.amazon.com/dp/B0C17SW6V1?tag=eloabder-20&linkCode=osi&th=1&psc=1">View Product</a></div><div class="product"><a href="https://www.amazon.com/dp/B079LY41VY?tag=eloabder-20&linkCode=osi&th=1&psc=1"><img src="https://m.media-amazon.com/images/I/51hNBmR-vOL._SL500_.jpg" alt="Product Image"></a><p>MadeGood Healthy Snacks Variety Pack (40 Count) Organic Assortment of Granola Bars, Granola Mini and Crispy Squares; Individually Wrapped Snacks</p><p>$29.99</p><a href="https://www.amazon.com/dp/B079LY41VY?tag=eloabder-20&linkCode=osi&th=1&psc=1">View Product</a></div><div class="product"><a href="https://www.amazon.com/dp/B0B88WYZVC?tag=eloabder-20&linkCode=osi&th=1&psc=1"><img src="https://m.media-amazon.com/images/I/41jnzaqqPlL._SL500_.jpg" alt="Product Image"></a><p>YumEarth Organic Fruit Snacks Box, 0.7 Ounce (Pack of 10)</p><p>$6.49 ($0.93 / Ounce)</p><a href="https://www.amazon.com/dp/B0B88WYZVC?tag=eloabder-20&linkCode=osi&th=1&psc=1">View Product</a></div><div class="product"><a href="https://www.amazon.com/dp/B087HBLXSM?tag=eloabder-20&linkCode=osi&th=1&psc=1"><img src="https://m.media-amazon.com/images/I/4103I3BvCSL._SL500_.jpg" alt="Product Image"></a><p>Tropical Fields Organic Crispy Coconut Rolls, 11 Oz</p><p>$9.94 ($0.90 / Ounce)</p><a href="https://www.amazon.com/dp/B087HBLXSM?tag=eloabder-20&linkCode=osi&th=1&psc=1">View Product</a></div><div class="product"><a href="https://www.amazon.com/dp/B08L4XZBS1?tag=eloabder-20&linkCode=osi&th=1&psc=1"><img src="https://m.media-amazon.com/images/I/51IN3a2zpZL._SL500_.jpg" alt="Product Image"></a><p>Annie's Organic Fruit Peel-A-Parts Fruit Snacks, Strawberry and Fruit Punch, 12 packs, 6.7 oz.</p><p>$9.99 ($0.83 / Count)</p><a href="https://www.amazon.com/dp/B08L4XZBS1?tag=eloabder-20&linkCode=osi&th=1&psc=1">View Product</a></div><div class="product"><a href="https://www.amazon.com/dp/B088PRVMXL?tag=eloabder-20&linkCode=osi&th=1&psc=1"><img src="https://m.media-amazon.com/images/I/51Lye-KMCNL._SL500_.jpg" alt="Product Image"></a><p>Gimme Seaweed - Sea Salt & Avocado Oil - 20 Count - Organic Roasted Seaweed Sheets - Keto, Vegan, Gluten Free - Great Source of Iodine & Omega 3’s - Healthy On-The-Go Snack for Kids & Adults</p><p>$14.43 ($4.51 / Ounce)</p><a href="https://www.amazon.com/dp/B088PRVMXL?tag=eloabder-20&linkCode=osi&th=1&psc=1">View Product</a></div><div class="product"><a href="https://www.amazon.com/dp/B0792LF5DZ?tag=eloabder-20&linkCode=osi&th=1&psc=1"><img src="https://m.media-amazon.com/images/I/51Ogpal4rKL._SL500_.jpg" alt="Product Image"></a><p>Simply, Variety Pack Snacks, 0.875 Ounce (Pack of 36)</p><p>$22.43 ($0.71 / Ounce)</p><a href="https://www.amazon.com/dp/B0792LF5DZ?tag=eloabder-20&linkCode=osi&th=1&psc=1">View Product</a></div>
<div class="product"><a href="https://www.amazon.com/dp/B07D83162X?tag=eloabder-20&linkCode=osi&th=1&psc=1"><img src="https://m.media-amazon.com/images/I/515OpZM7eUL._SL500_.jpg" alt="Product Image"></a><p>CLIF BAR - Energy Bars - Variety Pack - Made with Organic Oats - 9-11g Protein - Non-GMO - Plant Based - 2.4 oz. (16 Count)</p><p>$25.98 ($0.68 / Ounce)</p><a href="https://www.amazon.com/dp/B07D83162X?tag=eloabder-20&linkCode=osi&th=1&psc=1">View Product</a></div><div class="product"><a href="https://www.amazon.com/dp/B0CXQ6QP2B?tag=eloabder-20&linkCode=osi&th=1&psc=1"><img src="https://m.media-amazon.com/images/I/41zGg7iGu+L._SL500_.jpg" alt="Product Image"></a><p>CLIF BAR - Crunchy Peanut Butter - Made with Organic Oats - 11g Protein - Non-GMO - Plant Based - Energy Bars - 2.4 oz. (15 Pack)</p><p>$17.24 ($0.48 / Ounce)</p><a href="https://www.amazon.com/dp/B0CXQ6QP2B?tag=eloabder-20&linkCode=osi&th=1&psc=1">View Product</a></div><div class="product"><a href="https://www.amazon.com/dp/B00GJ82VK4?tag=eloabder-20&linkCode=osi&th=1&psc=1"><img src="https://m.media-amazon.com/images/I/51j2KOV9-+L._SL500_.jpg" alt="Product Image"></a><p>Pure Protein Bars, High Protein, Nutritious Snacks to Support Energy, Low Sugar, Gluten Free, Chocolate Peanut Butter, 1.76oz, 12 Count (Packaging May Vary)</p><p>$15.55 ($0.73 / Ounce)</p><a href="https://www.amazon.com/dp/B00GJ82VK4?tag=eloabder-20&linkCode=osi&th=1&psc=1">View Product</a></div><div class="product"><a href="https://www.amazon.com/dp/B084R2FJVV?tag=eloabder-20&linkCode=osi&th=1&psc=1"><img src="https://m.media-amazon.com/images/I/51mGjMQ-PjL._SL500_.jpg" alt="Product Image"></a><p>KIND Energy Bars, Chocolate Chunk, Healthy Snacks, Gluten Free, 30 Count</p><p>$35.45 ($0.56 / Ounce)</p><a href="https://www.amazon.com/dp/B084R2FJVV?tag=eloabder-20&linkCode=osi&th=1&psc=1">View Product</a></div><div class="product"><a href="https://www.amazon.com/dp/B0BHMRSNWX?tag=eloabder-20&linkCode=osi&th=1&psc=1"><img src="https://m.media-amazon.com/images/I/51mha5Z8vAL._SL500_.jpg" alt="Product Image"></a><p>Verb Energy - Variety Pack Caffeinated Snack Bars - 110-Calorie Low Sugar Energy Bar - Nutrition Bars - Vegan Snacks - Gluten Free Breakfast Bars with Organic Green Tea, 26g (Pack of 16)</p><p>$28.95 ($1.97 / Ounce)</p><a href="https://www.amazon.com/dp/B0BHMRSNWX?tag=eloabder-20&linkCode=osi&th=1&psc=1">View Product</a></div><div class="product"><a href="https://www.amazon.com/dp/B08939X5HL?tag=eloabder-20&linkCode=osi&th=1&psc=1"><img src="https://m.media-amazon.com/images/I/51RKwNvJZiL._SL500_.jpg" alt="Product Image"></a><p>Nature Valley Chewy Fruit and Nut Granola Bars, Trail Mix, 1.2 oz, 15 ct</p><p>$6.24 ($0.35 / Ounce)</p><a href="https://www.amazon.com/dp/B08939X5HL?tag=eloabder-20&linkCode=osi&th=1&psc=1">View Product</a></div><div class="product"><a href="https://www.amazon.com/dp/B004XEDS5I?tag=eloabder-20&linkCode=osi&th=1&psc=1"><img src="https://m.media-amazon.com/images/I/51dc89OLXjL._SL500_.jpg" alt="Product Image"></a><p>CLIF BAR - Chocolate Chip - Made with Organic Oats - Non-GMO - Plant Based - Energy Bars - 2.4 oz. (12 Pack)</p><p>$15.17 ($0.53 / Ounce)</p><a href="https://www.amazon.com/dp/B004XEDS5I?tag=eloabder-20&linkCode=osi&th=1&psc=1">View Product</a></div><div class="product"><a href="https://www.amazon.com/dp/B07HHK51J9?tag=eloabder-20&linkCode=osi&th=1&psc=1"><img src="https://m.media-amazon.com/images/I/41h0pofx49L._SL500_.jpg" alt="Product Image"></a><p>Quantum Energy Square: Energy Bar with Caffeine & 10g Protein. Delicious Healthy Snack On The Go. (Vegan, Gluten-free, Soy-free, Dairy-free). Flavor: Variety 8Pk</p><p>$19.95 ($1.48 / Ounce)</p><a href="https://www.amazon.com/dp/B07HHK51J9?tag=eloabder-20&linkCode=osi&th=1&psc=1">View Product</a></div><div class="product"><a href="https://www.amazon.com/dp/B0BY3NL6N3?tag=eloabder-20&linkCode=osi&th=1&psc=1"><img src="https://m.media-amazon.com/images/I/61a84haNQXL._SL500_.jpg" alt="Product Image"></a><p>Atkins Soft Baked Energy Bars, Blueberry, 15g Protein,2g Sugar, Excellent Source of Fiber, Low Carb, 4 Packs (5 Bars Each)</p><p>$40.00 ($2.00 / Count)</p><a href="https://www.amazon.com/dp/B0BY3NL6N3?tag=eloabder-20&linkCode=osi&th=1&psc=1">View Product</a></div><div class="product"><a href="https://www.amazon.com/dp/B0767X1YGZ?tag=eloabder-20&linkCode=osi&th=1&psc=1"><img src="https://m.media-amazon.com/images/I/41wLM+HSd7L._SL500_.jpg" alt="Product Image"></a><p>SKRATCH LABS Energy Bar | Cherry + Pistachio (12 pack) | Plant Based Healthy Snack | Low Sugar - 5g Protein | non-gmo, gluten free, soy free, vegan, kosher</p><p>$29.95 ($1.41 / Ounce)</p><a href="https://www.amazon.com/dp/B0767X1YGZ?tag=eloabder-20&linkCode=osi&th=1&psc=1">View Product</a></div>
<div class="product"><a href="https://www.amazon.com/dp/B00819SSGK?tag=eloabder-20&linkCode=osi&th=1&psc=1"><img src="https://m.media-amazon.com/images/I/51OoPlQlUFL._SL500_.jpg" alt="Product Image"></a><p>Orville Redenbacher's Original Gourmet Popping Corn Kernels, 8 lb.</p><p>$13.28 ($0.10 / Ounce)</p><a href="https://www.amazon.com/dp/B00819SSGK?tag=eloabder-20&linkCode=osi&th=1&psc=1">View Product</a></div><div class="product"><a href="https://www.amazon.com/dp/B0C8QMKF7K?tag=eloabder-20&linkCode=osi&th=1&psc=1"><img src="https://m.media-amazon.com/images/I/41Q1zRw163L._SL500_.jpg" alt="Product Image"></a><p>Extra Buttery Caramel Gourmet Popcorn | 6 Cups Total | Made From Scratch, Made in USA, & GMO-Free | Great as a Snack, Gift, Thank You, & Movie Night - (10.8oz Total)</p><p>$8.99 ($0.83 / Ounce)</p><a href="https://www.amazon.com/dp/B0C8QMKF7K?tag=eloabder-20&linkCode=osi&th=1&psc=1">View Product</a></div><div class="product"><a href="https://www.amazon.com/dp/B0CKLW62T5?tag=eloabder-20&linkCode=osi&th=1&psc=1"><img src="https://m.media-amazon.com/images/I/51UzqTDjfaL._SL500_.jpg" alt="Product Image"></a><p>Garrett Popcorn Garrett Mix, 6.0oz, 4 Bags, Cheese and Caramel Gourmet Popcorn, Gluten Free, Sweet and Salty Snack, Popped Popcorn Bags</p><p>$24.95 ($1.04 / Ounce)</p><a href="https://www.amazon.com/dp/B0CKLW62T5?tag=eloabder-20&linkCode=osi&th=1&psc=1">View Product</a></div><div class="product"><a href="https://www.amazon.com/dp/B07JN5467R?tag=eloabder-20&linkCode=osi&th=1&psc=1"><img src="https://m.media-amazon.com/images/I/51vsJLZ79WL._SL500_.jpg" alt="Product Image"></a><p>Urban Accents MOVIE NIGHT Popcorn Kernels and Popcorn Seasoning Variety Pack (set of 8) - 3 Non-GMO Popcorn Kernel Packs and 5 Gourmet Popcorn Snack Seasoning</p><p>$22.00 ($1.01 / Ounce)</p><a href="https://www.amazon.com/dp/B07JN5467R?tag=eloabder-20&linkCode=osi&th=1&psc=1">View Product</a></div><div class="product"><a href="https://www.amazon.com/dp/B0C9592XTW?tag=eloabder-20&linkCode=osi&th=1&psc=1"><img src="https://m.media-amazon.com/images/I/41DvOymNLML._SL500_.jpg" alt="Product Image"></a><p>Funky Chunky Gourmet Popcorn, Chocolatey Popcorn, Pretzel, and Nutty Mixes, Peanut Butter Cup Popcorn, 19-Ounce Large Bag (Pack of 1)</p><p>$15.00 ($0.79 / Ounce)</p><a href="https://www.amazon.com/dp/B0C9592XTW?tag=eloabder-20&linkCode=osi&th=1&psc=1">View Product</a></div><div class="product"><a href="https://www.amazon.com/dp/B0D3FH1GW4?tag=eloabder-20&linkCode=osi&th=1&psc=1"><img src="https://m.media-amazon.com/images/I/51hBtOn2I4L._SL500_.jpg" alt="Product Image"></a><p>Garrett Popcorn Garrett Mix, 1.9oz, 12 Bags, Cheese and Caramel Gourmet Popcorn, Gluten Free, Sweet and Salty Snack Bags, Popped Popcorn Bags, Multipack</p><p>$29.95 ($1.31 / Ounce)</p><a href="https://www.amazon.com/dp/B0D3FH1GW4?tag=eloabder-20&linkCode=osi&th=1&psc=1">View Product</a></div><div class="product"><a href="https://www.amazon.com/dp/B00Q0PWE7Q?tag=eloabder-20&linkCode=osi&th=1&psc=1"><img src="https://m.media-amazon.com/images/I/51jM1d0eF8L._SL500_.jpg" alt="Product Image"></a><p>Popcornopolis Gourmet Caramel Corn Popcorn, Popped Popcorn Snack Bags 9.5 Oz</p><p>$8.99 ($0.95 / Ounce)</p><a href="https://www.amazon.com/dp/B00Q0PWE7Q?tag=eloabder-20&linkCode=osi&th=1&psc=1">View Product</a></div><div class="product"><a href="https://www.amazon.com/dp/B00D2H6LOW?tag=eloabder-20&linkCode=osi&th=1&psc=1"><img src="https://m.media-amazon.com/images/I/41iePRgsY5L._SL500_.jpg" alt="Product Image"></a><p>Thatcher's Gourmet Specialties Fruit Medley, 8 Oz (Pack of 1)</p><p>$6.25 ($0.78 / Ounce)</p><a href="https://www.amazon.com/dp/B00D2H6LOW?tag=eloabder-20&linkCode=osi&th=1&psc=1">View Product</a></div>
<div class="product"><a href="https://www.amazon.com/dp/B07ZXN7LPC?tag=eloabder-20&linkCode=osi&th=1&psc=1"><img src="https://m.media-amazon.com/images/I/51YkD3V1JyL._SL500_.jpg" alt="Product Image"></a><p>Mantova Organic Italian Specialty Pasta, Caserecce (2 packs of 1 lb. each) - Artisan Pasta, Non-GMO, Vegan, Kosher Certified, and Imported From Italy, Premium Quality</p><p>$12.99 ($0.41 / Ounce)</p><a href="https://www.amazon.com/dp/B07ZXN7LPC?tag=eloabder-20&linkCode=osi&th=1&psc=1">View Product</a></div><div class="product"><a href="https://www.amazon.com/dp/B01F2Z8ZOU?tag=eloabder-20&linkCode=osi&th=1&psc=1"><img src="https://m.media-amazon.com/images/I/51MK8iWLCgL._SL500_.jpg" alt="Product Image"></a><p>Mantova Organic Italian Specialty Pasta, Lumaconi, 1 lb (Pack of 2)</p><p>$13.99 ($0.87 / Ounce)</p><a href="https://www.amazon.com/dp/B01F2Z8ZOU?tag=eloabder-20&linkCode=osi&th=1&psc=1">View Product</a></div><div class="product"><a href="https://www.amazon.com/dp/B004N5HA6A?tag=eloabder-20&linkCode=osi&th=1&psc=1"><img src="https://m.media-amazon.com/images/I/517oR0RhHgL._SL500_.jpg" alt="Product Image"></a><p>Morelli Gourmet Pasta Italian Gift Basket From Italy - Tricolor Pasta Linguine Set - Red Chili, Garlic & Basil, and Lemon Pasta - Tricolored Organic Pasta from Italy, Made in Italy (3x 8.8 Ounce)</p><p>$31.99 ($1.21 / Ounce)</p><a href="https://www.amazon.com/dp/B004N5HA6A?tag=eloabder-20&linkCode=osi&th=1&psc=1">View Product</a></div><div class="product"><a href="https://www.amazon.com/dp/B00I8R5HSW?tag=eloabder-20&linkCode=osi&th=1&psc=1"><img src="https://m.media-amazon.com/images/I/41miThBoNtL._SL500_.jpg" alt="Product Image"></a><p>Mafaldine Italian Pasta di Gragnano | I.G.P. Protected | USDA Certified Organic | 17.6 Ounce | 500 Gram</p><p>$12.95 ($0.73 / Ounce)</p><a href="https://www.amazon.com/dp/B00I8R5HSW?tag=eloabder-20&linkCode=osi&th=1&psc=1">View Product</a></div><div class="product"><a href="https://www.amazon.com/dp/B0B1469JM5?tag=eloabder-20&linkCode=osi&th=1&psc=1"><img src="https://m.media-amazon.com/images/I/51spzGwiJ9L._SL500_.jpg" alt="Product Image"></a><p>Morelli Busiate, Pici, and Bucatini Organic Pasta Variety Pack - Imported Italian Pasta Sampler - Specialty Assortment Includes Three-17.6 oz Packages of Gourmet Pasta from Italy</p><p>$39.99 ($0.76 / Ounce)</p><a href="https://www.amazon.com/dp/B0B1469JM5?tag=eloabder-20&linkCode=osi&th=1&psc=1">View Product</a></div><div class="product"><a href="https://www.amazon.com/dp/B083X2P94L?tag=eloabder-20&linkCode=osi&th=1&psc=1"><img src="https://m.media-amazon.com/images/I/51APpkv+ImL._SL500_.jpg" alt="Product Image"></a><p>Pasta Deliziosa! Handcrafted Pasta Variety Pack, All Flavors, 12 Ounce (Pack of 6)</p><p>$38.99 ($3.25 / Ounce)</p><a href="https://www.amazon.com/dp/B083X2P94L?tag=eloabder-20&linkCode=osi&th=1&psc=1">View Product</a></div><div class="product"><a href="https://www.amazon.com/dp/B0793LPXRN?tag=eloabder-20&linkCode=osi&th=1&psc=1"><img src="https://m.media-amazon.com/images/I/41zIY0jxDdL._SL500_.jpg" alt="Product Image"></a><p>La Molisana Pasta Anellini Siciliani, 16 oz</p><p>$6.95 ($0.43 / Ounce)</p><a href="https://www.amazon.com/dp/B0793LPXRN?tag=eloabder-20&linkCode=osi&th=1&psc=1">View Product</a></div><div class="product"><a href="https://www.amazon.com/dp/B006ODJEBS?tag=eloabder-20&linkCode=osi&th=1&psc=1"><img src="https://m.media-amazon.com/images/I/51x4T3SOw1L._SL500_.jpg" alt="Product Image"></a><p>La Molisana Pasta Fusilli Bucati Cort, 1 Pound (Pack of 1)</p><p>$7.99 ($0.05 / Ounce)</p><a href="https://www.amazon.com/dp/B006ODJEBS?tag=eloabder-20&linkCode=osi&th=1&psc=1">View Product</a></div><div class="product"><a href="https://www.amazon.com/dp/B0095F92HS?tag=eloabder-20&linkCode=osi&th=1&psc=1"><img src="https://m.media-amazon.com/images/I/51IXE-gW1gL._SL500_.jpg" alt="Product Image"></a><p>De Cecco Pasta, Egg Pappardelle, 8.8 Ounce</p><p>$2.50 ($0.28 / Ounce)</p><a href="https://www.amazon.com/dp/B0095F92HS?tag=eloabder-20&linkCode=osi&th=1&psc=1">View Product</a></div><div class="product"><a href="https://www.amazon.com/dp/B000LRH8AM?tag=eloabder-20&linkCode=osi&th=1&psc=1"><img src="https://m.media-amazon.com/images/I/517Gsx3xbQL._SL500_.jpg" alt="Product Image"></a><p>RiceSelect Tri-Color Orzo Rice-Shaped Pasta, Premium Spinach- and Tomato-Flavored Non-GMO Orzo Pasta, 32-Ounce Jar</p><p>$7.29 ($0.28 / Ounce)</p><a href="https://www.amazon.com/dp/B000LRH8AM?tag=eloabder-20&linkCode=osi&th=1&psc=1">View Product</a></div>
<div class="product"><a href="https://www.amazon.com/dp/B00LUK2TGC?tag=eloabder-20&linkCode=osi&th=1&psc=1"><img src="https://m.media-amazon.com/images/I/51-6ifc3VmL._SL500_.jpg" alt="Product Image"></a><p>The Gourmet Choice Gift Basket by Wine Country Gift Baskets</p><p>$83.35</p><a href="https://www.amazon.com/dp/B00LUK2TGC?tag=eloabder-20&linkCode=osi&th=1&psc=1">View Product</a></div><div class="product"><a href="https://www.amazon.com/dp/B009LHPJ1S?tag=eloabder-20&linkCode=osi&th=1&psc=1"><img src="https://m.media-amazon.com/images/I/51cf0AEkjgL._SL500_.jpg" alt="Product Image"></a><p>Wine Country Gift Baskets Gourmet Feast Perfect For Family, Friends, Co-Workers, Loved Ones and Clients</p><p>$59.95</p><a href="https://www.amazon.com/dp/B009LHPJ1S?tag=eloabder-20&linkCode=osi&th=1&psc=1">View Product</a></div><div class="product"><a href="https://www.amazon.com/dp/B004D9XYWU?tag=eloabder-20&linkCode=osi&th=1&psc=1"><img src="https://m.media-amazon.com/images/I/515H6eRSagL._SL500_.jpg" alt="Product Image"></a><p>A Gift Inside Chocolate, Caramel and Crunch Grand Gift Basket</p><p>$42.95</p><a href="https://www.amazon.com/dp/B004D9XYWU?tag=eloabder-20&linkCode=osi&th=1&psc=1">View Product</a></div><div class="product"><a href="https://www.amazon.com/dp/B00BY78O7Y?tag=eloabder-20&linkCode=osi&th=1&psc=1"><img src="https://m.media-amazon.com/images/I/51sFeewMqVL._SL500_.jpg" alt="Product Image"></a><p>The Bon Appetit Gourmet Gift Basket by Wine Country Gift Baskets Gift for Families College Students Appreciation Thank You Congratulations Get Well Soon Care Package</p><p>$49.95</p><a href="https://www.amazon.com/dp/B00BY78O7Y?tag=eloabder-20&linkCode=osi&th=1&psc=1">View Product</a></div><div class="product"><a href="https://www.amazon.com/dp/B07CHSN691?tag=eloabder-20&linkCode=osi&th=1&psc=1"><img src="https://m.media-amazon.com/images/I/51-Qvkf4yFL._SL500_.jpg" alt="Product Image"></a><p>Dried Fruit Gift Basket– Healthy Gourmet Snack Box - Holiday Food Tray - Variety Snacks - Birthday, Sympathy, Mom, Dad, Corporate Tray - Bonnie & Pop</p><p>$37.99</p><a href="https://www.amazon.com/dp/B07CHSN691?tag=eloabder-20&linkCode=osi&th=1&psc=1">View Product</a></div><div class="product"><a href="https://www.amazon.com/dp/B00FBGKCHE?tag=eloabder-20&linkCode=osi&th=1&psc=1"><img src="https://m.media-amazon.com/images/I/51anmoX7EkL._SL500_.jpg" alt="Product Image"></a><p>Broadway Basketeers Chocolate Gift Basket Snack Gifts for Women, Men, Families, College, Appreciation, Thank You, Birthday, Corporate, Get Well Soon, Sympathy Care Package</p><p>$48.70 ($48.70 / Count)</p><a href="https://www.amazon.com/dp/B00FBGKCHE?tag=eloabder-20&linkCode=osi&th=1&psc=1">View Product</a></div><div class="product"><a href="https://www.amazon.com/dp/B00BY78O60?tag=eloabder-20&linkCode=osi&th=1&psc=1"><img src="https://m.media-amazon.com/images/I/51vKfvc7JTL._SL500_.jpg" alt="Product Image"></a><p>Wine Country Gift Baskets The Connoisseur Gourmet Gift Basket Food Gift Basket for Families College Students Appreciation Thank You Congratulations Get Well Soon Care Package</p><p>$56.36</p><a href="https://www.amazon.com/dp/B00BY78O60?tag=eloabder-20&linkCode=osi&th=1&psc=1">View Product</a></div><div class="product"><a href="https://www.amazon.com/dp/B07FT598PM?tag=eloabder-20&linkCode=osi&th=1&psc=1"><img src="https://m.media-amazon.com/images/I/51OJVHYoRsL._SL500_.jpg" alt="Product Image"></a><p>Wine Country Gift Baskets Gourmet Deluxe Gift Basket</p><p>$99.95</p><a href="https://www.amazon.com/dp/B07FT598PM?tag=eloabder-20&linkCode=osi&th=1&psc=1">View Product</a></div>
<div class="product"><a href="https://www.amazon.com/dp/B0B5ZTZL6G?tag=eloabder-20&linkCode=osi&th=1&psc=1"><img src="https://m.media-amazon.com/images/I/51rZYLnRlVL._SL500_.jpg" alt="Product Image"></a><p>Reinmoson Tea Strainers for Loose Tea, Extra Fine Mesh Tea Infuser, 304 Stainless Steel & Updated Slim Threaded Lid, Loose Leaf Tea Steeper for Black Tea, Rooibos, etc</p><p>$9.99</p><a href="https://www.amazon.com/dp/B0B5ZTZL6G?tag=eloabder-20&linkCode=osi&th=1&psc=1">View Product</a></div><div class="product"><a href="https://www.amazon.com/dp/B00SBTK5KW?tag=eloabder-20&linkCode=osi&th=1&psc=1"><img src="https://m.media-amazon.com/images/I/414cqIbd9eL._SL500_.jpg" alt="Product Image"></a><p>Tea Forte Single Steeps Loose Leaf Lotus Tea Sampler, Assorted Variety Tea Box, Serve Pouches,15 Count (Pack of 1)</p><p>$18.00 ($9.33 / Ounce)</p><a href="https://www.amazon.com/dp/B00SBTK5KW?tag=eloabder-20&linkCode=osi&th=1&psc=1">View Product</a></div><div class="product"><a href="https://www.amazon.com/dp/B08VMR4MXN?tag=eloabder-20&linkCode=osi&th=1&psc=1"><img src="https://m.media-amazon.com/images/I/51qQv4-VV3L._SL500_.jpg" alt="Product Image"></a><p>Twinings Tea Sampler Set 12 Flavors Assortment 48 Assorted Tea Bags with 20 Honey Sticks for Tea, Straws and Naturally Caffeine Free Herbal Tea Set…</p><p>$22.96 ($22.96 / Count)</p><a href="https://www.amazon.com/dp/B08VMR4MXN?tag=eloabder-20&linkCode=osi&th=1&psc=1">View Product</a></div><div class="product"><a href="https://www.amazon.com/dp/B074T2FWJY?tag=eloabder-20&linkCode=osi&th=1&psc=1"><img src="https://m.media-amazon.com/images/I/41n1uoomGAL._SL500_.jpg" alt="Product Image"></a><p>10Pcs Heart Tea Infuser for Loose Leaf Tea Steeper - Tea Diffusers for Loose Tea Leaf Steeper Tea Strainers for Loose Tea Infuser Spoon - Tea Steeper for Loose Tea Strainer Heart Shaped Tea Infuser</p><p>$9.98 ($1.00 / Count)</p><a href="https://www.amazon.com/dp/B074T2FWJY?tag=eloabder-20&linkCode=osi&th=1&psc=1">View Product</a></div><div class="product"><a href="https://www.amazon.com/dp/B074L4MZRY?tag=eloabder-20&linkCode=osi&th=1&psc=1"><img src="https://m.media-amazon.com/images/I/418v4F8ZhkL._SL500_.jpg" alt="Product Image"></a><p>VAHDAM Perfect Measure Loose Leaf Tea Spoon | Premium Quality Stainless Steel Tea Scoop | Perfect Measuring Teaspoons To Brew 1 Cup Of Loose Leaf Tea & Matcha</p><p>$7.99</p><a href="https://www.amazon.com/dp/B074L4MZRY?tag=eloabder-20&linkCode=osi&th=1&psc=1">View Product</a></div><div class="product"><a href="https://www.amazon.com/dp/B09FF6P7BL?tag=eloabder-20&linkCode=osi&th=1&psc=1"><img src="https://m.media-amazon.com/images/I/41oGPC0w7ML._SL500_.jpg" alt="Product Image"></a><p>Cute Tea Infuser by OTOTO - Loose Leaf Tea Steeper, Tea Accessories, Tea Diffusers, Tea Infuser for Loose Leaf Tea, Tea Strainers, Cute Gifts, Tea Gift Set, Kitchen Gifts, Cooking Gadgets</p><p>$14.95</p><a href="https://www.amazon.com/dp/B09FF6P7BL?tag=eloabder-20&linkCode=osi&th=1&psc=1">View Product</a></div><div class="product"><a href="https://www.amazon.com/dp/B072XP4FQK?tag=eloabder-20&linkCode=osi&th=1&psc=1"><img src="https://m.media-amazon.com/images/I/31Lfv+7oU6L._SL500_.jpg" alt="Product Image"></a><p>Tea Infuser (Set of 2 Pyramid & Square) with Tea Scoop | Ultra Fine Tea Strainer for Loose Leaf Tea | Stainless Steel Tea Steeper for a Superior Brewing Experience</p><p>$9.99</p><a href="https://www.amazon.com/dp/B072XP4FQK?tag=eloabder-20&linkCode=osi&th=1&psc=1">View Product</a></div><div class="product"><a href="https://www.amazon.com/dp/B0D2SCT4C4?tag=eloabder-20&linkCode=osi&th=1&psc=1"><img src="https://m.media-amazon.com/images/I/51vJnfc4-JL._SL500_.jpg" alt="Product Image"></a><p>Organic Tea Gift Set with Portable Kettle - 36 Piece Tea Gifts for Tea Lovers - Includes Insulated Mug, Assorted Organic Teas, Honey Sticks & Tea Accessories - Ultimate Brewing Experience</p><p>$56.90</p><a href="https://www.amazon.com/dp/B0D2SCT4C4?tag=eloabder-20&linkCode=osi&th=1&psc=1">View Product</a></div>
<div class="product"><a href="https://www.amazon.com/dp/B01NAV05XS?tag=eloabder-20&linkCode=osi&th=1&psc=1"><img src="https://m.media-amazon.com/images/I/51xpd-egLaL._SL500_.jpg" alt="Product Image"></a><p>Torani Variety Pack Caramel, French Vanilla, Vanilla & Hazelnut, 25.4 Ounces (Pack of 4)</p><p>$35.99 ($0.35 / Fl Oz)</p><a href="https://www.amazon.com/dp/B01NAV05XS?tag=eloabder-20&linkCode=osi&th=1&psc=1">View Product</a></div><div class="product"><a href="https://www.amazon.com/dp/B084NVN1J6?tag=eloabder-20&linkCode=osi&th=1&psc=1"><img src="https://m.media-amazon.com/images/I/51Vz7p8hhyL._SL500_.jpg" alt="Product Image"></a><p>Bones Coffee Company Cookies 'N Dreams Coffee Beans, Cookies & Cream Flavor, Low Acid Flavored Coffee, Made with Arabica Coffee Beans, Medium Roast Gourmet Coffee (12 oz)</p><p>$17.99 ($1.50 / Ounce)</p><a href="https://www.amazon.com/dp/B084NVN1J6?tag=eloabder-20&linkCode=osi&th=1&psc=1">View Product</a></div><div class="product"><a href="https://www.amazon.com/dp/B0C2DHCBD6?tag=eloabder-20&linkCode=osi&th=1&psc=1"><img src="https://m.media-amazon.com/images/I/51wa33jmF7L._SL500_.jpg" alt="Product Image"></a><p>Torani Puremade Sauce Variety Pack, 4 Flavors, 16.5 Ounces Bottle (Set of 4)</p><p>$25.99 ($0.39 / Ounce)</p><a href="https://www.amazon.com/dp/B0C2DHCBD6?tag=eloabder-20&linkCode=osi&th=1&psc=1">View Product</a></div><div class="product"><a href="https://www.amazon.com/dp/B000S75D66?tag=eloabder-20&linkCode=osi&th=1&psc=1"><img src="https://m.media-amazon.com/images/I/41AZMaoxbWL._SL500_.jpg" alt="Product Image"></a><p>illy Ground Coffee Moka - 100% Arabica Flavored Coffee Ground - Rich Aromatic Coffee Grounds Profile – Classico Medium Roast - Notes of Caramel, Orange Blossom & Jasmine - No Preservatives – 8.8 Ounce</p><p>$13.85 ($1.57 / Ounce)</p><a href="https://www.amazon.com/dp/B000S75D66?tag=eloabder-20&linkCode=osi&th=1&psc=1">View Product</a></div><div class="product"><a href="https://www.amazon.com/dp/B0BBY6V5T3?tag=eloabder-20&linkCode=osi&th=1&psc=1"><img src="https://m.media-amazon.com/images/I/515wvEFTD7L._SL500_.jpg" alt="Product Image"></a><p>Bones Coffee Company NEW World Tour Sample Pack | Ground Coffee Beans Sampler Gift Box Set | 4 oz Pack of 5 Assorted Single-Origin Gourmet Coffee Gifts | Medium Roast Coffee Beverages (Ground)</p><p>$34.99 ($1.75 / Ounce)</p><a href="https://www.amazon.com/dp/B0BBY6V5T3?tag=eloabder-20&linkCode=osi&th=1&psc=1">View Product</a></div>

<div class="product"><a href="https://www.amazon.com/dp/B01E4C982U?tag=eloabder-20&linkCode=osi&th=1&psc=1"><img src="https://m.media-amazon.com/images/I/51nAunBrSiL._SL500_.jpg" alt="Product Image"></a><p>Green Tea leaves Sencha, JAS Certified Organic, Japanese Tea, Uji-Kyoto, 80g Bag 【YAMASAN】</p><p>$14.70 ($5.25 / Ounce)</p><a href="https://www.amazon.com/dp/B01E4C982U?tag=eloabder-20&linkCode=osi&th=1&psc=1">View Product</a></div><div class="product"><a href="https://www.amazon.com/dp/B000SARJF6?tag=eloabder-20&linkCode=osi&th=1&psc=1"><img src="https://m.media-amazon.com/images/I/51hE2hmSzuL._SL500_.jpg" alt="Product Image"></a><p>Davidson's Tea Bulk, English Breakfast, 16 Ounce</p><p>$15.99 ($1.00 / Ounce)</p><a href="https://www.amazon.com/dp/B000SARJF6?tag=eloabder-20&linkCode=osi&th=1&psc=1">View Product</a></div><div class="product"><a href="https://www.amazon.com/dp/B008FOLQRE?tag=eloabder-20&linkCode=osi&th=1&psc=1"><img src="https://m.media-amazon.com/images/I/51F0rcvhhvL._SL500_.jpg" alt="Product Image"></a><p>Traditional Medicinals Organic Raspberry Leaf Herbal Tea, Eases Menstrual Cramps & Supports Healthy Pregnancy, (Pack of 1) - 16 Tea Bags</p><p>$4.92 ($5.79 / Ounce)</p><a href="https://www.amazon.com/dp/B008FOLQRE?tag=eloabder-20&linkCode=osi&th=1&psc=1">View Product</a></div><div class="product"><a href="https://www.amazon.com/dp/B00136MKEO?tag=eloabder-20&linkCode=osi&th=1&psc=1"><img src="https://m.media-amazon.com/images/I/41Ll68Q3iLL._SL500_.jpg" alt="Product Image"></a><p>Ahmad Tea Earl Grey Aromatic Loose Tea, Ceylon Caddy, 17.6 Oz</p><p>$14.87 ($0.84 / Ounce)</p><a href="https://www.amazon.com/dp/B00136MKEO?tag=eloabder-20&linkCode=osi&th=1&psc=1">View Product</a></div><div class="product"><a href="https://www.amazon.com/dp/B087G3NQGN?tag=eloabder-20&linkCode=osi&th=1&psc=1"><img src="https://m.media-amazon.com/images/I/51wev+SayvL._SL500_.jpg" alt="Product Image"></a><p>TIAN HU SHAN Premium Green Tea Loose Leaf 16 Ounce (454g)</p><p>$14.98 ($0.94 / Ounce)</p><a href="https://www.amazon.com/dp/B087G3NQGN?tag=eloabder-20&linkCode=osi&th=1&psc=1">View Product</a></div><div class="product"><a href="https://www.amazon.com/dp/B007Y94GN2?tag=eloabder-20&linkCode=osi&th=1&psc=1"><img src="https://m.media-amazon.com/images/I/51hqdPaNJYL._SL500_.jpg" alt="Product Image"></a><p>The Tao of Tea, Hibiscus Ginger Tea, Loose Leaf, 3.0 Ounce Tin to make 50 cups</p><p>$10.90 ($3.63 / Ounce)</p><a href="https://www.amazon.com/dp/B007Y94GN2?tag=eloabder-20&linkCode=osi&th=1&psc=1">View Product</a></div><div class="product"><a href="https://www.amazon.com/dp/B0D3WN5RG3?tag=eloabder-20&linkCode=osi&th=1&psc=1"><img src="https://m.media-amazon.com/images/I/5109jIe8NoL._SL500_.jpg" alt="Product Image"></a><p>Mevlana Ceylon Tea, Loose Leaf, 1 Lbs - Best Ceylon Black Tea Leaves from Sri Lanka - Loose Leaf Black Tea</p><p>$14.99 ($0.94 / Ounce)</p><a href="https://www.amazon.com/dp/B0D3WN5RG3?tag=eloabder-20&linkCode=osi&th=1&psc=1">View Product</a></div><div class="product"><a href="https://www.amazon.com/dp/B087G345SM?tag=eloabder-20&linkCode=osi&th=1&psc=1"><img src="https://m.media-amazon.com/images/I/51gQfgKqklL._SL500_.jpg" alt="Product Image"></a><p>TIAN HU SHAN Premium Oolong Tea Loose Leaf 14 Ounce (400g)</p><p>$14.99 ($1.07 / Ounce)</p><a href="https://www.amazon.com/dp/B087G345SM?tag=eloabder-20&linkCode=osi&th=1&psc=1">View Product</a></div>
<div class="product"><a href="https://www.amazon.com/dp/B08XWVFTKS?tag=eloabder-20&linkCode=osi&th=1&psc=1"><img src="https://m.media-amazon.com/images/I/41hJk3cTdnL._SL500_.jpg" alt="Product Image"></a><p>Lindt Gourmet Chocolate Truffles Gift Box, Assorted Chocolate Truffles, Great for gift giving, 14.7 Ounces</p><p>$24.99 ($1.70 / Ounce)</p><a href="https://www.amazon.com/dp/B08XWVFTKS?tag=eloabder-20&linkCode=osi&th=1&psc=1">View Product</a></div>
<div class="product"><a href="https://www.amazon.com/dp/B0CJ3XYPV3?tag=eloabder-20&linkCode=osi&th=1&psc=1"><img src="https://m.media-amazon.com/images/I/519ufxoFyDL._SL500_.jpg" alt="Product Image"></a><p>Blue House VARIETY Handcrafted Gourmet Caramel Candies Gift Box, Maple, Raspberry, Coffee, and Sea Salt</p><p>$26.98 ($1.35 / Count)</p><a href="https://www.amazon.com/dp/B0CJ3XYPV3?tag=eloabder-20&linkCode=osi&th=1&psc=1">View Product</a></div><div class="product"><a href="https://www.amazon.com/dp/B06VW4Z7B1?tag=eloabder-20&linkCode=osi&th=1&psc=1"><img src="https://m.media-amazon.com/images/I/516NdD4b5nL._SL500_.jpg" alt="Product Image"></a><p>BALI'S BEST Coffee Candy - Original Flavor | 1lb Jar | Rich, Smooth Taste | Indulge in Gourmet Coffee Delight - For Coffee Lovers, Delicious Treat for Any Occasion</p><p>$9.87 ($0.62 / Ounce)</p><a href="https://www.amazon.com/dp/B06VW4Z7B1?tag=eloabder-20&linkCode=osi&th=1&psc=1">View Product</a></div><div class="product"><a href="https://www.amazon.com/dp/B086N119VC?tag=eloabder-20&linkCode=osi&th=1&psc=1"><img src="https://m.media-amazon.com/images/I/41xKAcovvCS._SL500_.jpg" alt="Product Image"></a><p>Cerez Pazari Turkish Delight Candy with Assorted Mix Flavours 16 oz Gourmet Medium Size Snacks Gift Box | No Nuts Sweet Luxury Traditional Confectionery Vegan Lokum Loukoumi Approx.42 Pcs</p><p>$13.49 ($0.96 / Ounce)</p><a href="https://www.amazon.com/dp/B086N119VC?tag=eloabder-20&linkCode=osi&th=1&psc=1">View Product</a></div>
<div class="product"><a href="https://www.amazon.com/dp/B07CJLPR4P?tag=eloabder-20&linkCode=osi&th=1&psc=1"><img src="https://m.media-amazon.com/images/I/41vviwnqT4L._SL500_.jpg" alt="Product Image"></a><p>Funky Chunky Gourmet Popcorn Sampler Variety Pack with all 5 flavors: Sea Salt Caramel, Nutty Choco Pop, Peanut Butter Cup, Chip Zel Pop, and Chocolate Pretzel, 2 oz (5 Bags)</p><p>$20.00 ($2.00 / Ounce)</p><a href="https://www.amazon.com/dp/B07CJLPR4P?tag=eloabder-20&linkCode=osi&th=1&psc=1">View Product</a></div><div class="product"><a href="https://www.amazon.com/dp/B0CB1Q5YQ1?tag=eloabder-20&linkCode=osi&th=1&psc=1"><img src="https://m.media-amazon.com/images/I/61Xzv3ZgRIL._SL500_.jpg" alt="Product Image"></a><p>Italian Cracker Assortment - Pack of 30 - Snack Size Cracker Packs - Great Mother's Day Gift - Gourmet Artisan Cracker Variety Pack - Rosemary, Olive, Sesame, Poppy & Sesame, Pizza Flavors - Gourmet Crackers for Charcuterie Party - Cracker Gift Box - Kosher, Preservative Free</p><p>$29.99 ($34.01 / Ounce)</p><a href="https://www.amazon.com/dp/B0CB1Q5YQ1?tag=eloabder-20&linkCode=osi&th=1&psc=1">View Product</a></div><div class="product"><a href="https://www.amazon.com/dp/B0BLMMSPLW?tag=eloabder-20&linkCode=osi&th=1&psc=1"><img src="https://m.media-amazon.com/images/I/61jdT7ZVojL._SL500_.jpg" alt="Product Image"></a><p>International Snack Box, 30 Pcs Premium Foreign Rare Snack Food Gifts with Suprise Item,European Snacks for Adults and Kids for Easter Day</p><p>$39.95 ($0.62 / Ounce)</p><a href="https://www.amazon.com/dp/B0BLMMSPLW?tag=eloabder-20&linkCode=osi&th=1&psc=1">View Product</a></div><div class="product"><a href="https://www.amazon.com/dp/B07Z9SBTTC?tag=eloabder-20&linkCode=osi&th=1&psc=1"><img src="https://m.media-amazon.com/images/I/51P13LVLpjL._SL500_.jpg" alt="Product Image"></a><p>Sahale Snacks Glazed Mix Nut Blend Variety Pack, 1.5 Oz Grab & Go Bags (12 Total Packs) - Four Different Dry-Roasted Deluxe Mixed Nuts Blends Included - Non-GMO Kosher & Certified Gluten-Free Snacks</p><p>$42.20 ($2.34 / Ounce)</p><a href="https://www.amazon.com/dp/B07Z9SBTTC?tag=eloabder-20&linkCode=osi&th=1&psc=1">View Product</a></div><div class="product"><a href="https://www.amazon.com/dp/B00LAQ4Z1I?tag=eloabder-20&linkCode=osi&th=1&psc=1"><img src="https://m.media-amazon.com/images/I/41PkJ7khWFL._SL500_.jpg" alt="Product Image"></a><p>Sheila G's Brownie Brittle – Chocolate Chip & Salted Caramel Thin and Crispy Sweet Snacks (Pack of 20, 1 oz), Rich Gourmet Brownie Bites Dessert</p><p>$29.70 ($1.48 / Ounce)</p><a href="https://www.amazon.com/dp/B00LAQ4Z1I?tag=eloabder-20&linkCode=osi&th=1&psc=1">View Product</a></div><div class="product"><a href="https://www.amazon.com/dp/B09GW1NT5C?tag=eloabder-20&linkCode=osi&th=1&psc=1"><img src="https://m.media-amazon.com/images/I/613yB5WvmhL._SL500_.jpg" alt="Product Image"></a><p>CRAVEBOX Gourmet Specialty Snacks Box Care Package Boxes for College Students Adults Healthy Cookies Bar Organic Variety Gift Pack Assortment Basket Mix Sampler Treat Final Exam Office Men Women Halloween Back to School</p><p>$36.95 ($36.95 / Count)</p><a href="https://www.amazon.com/dp/B09GW1NT5C?tag=eloabder-20&linkCode=osi&th=1&psc=1">View Product</a></div>
<div class="product"><a href="https://www.amazon.com/dp/B00MPQ5ZOS?tag=eloabder-20&linkCode=osi&th=1&psc=1"><img src="https://m.media-amazon.com/images/I/51rC2bMIM5L._SL500_.jpg" alt="Product Image"></a><p>BetterBody Foods Organic Chia Seeds 2 lbs, 32 Oz, with Omega-3, Non-GMO, Gluten Free, Keto Diet Friendly, Vegan, Good Source of Fiber</p><p>$14.26 ($0.45 / Ounce)</p><a href="https://www.amazon.com/dp/B00MPQ5ZOS?tag=eloabder-20&linkCode=osi&th=1&psc=1">View Product</a></div><div class="product"><a href="https://www.amazon.com/dp/B000R7V3DE?tag=eloabder-20&linkCode=osi&th=1&psc=1"><img src="https://m.media-amazon.com/images/I/51YhGUGB+2L._SL500_.jpg" alt="Product Image"></a><p>Pacific Foods Organic Free Range Chicken Broth, 8 oz Carton (Pack of 4)</p><p>$3.39 ($0.11 / Fl Oz)</p><a href="https://www.amazon.com/dp/B000R7V3DE?tag=eloabder-20&linkCode=osi&th=1&psc=1">View Product</a></div><div class="product"><a href="https://www.amazon.com/dp/B073ZNGZ7F?tag=eloabder-20&linkCode=osi&th=1&psc=1"><img src="https://m.media-amazon.com/images/I/51PZf9bpVIL._SL500_.jpg" alt="Product Image"></a><p>BetterBody Foods Organic Quinoa, Vegan, Complete Plant Protein, Gluten Free, Low Glycemic Rice Replacement, 24 ounce</p><p>$15.63 ($0.65 / Fl Oz)</p><a href="https://www.amazon.com/dp/B073ZNGZ7F?tag=eloabder-20&linkCode=osi&th=1&psc=1">View Product</a></div><div class="product"><a href="https://www.amazon.com/dp/B01N3365YI?tag=eloabder-20&linkCode=osi&th=1&psc=1"><img src="https://m.media-amazon.com/images/I/41N0Mk2m0pL._SL500_.jpg" alt="Product Image"></a><p>NOW Foods, Organic Pumpkin Seeds, Raw and Unsalted, Excellent Source of Protein and Iron, Certified Non-GMO, Keto-Friendly Snack, 12-Ounce (Packaging May Vary)</p><p>$6.99 ($0.58 / Ounce)</p><a href="https://www.amazon.com/dp/B01N3365YI?tag=eloabder-20&linkCode=osi&th=1&psc=1">View Product</a></div><div class="product"><a href="https://www.amazon.com/dp/B0CMW5KTLL?tag=eloabder-20&linkCode=osi&th=1&psc=1"><img src="https://m.media-amazon.com/images/I/51skmBt-7dL._SL500_.jpg" alt="Product Image"></a><p>Kate’s Real Food Organic Granola Bars - Snack & Share Variety Pack (2.2 oz, Pack of 12) - Organic Energy Bars Made with Gluten Free Oats - Non GMO, Soy Free, Whole Grains, and All Natural</p><p>$33.88 ($1.28 / Ounce)</p><a href="https://www.amazon.com/dp/B0CMW5KTLL?tag=eloabder-20&linkCode=osi&th=1&psc=1">View Product</a></div><div class="product"><a href="https://www.amazon.com/dp/B008RLUXI8?tag=eloabder-20&linkCode=osi&th=1&psc=1"><img src="https://m.media-amazon.com/images/I/51cnqntGe8L._SL500_.jpg" alt="Product Image"></a><p>Annie's Organic Variety Pack, Cheddar Bunnies, Bunny Grahams and Cheddar Squares, 12 Pouches, 11 oz</p><p>$8.49 ($0.77 / Ounce)</p><a href="https://www.amazon.com/dp/B008RLUXI8?tag=eloabder-20&linkCode=osi&th=1&psc=1">View Product</a></div><div class="product"><a href="https://www.amazon.com/dp/B01IPZUZW4?tag=eloabder-20&linkCode=osi&th=1&psc=1"><img src="https://m.media-amazon.com/images/I/51F2XkB6b5L._SL500_.jpg" alt="Product Image"></a><p>BetterBody Foods Organic Cacao Powder, Rich Chocolate Flavor, Non-GMO, Gluten-Free, Cocoa, 16 ounce, 1 lb bag</p><p>$12.27 ($0.77 / Ounce)</p><a href="https://www.amazon.com/dp/B01IPZUZW4?tag=eloabder-20&linkCode=osi&th=1&psc=1">View Product</a></div><div class="product"><a href="https://www.amazon.com/dp/B016BC50VY?tag=eloabder-20&linkCode=osi&th=1&psc=1"><img src="https://m.media-amazon.com/images/I/51yOgUaWJ1L._SL500_.jpg" alt="Product Image"></a><p>Good Sense Roasted & Salted Organic Pumpkin Seeds (Pepitas), Non-GMO & All Natural, 6 Ounce Resealable Bag</p><p>$3.99 ($0.66 / Ounce)</p><a href="https://www.amazon.com/dp/B016BC50VY?tag=eloabder-20&linkCode=osi&th=1&psc=1">View Product</a></div><div class="product"><a href="https://www.amazon.com/dp/B0B5V77FSZ?tag=eloabder-20&linkCode=osi&th=1&psc=1"><img src="https://m.media-amazon.com/images/I/41qVxhNyX6L._SL500_.jpg" alt="Product Image"></a><p>Pacific Foods Organic Chicken and Wild Rice Soup, 16.3 oz Can</p><p>$2.87 ($0.18 / Ounce)</p><a href="https://www.amazon.com/dp/B0B5V77FSZ?tag=eloabder-20&linkCode=osi&th=1&psc=1">View Product</a></div>
<div class="product"><a href="https://www.amazon.com/dp/B00CBX8F3I?tag=eloabder-20&linkCode=osi&th=1&psc=1"><img src="https://m.media-amazon.com/images/I/51YgGi3uXNL._SL500_.jpg" alt="Product Image"></a><p>Glutino Gluten Free Table Crackers, Premium Squares, Original, 7 oz</p><p>$3.13 ($0.45 / Ounce)</p><a href="https://www.amazon.com/dp/B00CBX8F3I?tag=eloabder-20&linkCode=osi&th=1&psc=1">View Product</a></div><div class="product"><a href="https://www.amazon.com/dp/B0C64N6ZTC?tag=eloabder-20&linkCode=osi&th=1&psc=1"><img src="https://m.media-amazon.com/images/I/41jSEFaAtWL._SL500_.jpg" alt="Product Image"></a><p>Katz Gluten Free Toaster Pastries. Strawberry. Easy Breakfast Food Or Anytime Healthy Snacks For Adults & Kids. Gluten Free Snacks. Dairy Free, Nut Free, Peanut Free, Soy Free. Snacks For Adults Kosher Snacks. 8 OZ (Pack Of 2</p><p>$12.97 ($0.81 / Ounce)</p><a href="https://www.amazon.com/dp/B0C64N6ZTC?tag=eloabder-20&linkCode=osi&th=1&psc=1">View Product</a></div><div class="product"><a href="https://www.amazon.com/dp/B006OIWD7U?tag=eloabder-20&linkCode=osi&th=1&psc=1"><img src="https://m.media-amazon.com/images/I/51fcMhMMuFL._SL500_.jpg" alt="Product Image"></a><p>Kinnikinnick Gluten Free Angel Food Cake Mix, 16 Ounce</p><p>$9.00 ($0.56 / Ounce)</p><a href="https://www.amazon.com/dp/B006OIWD7U?tag=eloabder-20&linkCode=osi&th=1&psc=1">View Product</a></div><div class="product"><a href="https://www.amazon.com/dp/B00HKIBKQS?tag=eloabder-20&linkCode=osi&th=1&psc=1"><img src="https://m.media-amazon.com/images/I/41vcEf0YqVL._SL500_.jpg" alt="Product Image"></a><p>Lotus Foods Bulk Food Organic Millet & Brown Rice Ramen Noodles with Red Miso Soup, Gluten-Free Easy to Cook & Healthy Japanese Noodles with Instant Gourmet Broth, 2.8 Oz (Pack of 10)</p><p>$23.90 ($0.85 / Ounce)</p><a href="https://www.amazon.com/dp/B00HKIBKQS?tag=eloabder-20&linkCode=osi&th=1&psc=1">View Product</a></div><div class="product"><a href="https://www.amazon.com/dp/B09P8VQ62R?tag=eloabder-20&linkCode=osi&th=1&psc=1"><img src="https://m.media-amazon.com/images/I/517vF20bKYL._SL500_.jpg" alt="Product Image"></a><p>Gluten Free Sugar Free Butter Cookies 36 Count Traditional Danish Cookies, Premium Assorted Shortbread cookies for Diabetics (1 Pk, 11 Ounce)</p><p>$13.99 ($1.27 / Ounce)</p><a href="https://www.amazon.com/dp/B09P8VQ62R?tag=eloabder-20&linkCode=osi&th=1&psc=1">View Product</a></div><div class="product"><a href="https://www.amazon.com/dp/B07QFY8KVJ?tag=eloabder-20&linkCode=osi&th=1&psc=1"><img src="https://m.media-amazon.com/images/I/41A8K3x-WKL._SL500_.jpg" alt="Product Image"></a><p>Double Yolk Gluten Free Medium Egg Noodles,10 Ounce Bag (Pack of 2)</p><p>$20.00 ($1.00 / Ounce)</p><a href="https://www.amazon.com/dp/B07QFY8KVJ?tag=eloabder-20&linkCode=osi&th=1&psc=1">View Product</a></div><div class="product"><a href="https://www.amazon.com/dp/B017QPT0P2?tag=eloabder-20&linkCode=osi&th=1&psc=1"><img src="https://m.media-amazon.com/images/I/41bJSGh8ocS._SL500_.jpg" alt="Product Image"></a><p>Mom's Gluten Free Angel Food Cake Mix,1-Pack, Easy to Make, 12 Servings, Non GMO Delicious and Healthy Gluten Free Desserts</p><p>$9.99 ($0.55 / Ounce)</p><a href="https://www.amazon.com/dp/B017QPT0P2?tag=eloabder-20&linkCode=osi&th=1&psc=1">View Product</a></div>
<div class="product"><a href="https://www.amazon.com/dp/B08QG24L5V?tag=eloabder-20&linkCode=osi&th=1&psc=1"><img src="https://m.media-amazon.com/images/I/61+-HZ1es-L._SL500_.jpg" alt="Product Image"></a><p>Hellmann's Vegan Dressing and Spread Vegan 3 Ct for a Rich, Creamy Plant-Based Alternative to Mayo Same Great Taste, Plant Based, Free From Eggs 11.5 oz</p><p>$13.47 ($0.39 / Fl Oz)</p><a href="https://www.amazon.com/dp/B08QG24L5V?tag=eloabder-20&linkCode=osi&th=1&psc=1">View Product</a></div><div class="product"><a href="https://www.amazon.com/dp/B07PQ9D3WP?tag=eloabder-20&linkCode=osi&th=1&psc=1"><img src="https://m.media-amazon.com/images/I/519WO4YN0lL._SL500_.jpg" alt="Product Image"></a><p>Kapka Assorted Variety Indian Meals - 5 Pack - Ready to Eat Authentic Vegan Prepared Food - Just Add Water - Microwaveable Plant-Based Snacks for Breakfast, Lunch, Non-GMO, No Additives - 3.5oz Each</p><p>$22.99 ($1.31 / Ounce)</p><a href="https://www.amazon.com/dp/B07PQ9D3WP?tag=eloabder-20&linkCode=osi&th=1&psc=1">View Product</a></div><div class="product"><a href="https://www.amazon.com/dp/B093TNJY8D?tag=eloabder-20&linkCode=osi&th=1&psc=1"><img src="https://m.media-amazon.com/images/I/51imOXudzIL._SL500_.jpg" alt="Product Image"></a><p>TASTY BITE Mexican Protein Bowl, 8.8 Ounce, Pack of 6, Ready to Eat, Microwaveable, Vegan, 12g Plant Protein, Tangy Citrus</p><p>$21.96 ($0.42 / Ounce)</p><a href="https://www.amazon.com/dp/B093TNJY8D?tag=eloabder-20&linkCode=osi&th=1&psc=1">View Product</a></div><div class="product"><a href="https://www.amazon.com/dp/B0B23VJWWN?tag=eloabder-20&linkCode=osi&th=1&psc=1"><img src="https://m.media-amazon.com/images/I/519YN5vy+eL._SL500_.jpg" alt="Product Image"></a><p>Casa Verde | Variety flavours, 100% Natural food, Pack of 4, Real taste | 100% vegan & Non-GMO, Plant based, No preservatives</p><p>$26.99 ($0.77 / Ounce)</p><a href="https://www.amazon.com/dp/B0B23VJWWN?tag=eloabder-20&linkCode=osi&th=1&psc=1">View Product</a></div><div class="product"><a href="https://www.amazon.com/dp/B071JLJ9Q8?tag=eloabder-20&linkCode=osi&th=1&psc=1"><img src="https://m.media-amazon.com/images/I/51iqkJ5JbAL._SL500_.jpg" alt="Product Image"></a><p>Vegan Snacks Gift Basket for Adults Healthy Food Treats Variety Pack with Cookies, Protein Bars, Candy, Crispy Chips, Vegan Jerky, Fruit and Nut Blends - Ideal Vegan Snack Box Gift for Women & Men</p><p>$42.99 ($2.15 / Count)</p><a href="https://www.amazon.com/dp/B071JLJ9Q8?tag=eloabder-20&linkCode=osi&th=1&psc=1">View Product</a></div><div class="product"><a href="https://www.amazon.com/dp/B086PDWSNC?tag=eloabder-20&linkCode=osi&th=1&psc=1"><img src="https://m.media-amazon.com/images/I/51WO5dIKDjL._SL500_.jpg" alt="Product Image"></a><p>Kitchen & Love Best Sellers Variety Box 6-Pack | Vegan, Ready-to-Eat, No Refrigeration Required | Plant-Based, Gourmet Flavors</p><p>$27.99 ($0.59 / Ounce)</p><a href="https://www.amazon.com/dp/B086PDWSNC?tag=eloabder-20&linkCode=osi&th=1&psc=1">View Product</a></div><div class="product"><a href="https://www.amazon.com/dp/B08QG3CRNP?tag=eloabder-20&linkCode=osi&th=1&psc=1"><img src="https://m.media-amazon.com/images/I/617B3UIbxHL._SL500_.jpg" alt="Product Image"></a><p>Best Foods Vegan Dressing and Spread Vegan 1 ct for a Rich, Creamy Plant-Based Alternative to Mayo Same Great Taste, Plant Based, Free From Eggs 11.5 oz</p><p>$5.59 ($0.49 / Fl Oz)</p><a href="https://www.amazon.com/dp/B08QG3CRNP?tag=eloabder-20&linkCode=osi&th=1&psc=1">View Product</a></div><div class="product"><a href="https://www.amazon.com/dp/B09874VXSX?tag=eloabder-20&linkCode=osi&th=1&psc=1"><img src="https://m.media-amazon.com/images/I/51dRBp+9AzS._SL500_.jpg" alt="Product Image"></a><p>VEGAN VALLEY Cashew Nacho Cheeze Sauce, 14.5 oz - Shelf Stable, Tangy Vegan Nacho Cheeze -Certified Gluten-Free, Kosher, Dairy Free Cheeze -Non-GMO Plant-Based Cheeze Great As Vegan Pasta Sauce, Dip</p><p>$12.97 ($0.89 / Ounce)</p><a href="https://www.amazon.com/dp/B09874VXSX?tag=eloabder-20&linkCode=osi&th=1&psc=1">View Product</a></div><div class="product"><a href="https://www.amazon.com/dp/B076XR11WH?tag=eloabder-20&linkCode=osi&th=1&psc=1"><img src="https://m.media-amazon.com/images/I/41cpFCG2iiL._SL500_.jpg" alt="Product Image"></a><p>NOOCH IT! Fair Trade Dairy-Free Cashew Grated Cheeze | Vegan Parmesan ● Tasty Cheese Alternative | 4oz (Vegan "Parm", Gluten-Free)</p><p>$10.99 ($2.75 / Ounce)</p><a href="https://www.amazon.com/dp/B076XR11WH?tag=eloabder-20&linkCode=osi&th=1&psc=1">View Product</a></div>
<div class="product"><a href="https://www.amazon.com/dp/B09GFBR6MW?tag=eloabder-20&linkCode=osi&th=1&psc=1"><img src="https://m.media-amazon.com/images/I/51Jn8cqk0AL._SL500_.jpg" alt="Product Image"></a><p>Keto Almond Flour Crackers Variety Pack - Gluten Free, Low Carb, No Sugar</p><p>$14.99 ($2.22 / Ounce)</p><a href="https://www.amazon.com/dp/B09GFBR6MW?tag=eloabder-20&linkCode=osi&th=1&psc=1">View Product</a></div><div class="product"><a href="https://www.amazon.com/dp/B07TYW7CQ8?tag=eloabder-20&linkCode=osi&th=1&psc=1"><img src="https://m.media-amazon.com/images/I/51HQ0o0qxrL._SL500_.jpg" alt="Product Image"></a><p>Tillamook Country Smoker Keto Friendly Zero Sugar Smoked Sausages, Original, 10 Ounce</p><p>$11.49 ($1.15 / Ounce)</p><a href="https://www.amazon.com/dp/B07TYW7CQ8?tag=eloabder-20&linkCode=osi&th=1&psc=1">View Product</a></div><div class="product"><a href="https://www.amazon.com/dp/B09VXNV7ZZ?tag=eloabder-20&linkCode=osi&th=1&psc=1"><img src="https://m.media-amazon.com/images/I/51GQQjKLByL._SL500_.jpg" alt="Product Image"></a><p>Keto Strawberry Jam, No Sugar Added - Monk Fruit Sweetened, Gluten Free Spread from ChocZero, 12 oz</p><p>$9.99 ($0.83 / Ounce)</p><a href="https://www.amazon.com/dp/B09VXNV7ZZ?tag=eloabder-20&linkCode=osi&th=1&psc=1">View Product</a></div><div class="product"><a href="https://www.amazon.com/dp/B09GJ1RDS8?tag=eloabder-20&linkCode=osi&th=1&psc=1"><img src="https://m.media-amazon.com/images/I/61fQrPm63ML._SL500_.jpg" alt="Product Image"></a><p>Ratio Soft Baked Bars, Chocolate Brownie, 1g Sugar, Keto Friendly, 5.34 OZ (6 Bars)</p><p>$7.43 ($1.39 / Ounce)</p><a href="https://www.amazon.com/dp/B09GJ1RDS8?tag=eloabder-20&linkCode=osi&th=1&psc=1">View Product</a></div><div class="product"><a href="https://www.amazon.com/dp/B08ZS5VQ4P?tag=eloabder-20&linkCode=osi&th=1&psc=1"><img src="https://m.media-amazon.com/images/I/41bWBXP6BWL._SL500_.jpg" alt="Product Image"></a><p>Legendary Foods 20 gr Protein Pastry - Low Carb Tasty Protein Bar Alternative, Keto Friendly, No Sugar Added High Protein Breakfast Snacks, Gluten Free Keto Food - Brown Sugar Cinnamon (8-Pack)</p><p>$24.95 ($1.42 / Ounce)</p><a href="https://www.amazon.com/dp/B08ZS5VQ4P?tag=eloabder-20&linkCode=osi&th=1&psc=1">View Product</a></div><div class="product"><a href="https://www.amazon.com/dp/B08SHZGKD9?tag=eloabder-20&linkCode=osi&th=1&psc=1"><img src="https://m.media-amazon.com/images/I/51z4hGA4oGL._SL500_.jpg" alt="Product Image"></a><p>ChocZero Milk Chocolate Hazelnut Spread - Keto Friendly, No Sugar Added, Best Low Carb Dessert, Perfect Topping for Almond Flour Pancakes, Naturally Sweetened with Monk Fruit (1 jar, 12 oz)</p><p>$9.59 ($0.80 / Ounce)</p><a href="https://www.amazon.com/dp/B08SHZGKD9?tag=eloabder-20&linkCode=osi&th=1&psc=1">View Product</a></div><div class="product"><a href="https://www.amazon.com/dp/B078YD277Z?tag=eloabder-20&linkCode=osi&th=1&psc=1"><img src="https://m.media-amazon.com/images/I/413KVQlVNYL._SL500_.jpg" alt="Product Image"></a><p>Twin Peaks Low Carb, Keto Friendly Protein Puffs, Nacho Cheese (300g, 21g Protein, 2g Carbs)</p><p>$26.98 ($2.55 / Ounce)</p><a href="https://www.amazon.com/dp/B078YD277Z?tag=eloabder-20&linkCode=osi&th=1&psc=1">View Product</a></div><div class="product"><a href="https://www.amazon.com/dp/B09HYCR8H8?tag=eloabder-20&linkCode=osi&th=1&psc=1"><img src="https://m.media-amazon.com/images/I/51-9H1RUjjL._SL500_.jpg" alt="Product Image"></a><p>Ratio Coconut Almond Granola Cereal, 1g Sugar, Keto Friendly, 8 OZ Resealable Cereal Bag</p><p>$6.98 ($0.87 / Ounce)</p><a href="https://www.amazon.com/dp/B09HYCR8H8?tag=eloabder-20&linkCode=osi&th=1&psc=1">View Product</a></div><div class="product"><a href="https://www.amazon.com/dp/B09L78DG1T?tag=eloabder-20&linkCode=osi&th=1&psc=1"><img src="https://m.media-amazon.com/images/I/41zLTQtCMFL._SL500_.jpg" alt="Product Image"></a><p>Keto Biscuit Zero Carb Mix - Keto and Gluten Free Biscuit Baking Mix - 0g Net Carbs Per Biscuit - Sweetened with Allulose - No Erythritol, Easy to Bake - No Sugar Alcohols - No Nut Flours - Makes 12 Biscuits (23g Mix)</p><p>$12.99 ($1.33 / Ounce)</p><a href="https://www.amazon.com/dp/B09L78DG1T?tag=eloabder-20&linkCode=osi&th=1&psc=1">View Product</a></div>
<div class="product"><a href="https://www.amazon.com/dp/B07D3NS8NW?tag=eloabder-20&linkCode=osi&th=1&psc=1"><img src="https://m.media-amazon.com/images/I/5119qXbMHbL._SL500_.jpg" alt="Product Image"></a><p>Chomps Grass-Fed and Finished Original Beef Jerky Snack Sticks 10-Pack - Keto, Paleo, Whole30, 10g Lean Meat Protein, Gluten-Free, Zero Sugar Food, Non-GMO</p><p>$23.99 ($2.09 / Ounce)</p><a href="https://www.amazon.com/dp/B07D3NS8NW?tag=eloabder-20&linkCode=osi&th=1&psc=1">View Product</a></div><div class="product"><a href="https://www.amazon.com/dp/B01MD0T6G0?tag=eloabder-20&linkCode=osi&th=1&psc=1"><img src="https://m.media-amazon.com/images/I/410g9hhT61L._SL500_.jpg" alt="Product Image"></a><p>Paleo Powder Autoimmune Protocol All Purpose Seasoning | The Original Paleo Aip Seasoning Great for All Paleo Diets | Certified Keto Food, Paleo Whole 30, Aip Food, Gluten Free Seasoning</p><p>$10.99 ($2.75 / Ounce)</p><a href="https://www.amazon.com/dp/B01MD0T6G0?tag=eloabder-20&linkCode=osi&th=1&psc=1">View Product</a></div><div class="product"><a href="https://www.amazon.com/dp/B0844YJVX3?tag=eloabder-20&linkCode=osi&th=1&psc=1"><img src="https://m.media-amazon.com/images/I/51ejTPkppoL._SL500_.jpg" alt="Product Image"></a><p>Kevin's Natural Foods Paleo Simmer Sauce Variety Pack - Stir-Fry Sauce, Gluten Free, No Preservatives, Non-GMO - 3 Pack (Teriyaki/Thai Coconut/Korean BBQ)</p><p>$15.00 ($0.71 / Ounce)</p><a href="https://www.amazon.com/dp/B0844YJVX3?tag=eloabder-20&linkCode=osi&th=1&psc=1">View Product</a></div><div class="product"><a href="https://www.amazon.com/dp/B097CGVXGZ?tag=eloabder-20&linkCode=osi&th=1&psc=1"><img src="https://m.media-amazon.com/images/I/51q6lfDMpKL._SL500_.jpg" alt="Product Image"></a><p>Thunderbird Real Food Bars - Gluten Free, Paleo, Vegan Snack Food Bar Variety Pack - 102 Ounce</p><p>$18.99 ($1.86 / Ounce)</p><a href="https://www.amazon.com/dp/B097CGVXGZ?tag=eloabder-20&linkCode=osi&th=1&psc=1">View Product</a></div><div class="product"><a href="https://www.amazon.com/dp/B07B6N46RZ?tag=eloabder-20&linkCode=osi&th=1&psc=1"><img src="https://m.media-amazon.com/images/I/51VZNI8wYuL._SL500_.jpg" alt="Product Image"></a><p>Caveman Foods Dark Chocolate Almond Coconut (12 Count Box) 1.4 Ounce, Nutrition Bar , NON GMO, GULTEN Free, Paleo Friendly Dark Coconut Dark Chocolate Coconut bars</p><p>$18.55 ($1.10 / Ounce)</p><a href="https://www.amazon.com/dp/B07B6N46RZ?tag=eloabder-20&linkCode=osi&th=1&psc=1">View Product</a></div><div class="product"><a href="https://www.amazon.com/dp/B07TBB5XBT?tag=eloabder-20&linkCode=osi&th=1&psc=1"><img src="https://m.media-amazon.com/images/I/41C-Kn4zXqL._SL500_.jpg" alt="Product Image"></a><p>Paleo AIP Seasoned Breading Mix | Cassava Root with AIP Seasoning Paleo Mix for all Paleo Diets | Certified Keto Food, Gluten Free, No MSG, No Additives, No Anti-Caking Agents, No Added Sugar.</p><p>$11.99 ($1.50 / Ounce)</p><a href="https://www.amazon.com/dp/B07TBB5XBT?tag=eloabder-20&linkCode=osi&th=1&psc=1">View Product</a></div><div class="product"><a href="https://www.amazon.com/dp/B01II47Y94?tag=eloabder-20&linkCode=osi&th=1&psc=1"><img src="https://m.media-amazon.com/images/I/51qQs0vK2+L._SL500_.jpg" alt="Product Image"></a><p>Bearded Brothers Organic Vegan Protein Energy Bars - Gluten & Soy Free Paleo | Non GMO, Low Glycemic, Plant Based Protein, High Fiber | 12pk Six Flavor Variety</p><p>$30.99 ($1.70 / Ounce)</p><a href="https://www.amazon.com/dp/B01II47Y94?tag=eloabder-20&linkCode=osi&th=1&psc=1">View Product</a></div><div class="product"><a href="https://www.amazon.com/dp/B081XYV62N?tag=eloabder-20&linkCode=osi&th=1&psc=1"><img src="https://m.media-amazon.com/images/I/61EH9U076rL._SL500_.jpg" alt="Product Image"></a><p>Paleo Snacks Variety Pack for Adult | Healthy Snack Box [25 Count] Holiday Gift Basket Gluten Free | Mix of Whole Foods, Protein Bars, Crackers, Chips, Puffs, Fruit & Nuts by Snack Attack</p><p>$51.99</p><a href="https://www.amazon.com/dp/B081XYV62N?tag=eloabder-20&linkCode=osi&th=1&psc=1">View Product</a></div><div class="product"><a href="https://www.amazon.com/dp/B07NXF79QB?tag=eloabder-20&linkCode=osi&th=1&psc=1"><img src="https://m.media-amazon.com/images/I/41+l-WTpxlL._SL500_.jpg" alt="Product Image"></a><p>BetterBody Foods Avocado Oil Mayonnaise, Non-GMO Mayo Spread Made with Cage-Free Eggs, Paleo (15 Ounces)</p><p>$7.98 ($0.53 / Fl Oz)</p><a href="https://www.amazon.com/dp/B07NXF79QB?tag=eloabder-20&linkCode=osi&th=1&psc=1">View Product</a></div>
<div class="product"><a href="https://www.amazon.com/dp/B08R6DZXYV?tag=eloabder-20&linkCode=osi&th=1&psc=1"><img src="https://m.media-amazon.com/images/I/514+AzE-ZdL._SL500_.jpg" alt="Product Image"></a><p>The Only Bean - Crunchy Roasted Edamame Beans (Sea Salt) - Keto Snacks (2g Net) - High Protein Healthy Snacks (14g Protein) - Low Carb & Calorie, Gluten-Free Snack, Vegan Food - 4 oz (3 Pack)</p><p>$13.97 ($1.16 / Ounce)</p><a href="https://www.amazon.com/dp/B08R6DZXYV?tag=eloabder-20&linkCode=osi&th=1&psc=1">View Product</a></div><div class="product"><a href="https://www.amazon.com/dp/B081K2H9MT?tag=eloabder-20&linkCode=osi&th=1&psc=1"><img src="https://m.media-amazon.com/images/I/51AY70sTn+L._SL500_.jpg" alt="Product Image"></a><p>Natural Heaven Hearts of Palm Pasta, Angel Hair Noodles - Low Carb Pasta, Gluten-Free, Paleo, Keto Pasta Noodles, Plant-Based Healthy Food, 9 Oz</p><p>$7.98 ($0.89 / Ounce)</p><a href="https://www.amazon.com/dp/B081K2H9MT?tag=eloabder-20&linkCode=osi&th=1&psc=1">View Product</a></div><div class="product"><a href="https://www.amazon.com/dp/B010LWGDMA?tag=eloabder-20&linkCode=osi&th=1&psc=1"><img src="https://m.media-amazon.com/images/I/51a0+d-4GQL._SL500_.jpg" alt="Product Image"></a><p>Atkins Endulge Caramel Nut Chew Bar, Dessert Favorite, 1g Sugar, Good Source of Fiber, Low Sugar, 10 Count</p><p>$12.49 ($1.04 / Ounce)</p><a href="https://www.amazon.com/dp/B010LWGDMA?tag=eloabder-20&linkCode=osi&th=1&psc=1">View Product</a></div><div class="product"><a href="https://www.amazon.com/dp/B092L4RYLD?tag=eloabder-20&linkCode=osi&th=1&psc=1"><img src="https://m.media-amazon.com/images/I/51OTsRP+TZL._SL500_.jpg" alt="Product Image"></a><p>Legendary Foods 20 gr Protein Pastry, Low Carb, Tasty Protein Bar Alternative, Keto Friendly, No Sugar Added, High Protein Breakfast Snacks, Gluten Free Keto Food - Hot Fudge (8-Pack)</p><p>$26.99 ($1.53 / Ounce)</p><a href="https://www.amazon.com/dp/B092L4RYLD?tag=eloabder-20&linkCode=osi&th=1&psc=1">View Product</a></div><div class="product"><a href="https://www.amazon.com/dp/B0B3YG1RSV?tag=eloabder-20&linkCode=osi&th=1&psc=1"><img src="https://m.media-amazon.com/images/I/419gDC2KO3L._SL500_.jpg" alt="Product Image"></a><p>King Arthur Baking Keto Pizza Crust Mix, 1g Net Carbs Per Serving, Low Carb & Keto Friendly, 10.25 oz</p><p>$5.49 ($0.54 / Ounce)</p><a href="https://www.amazon.com/dp/B0B3YG1RSV?tag=eloabder-20&linkCode=osi&th=1&psc=1">View Product</a></div><div class="product"><a href="https://www.amazon.com/dp/B0CJ5MXM5F?tag=eloabder-20&linkCode=osi&th=1&psc=1"><img src="https://m.media-amazon.com/images/I/51sa1DKliOL._SL500_.jpg" alt="Product Image"></a><p>BeyondTwistz Low Carb Pretzels, Garlic Butter, Keto Friendly, 2g Net Carbs, 18g Protein, Powered By HealthSense® High Fiber Wheat Flour, Family Size 8oz Bag, Pack of 1</p><p>$12.99 ($1.62 / Ounce)</p><a href="https://www.amazon.com/dp/B0CJ5MXM5F?tag=eloabder-20&linkCode=osi&th=1&psc=1">View Product</a></div><div class="product"><a href="https://www.amazon.com/dp/B0C95KJ8K6?tag=eloabder-20&linkCode=osi&th=1&psc=1"><img src="https://m.media-amazon.com/images/I/51mYAdV0dDL._SL500_.jpg" alt="Product Image"></a><p>Mr. Tortilla Low Carb Keto Soft Taco Shells, Vegan Healthy Snacks & Bread Alternative, 1 Net Carb 15 Calories Delicious Small Batch Kosher Wraps -(Multigrain, 12 Count)</p><p>$5.99 ($0.50 / Count)</p><a href="https://www.amazon.com/dp/B0C95KJ8K6?tag=eloabder-20&linkCode=osi&th=1&psc=1">View Product</a></div>
<div class="product"><a href="https://www.amazon.com/dp/B0B7S2CQ8L?tag=eloabder-20&linkCode=osi&th=1&psc=1"><img src="https://m.media-amazon.com/images/I/41MUr4yS1EL._SL500_.jpg" alt="Product Image"></a><p>Legendary Foods High Protein Snack - Chocolate Sweet Roll, 20 Gr Protein Bar Alternative, Low Carb Food, Low Sugar - Gluten Free Keto Breakfast Snacks, Healthy Chocolate Flavored Rolls (10-pack)</p><p>$33.99 ($1.44 / Ounce)</p><a href="https://www.amazon.com/dp/B0B7S2CQ8L?tag=eloabder-20&linkCode=osi&th=1&psc=1">View Product</a></div><div class="product"><a href="https://www.amazon.com/dp/B0B2N5GHMG?tag=eloabder-20&linkCode=osi&th=1&psc=1"><img src="https://m.media-amazon.com/images/I/61SWf5ZeiCL._SL500_.jpg" alt="Product Image"></a><p>The Only Bean Crunchy Roasted Edamame - Healthy Snacks for Adults and Kids (Variety Pack), Low Calorie & Carb Keto Snack Food, Vegan Gluten Free High Protein Snacks (11g), Office Snack, 0.9oz 24 pack</p><p>$28.97 ($1.34 / Ounce)</p><a href="https://www.amazon.com/dp/B0B2N5GHMG?tag=eloabder-20&linkCode=osi&th=1&psc=1">View Product</a></div><div class="product"><a href="https://www.amazon.com/dp/B0CZT2LPZJ?tag=eloabder-20&linkCode=osi&th=1&psc=1"><img src="https://m.media-amazon.com/images/I/41XWEdSgdDL._SL500_.jpg" alt="Product Image"></a><p>Crisp Power High Protein Pretzel Crisps - 6 Pack x 1.75 oz Crunchy & Flavorful Plant-Based Snack. No Sugar, 28g Protein Per Pack in 3 Savory Flavors, Vegan, Keto Friendly, Non-GMO, Kosher Non-Dairy (1.75 Ounce (Pack of 6), Everything)</p><p>$19.90 ($1.88 / Ounce)</p><a href="https://www.amazon.com/dp/B0CZT2LPZJ?tag=eloabder-20&linkCode=osi&th=1&psc=1">View Product</a></div><div class="product"><a href="https://www.amazon.com/dp/B09GLBLPYG?tag=eloabder-20&linkCode=osi&th=1&psc=1"><img src="https://m.media-amazon.com/images/I/51i+PQS9qVL._SL500_.jpg" alt="Product Image"></a><p>Quest Nutrition Tortilla Style Protein Chips Variety Pack, Chili Lime, Nacho Cheese, Loaded Taco, Low Carb, High Protein, Gluten Free, 1.1 oz (Pack of 12)</p><p>$29.99 ($2.27 / Ounce)</p><a href="https://www.amazon.com/dp/B09GLBLPYG?tag=eloabder-20&linkCode=osi&th=1&psc=1">View Product</a></div><div class="product"><a href="https://www.amazon.com/dp/B086CHT1TM?tag=eloabder-20&linkCode=osi&th=1&psc=1"><img src="https://m.media-amazon.com/images/I/519WyQYsN0L._SL500_.jpg" alt="Product Image"></a><p>Quest Nutrition Lemon Cake Protein Bars, High Protein, Low Carb, Gluten Free, Keto Friendly, 12 Count (Pack of 1)</p><p>$22.99 ($0.90 / Ounce)</p><a href="https://www.amazon.com/dp/B086CHT1TM?tag=eloabder-20&linkCode=osi&th=1&psc=1">View Product</a></div>
<div class="product"><a href="https://www.amazon.com/dp/B093CGRM2T?tag=eloabder-20&linkCode=osi&th=1&psc=1"><img src="https://m.media-amazon.com/images/I/41HZ8Kc174L._SL500_.jpg" alt="Product Image"></a><p>Farmers' Market Charcuterie Gift for Summer, Wisconsin Cheese, Hickory Smoked Meat, Shelf Stable, Gourmet Meat and Cheese Platter, Small Spicy</p><p>$29.99</p><a href="https://www.amazon.com/dp/B093CGRM2T?tag=eloabder-20&linkCode=osi&th=1&psc=1">View Product</a></div>



<div class="product"><a href="https://www.amazon.com/dp/B00JXLYK6M?tag=eloabder-20&linkCode=osi&th=1&psc=1"><img src="https://m.media-amazon.com/images/I/51W31ipLg4L._SL500_.jpg" alt="Product Image"></a><p>Gourmet World Flavors Seasoning Collection | Non GMO Verified | 6 Magnetic Tins | Spice Blends | Crafted in Small Batches by Gustus Vitae | #68</p><p>$34.99 ($4.17 / Ounce)</p><a href="https://www.amazon.com/dp/B00JXLYK6M?tag=eloabder-20&linkCode=osi&th=1&psc=1">View Product</a></div><div class="product"><a href="https://www.amazon.com/dp/B00IJG0HE6?tag=eloabder-20&linkCode=osi&th=1&psc=1"><img src="https://m.media-amazon.com/images/I/41y129UFElL._SL500_.jpg" alt="Product Image"></a><p>The Gourmet Collection Spice Blends Roasted Garlic, Rosemary & Sea Salt Blend - Rosemary Seasoning Salt for Cooking - Meat, Fish Vegetable Seasoning!</p><p>$11.99 ($1.60 / Ounce)</p><a href="https://www.amazon.com/dp/B00IJG0HE6?tag=eloabder-20&linkCode=osi&th=1&psc=1">View Product</a></div><div class="product"><a href="https://www.amazon.com/dp/B00KCX4K60?tag=eloabder-20&linkCode=osi&th=1&psc=1"><img src="https://m.media-amazon.com/images/I/41sh+9jTUxL._SL500_.jpg" alt="Product Image"></a><p>The Gourmet Collection Seasoning Blends Roast Vegetables & Fries Spice Blend Seasoning for Cooking Sweet Potatoes, Fries, Cauliflower Rice, Veggies!</p><p>$10.99 ($1.69 / Ounce)</p><a href="https://www.amazon.com/dp/B00KCX4K60?tag=eloabder-20&linkCode=osi&th=1&psc=1">View Product</a></div><div class="product"><a href="https://www.amazon.com/dp/B00VDEMF0K?tag=eloabder-20&linkCode=osi&th=1&psc=1"><img src="https://m.media-amazon.com/images/I/41XyWLhhYfL._SL500_.jpg" alt="Product Image"></a><p>""" Evaluation result 7.33 of 10 Roll over image to zoom in The Gourmet Collection Seasoning Blend, Smoked Paprika, Garlic, Chili & Chives Spice Blend-Salt Free Seasonings for Cooking Chicken, Beef, Pork, Fish."""</p><p>$10.99 ($2.34 / Ounce)</p><a href="https://www.amazon.com/dp/B00VDEMF0K?tag=eloabder-20&linkCode=osi&th=1&psc=1">View Product</a></div><div class="product"><a href="https://www.amazon.com/dp/B00JLJ1V0E?tag=eloabder-20&linkCode=osi&th=1&psc=1"><img src="https://m.media-amazon.com/images/I/41An1fGpEvL._SL500_.jpg" alt="Product Image"></a><p>The Gourmet Collection Spice Blends Roasted Garlic and Red Bell Pepper Blend - Garlic Powder Seasoning for Cooking - Salt Free - Seafood, Meat, Eggs.</p><p>$12.92 ($2.64 / Ounce)</p><a href="https://www.amazon.com/dp/B00JLJ1V0E?tag=eloabder-20&linkCode=osi&th=1&psc=1">View Product</a></div><div class="product"><a href="https://www.amazon.com/dp/B00T17KM7O?tag=eloabder-20&linkCode=osi&th=1&psc=1"><img src="https://m.media-amazon.com/images/I/41bAsjcnzKL._SL500_.jpg" alt="Product Image"></a><p>The Gourmet Collection Spice & Seasoning Blend Oregano Basil & Tomato Spice Blend Greek, Mediterranean, Italian Herb Seasoning Salt Free 156 Servings.</p><p>$11.58 ($5.03 / Ounce)</p><a href="https://www.amazon.com/dp/B00T17KM7O?tag=eloabder-20&linkCode=osi&th=1&psc=1">View Product</a></div><div class="product"><a href="https://www.amazon.com/dp/B00JCJQUDG?tag=eloabder-20&linkCode=osi&th=1&psc=1"><img src="https://m.media-amazon.com/images/I/41TxNYi-JsL._SL500_.jpg" alt="Product Image"></a><p>The Gourmet Collection Spice Blends, Fishermans Seafood Spectacular Seasoning for Crab Meat, Salmon, Crab Boil, Fish Fry. Shrimp, Mussels and Rice.</p><p>$12.58 ($2.57 / Ounce)</p><a href="https://www.amazon.com/dp/B00JCJQUDG?tag=eloabder-20&linkCode=osi&th=1&psc=1">View Product</a></div>
<div class="product"><a href="https://www.amazon.com/dp/B00KJZGDG6?tag=eloabder-20&linkCode=osi&th=1&psc=1"><img src="https://m.media-amazon.com/images/I/41G7+3D7qwL._SL500_.jpg" alt="Product Image"></a><p>The Gourmet Collection Seasoning Blend & Spice Collection: Herbes De Provence Spice Blend with Lavender: Salt-free: Chicken, Fish Soups: 156 Servings.</p><p>$10.99 ($8.45 / Ounce)</p><a href="https://www.amazon.com/dp/B00KJZGDG6?tag=eloabder-20&linkCode=osi&th=1&psc=1">View Product</a></div><div class="product"><a href="https://www.amazon.com/dp/B00S13C9CK?tag=eloabder-20&linkCode=osi&th=1&psc=1"><img src="https://m.media-amazon.com/images/I/41ISMYe0EnL._SL500_.jpg" alt="Product Image"></a><p>The Gourmet Collection Spice Blends Pasta Herb Blend - Seasoning for Cooking: Italian, Mediterranean, Greek. Meat, Fish, Pasta Seasoning: 156 Servings</p><p>$12.95 ($12.95 / Count)</p><a href="https://www.amazon.com/dp/B00S13C9CK?tag=eloabder-20&linkCode=osi&th=1&psc=1">View Product</a></div><div class="product"><a href="https://www.amazon.com/dp/B006ZX9TLW?tag=eloabder-20&linkCode=osi&th=1&psc=1"><img src="https://m.media-amazon.com/images/I/41EQ+rJcO+L._SL500_.jpg" alt="Product Image"></a><p>McCormick Gourmet Organic Herbes De Provence, 0.65 Oz</p><p>$5.22 ($8.03 / Ounce)</p><a href="https://www.amazon.com/dp/B006ZX9TLW?tag=eloabder-20&linkCode=osi&th=1&psc=1">View Product</a></div><div class="product"><a href="https://www.amazon.com/dp/B07MK554K9?tag=eloabder-20&linkCode=osi&th=1&psc=1"><img src="https://m.media-amazon.com/images/I/51Z9LNMEpNL._SL500_.jpg" alt="Product Image"></a><p>The Pepper Trade Gourmet Peppercorn Blend Collection, 8 Pack Gift Set | Sampler Spice Gift Set, Use in Grinders</p><p>$32.41 ($6.56 / Ounce)</p><a href="https://www.amazon.com/dp/B07MK554K9?tag=eloabder-20&linkCode=osi&th=1&psc=1">View Product</a></div><div class="product"><a href="https://www.amazon.com/dp/B077H3MPW2?tag=eloabder-20&linkCode=osi&th=1&psc=1"><img src="https://m.media-amazon.com/images/I/41xqPw5HnlL._SL500_.jpg" alt="Product Image"></a><p>Meat Church Gourmet Garlic & Herb Seasoning 6oz.</p><p>$12.99 ($2.16 / Ounce)</p><a href="https://www.amazon.com/dp/B077H3MPW2?tag=eloabder-20&linkCode=osi&th=1&psc=1">View Product</a></div><div class="product"><a href="https://www.amazon.com/dp/B07F3VWZCG?tag=eloabder-20&linkCode=osi&th=1&psc=1"><img src="https://m.media-amazon.com/images/I/51er50fptpL._SL500_.jpg" alt="Product Image"></a><p>McCormick Gourmet Organic Garlic & Herbs Everyday Basics Variety Pack (Oregano, Garlic Powder, Crushed Rosemary, Thyme), 0.05 lb</p><p>$17.49 ($3.98 / Ounce)</p><a href="https://www.amazon.com/dp/B07F3VWZCG?tag=eloabder-20&linkCode=osi&th=1&psc=1">View Product</a></div><div class="product"><a href="https://www.amazon.com/dp/B07W73L2NY?tag=eloabder-20&linkCode=osi&th=1&psc=1"><img src="https://m.media-amazon.com/images/I/514ztA7ffSS._SL500_.jpg" alt="Product Image"></a><p>Gustus Vitae - Herbs De Everything Seasoning - Non GMO - Magnetic Tin - 2 Ounce - Authentic Gourmet Spice Blend - Crafted in Small Batches</p><p>$8.49 ($2.74 / Ounce)</p><a href="https://www.amazon.com/dp/B07W73L2NY?tag=eloabder-20&linkCode=osi&th=1&psc=1">View Product</a></div>
<div class="product"><a href="https://www.amazon.com/dp/B0CKTX8V6Z?tag=eloabder-20&linkCode=osi&th=1&psc=1"><img src="https://m.media-amazon.com/images/I/51RaLSwooYL._SL500_.jpg" alt="Product Image"></a><p>CHAVI Freeze Dried Exotic Tropical Fruits | Pack of 10 | Gift Box - No Added Sugars or Preservatives - Non-GMO, Vegan, Gluten-Free | 180 g | 6.4 oz</p><p>$32.90 ($5.14 / Ounce)</p><a href="https://www.amazon.com/dp/B0CKTX8V6Z?tag=eloabder-20&linkCode=osi&th=1&psc=1">View Product</a></div><div class="product"><a href="https://www.amazon.com/dp/B0CP4G6RVD?tag=eloabder-20&linkCode=osi&th=1&psc=1"><img src="https://m.media-amazon.com/images/I/41bqzEdTsQL._SL500_.jpg" alt="Product Image"></a><p>Premium Whole Freeze Dried Tropical Fruits, 100% fruits, NATURAL 70 g (2.5 oz), nothing else added. (Rambutan)</p><p>$14.99 ($6.07 / Ounce)</p><a href="https://www.amazon.com/dp/B0CP4G6RVD?tag=eloabder-20&linkCode=osi&th=1&psc=1">View Product</a></div><div class="product"><a href="https://www.amazon.com/dp/B00DDYUEQ0?tag=eloabder-20&linkCode=osi&th=1&psc=1"><img src="https://m.media-amazon.com/images/I/41eSAZbVBKL._SL500_.jpg" alt="Product Image"></a><p>Roland Whole Lychees in Heavy Syrup (20 oz Cans) 2 Pack</p><p>$19.98 ($0.50 / Ounce)</p><a href="https://www.amazon.com/dp/B00DDYUEQ0?tag=eloabder-20&linkCode=osi&th=1&psc=1">View Product</a></div><div class="product"><a href="https://www.amazon.com/dp/B095FLWJL8?tag=eloabder-20&linkCode=osi&th=1&psc=1"><img src="https://m.media-amazon.com/images/I/613BezKteoL._SL500_.jpg" alt="Product Image"></a><p>Jans 100% Soursop/Guanabana Juice With Pulp, 16.9 FL OZ (500 Liter) | PURELY Soursop Juice | NO Added Sugars | NOT From Concentrate | Fat-Free | Cholesterol-Free (Pack of 12)</p><p>$29.99 ($0.15 / Fl Oz)</p><a href="https://www.amazon.com/dp/B095FLWJL8?tag=eloabder-20&linkCode=osi&th=1&psc=1">View Product</a></div><div class="product"><a href="https://www.amazon.com/dp/B004PAQOCY?tag=eloabder-20&linkCode=osi&th=1&psc=1"><img src="https://m.media-amazon.com/images/I/51ZD0sEI-cL._SL500_.jpg" alt="Product Image"></a><p>Bergen Marzipan M-1 Assorted Fruit 8 ounce</p><p>$9.38 ($1.17 / Ounce)</p><a href="https://www.amazon.com/dp/B004PAQOCY?tag=eloabder-20&linkCode=osi&th=1&psc=1">View Product</a></div><div class="product"><a href="https://www.amazon.com/dp/B06XNMFMQS?tag=eloabder-20&linkCode=osi&th=1&psc=1"><img src="https://m.media-amazon.com/images/I/51MBWHDo+DL._SL500_.jpg" alt="Product Image"></a><p>Dynasty Peeled Whole Lychee in Heavy Syrup 15 oz (2 Pack)</p><p>$13.28 ($0.44 / Ounce)</p><a href="https://www.amazon.com/dp/B06XNMFMQS?tag=eloabder-20&linkCode=osi&th=1&psc=1">View Product</a></div><div class="product"><a href="https://www.amazon.com/dp/B0CWPV4BLB?tag=eloabder-20&linkCode=osi&th=1&psc=1"><img src="https://m.media-amazon.com/images/I/41RpnAt-IqL._SL500_.jpg" alt="Product Image"></a><p>Dried Dragon Fruit Slices (2.11 oz), Superfood | Soft and Chewy with Crunchy Seeds! | Unsweetened No Sugar Added | Healthy | Vegan | Premium Quality | - All-Natural Snack, Perfect for Trail Mixes, Smoothie Bowls, Natural Colorant and Tropical Drinks - Elevate Your Beverages with Vibrant Color: Ideal for Infusing Water, Cocktails, and Mocktails. Soak in Water to Rehydrate!</p><p>$5.89 ($2.79 / Ounce)</p><a href="https://www.amazon.com/dp/B0CWPV4BLB?tag=eloabder-20&linkCode=osi&th=1&psc=1">View Product</a></div>
<div class="product"><a href="https://www.amazon.com/dp/B0BT548GLT?tag=eloabder-20&linkCode=osi&th=1&psc=1"><img src="https://m.media-amazon.com/images/I/51OQkdqEhCL._SL500_.jpg" alt="Product Image"></a><p>Nuts Gift Basket - Delicious Mixed Cravings Gourmet Collection Features 7 Sectional Platter with Freshly Roasted Nuts - Gift Baskets.</p><p>$19.79 ($19.79 / Count)</p><a href="https://www.amazon.com/dp/B0BT548GLT?tag=eloabder-20&linkCode=osi&th=1&psc=1">View Product</a></div><div class="product"><a href="https://www.amazon.com/dp/B08X94JGJ1?tag=eloabder-20&linkCode=osi&th=1&psc=1"><img src="https://m.media-amazon.com/images/I/51lXfmhLb9L._SL500_.jpg" alt="Product Image"></a><p>Nuts Gift Basket - Great Gift for Fathers Day - Assortment Of Sweet & Roasted Salted Gourmet Nuts - Assorted Food Gift Box for Fathers Day, Men, Him, Husband, Mothers Day, Sympathy, Family, Men & Women.</p><p>$26.95 ($1.68 / Ounce)</p><a href="https://www.amazon.com/dp/B08X94JGJ1?tag=eloabder-20&linkCode=osi&th=1&psc=1">View Product</a></div><div class="product"><a href="https://www.amazon.com/dp/B0D3MCBF4M?tag=eloabder-20&linkCode=osi&th=1&psc=1"><img src="https://m.media-amazon.com/images/I/51SOsbAMlFL._SL500_.jpg" alt="Product Image"></a><p>Gourmet Mixed Nuts Gift Basket | XL 2 LB Platter Includes 9 Assortments of Premium Nuts - Sleek Bamboo Wood Reusable Platter, Kosher</p><p>$29.95 ($0.47 / Ounce)</p><a href="https://www.amazon.com/dp/B0D3MCBF4M?tag=eloabder-20&linkCode=osi&th=1&psc=1">View Product</a></div><div class="product"><a href="https://www.amazon.com/dp/B00BXMHL38?tag=eloabder-20&linkCode=osi&th=1&psc=1"><img src="https://m.media-amazon.com/images/I/51hKFTnP2LL._SL500_.jpg" alt="Product Image"></a><p>Oh! Nuts Gift Basket - Gourmet Nut Gift Box - 2.2 LB | Large 7 Variety Holiday Freshly Roasted Party Tray | Birthday, Anniversary, Corporate Tray | Premium Gift Basket Idea for Men & Women…</p><p>$34.95 ($34.95 / Count)</p><a href="https://www.amazon.com/dp/B00BXMHL38?tag=eloabder-20&linkCode=osi&th=1&psc=1">View Product</a></div><div class="product"><a href="https://www.amazon.com/dp/B09GYLVDVB?tag=eloabder-20&linkCode=osi&th=1&psc=1"><img src="https://m.media-amazon.com/images/I/61KqpTv1CmL._SL500_.jpg" alt="Product Image"></a><p>Nuts Gift Basket for Men - 6 Unique Nut Flavors, Unique Gift for Men, Birthday Gifts for Men, Dad - Food Gift Basket, Gourmet Nut Snack Mens Gifts</p><p>$34.95 ($1.46 / Ounce)</p><a href="https://www.amazon.com/dp/B09GYLVDVB?tag=eloabder-20&linkCode=osi&th=1&psc=1">View Product</a></div>

Aucun résultat trouvé.
<div class="product"><a href="https://www.amazon.com/dp/B07BQXJ123?tag=eloabder-20&linkCode=osi&th=1&psc=1"><img src="https://m.media-amazon.com/images/I/41h4IsgjbZL._SL500_.jpg" alt="Product Image"></a><p>Squirrel Brand Sweet Brown Butter Cashews, 3.5 Ounces Resealable Bag, Gluten Free, Vegetarian</p><p>$2.74 ($0.78 / Fl Oz)</p><a href="https://www.amazon.com/dp/B07BQXJ123?tag=eloabder-20&linkCode=osi&th=1&psc=1">View Product</a></div><div class="product"><a href="https://www.amazon.com/dp/B003P02EGU?tag=eloabder-20&linkCode=osi&th=1&psc=1"><img src="https://m.media-amazon.com/images/I/51aUMBXF71L._SL500_.jpg" alt="Product Image"></a><p>Sparkling Ice, Black Raspberry Sparkling Water, Zero Sugar Flavored Water, with Vitamins and Antioxidants, Low Calorie Beverage, 17 fl oz Bottles (Pack of 12)</p><p>$9.98 ($0.05 / Fl Oz)</p><a href="https://www.amazon.com/dp/B003P02EGU?tag=eloabder-20&linkCode=osi&th=1&psc=1">View Product</a></div><div class="product"><a href="https://www.amazon.com/dp/B0C6RG22VN?tag=eloabder-20&linkCode=osi&th=1&psc=1"><img src="https://m.media-amazon.com/images/I/31fjAuuWWNL._SL500_.jpg" alt="Product Image"></a><p>Bauducco Vanilla Wafers - Crispy Wafer Cookies With 3 Delicious, Indulgent, Decadent Layers of Vanilla Flavored Cream - Delicious Sweet Snack or Desert - 5.0 oz (Pack of 1)</p><p>$1.59 ($0.32 / Ounce)</p><a href="https://www.amazon.com/dp/B0C6RG22VN?tag=eloabder-20&linkCode=osi&th=1&psc=1">View Product</a></div><div class="product"><a href="https://www.amazon.com/dp/B09W5ZVDD2?tag=eloabder-20&linkCode=osi&th=1&psc=1"><img src="https://m.media-amazon.com/images/I/41SSfHVmdrL._SL500_.jpg" alt="Product Image"></a><p>Cinnamon Toast Crunch Creamy Cinnamon Spread, 10 Ounce</p><p>$2.48 ($0.25 / Ounce)</p><a href="https://www.amazon.com/dp/B09W5ZVDD2?tag=eloabder-20&linkCode=osi&th=1&psc=1">View Product</a></div><div class="product"><a href="https://www.amazon.com/dp/B00L2MWLMK?tag=eloabder-20&linkCode=osi&th=1&psc=1"><img src="https://m.media-amazon.com/images/I/51dBawJ2u9L._SL500_.jpg" alt="Product Image"></a><p>Duncan Hines Dark Chocolate Fudge Brownie Mix, 18.2 OZ</p><p>$1.54 ($0.08 / Ounce)</p><a href="https://www.amazon.com/dp/B00L2MWLMK?tag=eloabder-20&linkCode=osi&th=1&psc=1">View Product</a></div><div class="product"><a href="https://www.amazon.com/dp/B004M15U12?tag=eloabder-20&linkCode=osi&th=1&psc=1"><img src="https://m.media-amazon.com/images/I/51WF3t7pADL._SL500_.jpg" alt="Product Image"></a><p>PLANTERS Deluxe Salted Whole Cashews, Party Snacks, Plant-Based Protein, Quick Snack for Adults, After School Snack, Roasted Cashew Flavored with Sea Salt, Bulk Nuts, Kosher, 1 lb 2.25oz Canister</p><p>$9.98 ($0.55 / Ounce)</p><a href="https://www.amazon.com/dp/B004M15U12?tag=eloabder-20&linkCode=osi&th=1&psc=1">View Product</a></div><div class="product"><a href="https://www.amazon.com/dp/B078J62RYJ?tag=eloabder-20&linkCode=osi&th=1&psc=1"><img src="https://m.media-amazon.com/images/I/51AXLNUF66L._SL500_.jpg" alt="Product Image"></a><p>PLANTERS Deluxe Mixed Nuts, Cashews, Almonds, Pecans, Pistachios, Hazelnuts, Roasted with Sea Salt, Party Snacks, Plant-Based Protein, Quick Snack for Adults, After School Snack, 27oz Container</p><p>$17.51 ($0.65 / Ounce)</p><a href="https://www.amazon.com/dp/B078J62RYJ?tag=eloabder-20&linkCode=osi&th=1&psc=1">View Product</a></div><div class="product"><a href="https://www.amazon.com/dp/B0BSB1D65T?tag=eloabder-20&linkCode=osi&th=1&psc=1"><img src="https://m.media-amazon.com/images/I/51u9sSRdlIL._SL500_.jpg" alt="Product Image"></a><p>PLANTERS Cashews Cinnamon & Brown Sugar, Party Snacks, 5 Oz Bag</p><p>$3.50 ($0.70 / Ounce)</p><a href="https://www.amazon.com/dp/B0BSB1D65T?tag=eloabder-20&linkCode=osi&th=1&psc=1">View Product</a></div><div class="product"><a href="https://www.amazon.com/dp/B0BN4LZ5P3?tag=eloabder-20&linkCode=osi&th=1&psc=1"><img src="https://m.media-amazon.com/images/I/51OLBHQEeSL._SL500_.jpg" alt="Product Image"></a><p>Planters Dry Roasted Bold & Savory Peanuts, Party Snacks, Plant-Based Protein, 16 Oz Jar</p><p>$2.98 ($0.19 / Ounce)</p><a href="https://www.amazon.com/dp/B0BN4LZ5P3?tag=eloabder-20&linkCode=osi&th=1&psc=1">View Product</a></div>

<div class="product"><a href="https://www.amazon.com/dp/B0CJQJYYVQ?tag=eloabder-20&linkCode=osi&th=1&psc=1"><img src="https://m.media-amazon.com/images/I/51mbf3FOrUL._SL500_.jpg" alt="Product Image"></a><p>Dried Fruit and Nuts Gift Baskets, 9 Healthy Varieties of Nuts & Dried Fruit Gifts, Gourmet Prime Candy Basket Delivery, Family Edible Food Ideas for All, Anniversary, Birthday, Care Package, Corporate Gifts</p><p>$24.99 ($24.99 / Count)</p><a href="https://www.amazon.com/dp/B0CJQJYYVQ?tag=eloabder-20&linkCode=osi&th=1&psc=1">View Product</a></div><div class="product"><a href="https://www.amazon.com/dp/B0BRYN42RF?tag=eloabder-20&linkCode=osi&th=1&psc=1"><img src="https://m.media-amazon.com/images/I/61sztsxabsL._SL500_.jpg" alt="Product Image"></a><p>Dried Fruit & Nuts Gift Basket Arrangement Platter, Gourmet Food Snack Box, For Fathers Day, Birthday Care Package, Healthy Kosher - Her Him - 12 Snackberry Assortment (Single)</p><p>$24.99 ($1.03 / Ounce)</p><a href="https://www.amazon.com/dp/B0BRYN42RF?tag=eloabder-20&linkCode=osi&th=1&psc=1">View Product</a></div><div class="product"><a href="https://www.amazon.com/dp/B0CZ4H5N2S?tag=eloabder-20&linkCode=osi&th=1&psc=1"><img src="https://m.media-amazon.com/images/I/51NLO50v2cL._SL500_.jpg" alt="Product Image"></a><p>Variety Dried Fuit Gift Basket, Fathers Day Gift Basket, Gift Box for Birthday. Anniversary, Get Well Gift, Gift for Him, Her and Family, Snackberry (1 Pack)</p><p>$9.99 ($0.62 / Ounce)</p><a href="https://www.amazon.com/dp/B0CZ4H5N2S?tag=eloabder-20&linkCode=osi&th=1&psc=1">View Product</a></div><div class="product"><a href="https://www.amazon.com/dp/B09HW1C373?tag=eloabder-20&linkCode=osi&th=1&psc=1"><img src="https://m.media-amazon.com/images/I/418cDyDC0eL._SL500_.jpg" alt="Product Image"></a><p>Farm Fresh Assorted Nuts Gift Basket - Artfully Arranged Gourmet Nuts and Dried Fruit Collection - Prime Arrangement Platter - Makes a Delicious, Healthy Gift Basket For Holidays, Parties, Corporate Gifts, and More</p><p>$12.99 ($12.99 / Count)</p><a href="https://www.amazon.com/dp/B09HW1C373?tag=eloabder-20&linkCode=osi&th=1&psc=1">View Product</a></div><div class="product"><a href="https://www.amazon.com/dp/B0CRD2MWB9?tag=eloabder-20&linkCode=osi&th=1&psc=1"><img src="https://m.media-amazon.com/images/I/51tT9Jj4hKL._SL500_.jpg" alt="Product Image"></a><p>Happy Birthday Dried Fruit & Nuts Gift Basket Arrangement Platter, Gourmet Food Snack Box, Birthday Care Package, Healthy Kosher, Her Him (9 Assortments)</p><p>$19.99 ($19.99 / Count)</p><a href="https://www.amazon.com/dp/B0CRD2MWB9?tag=eloabder-20&linkCode=osi&th=1&psc=1">View Product</a></div><div class="product"><a href="https://www.amazon.com/dp/B0CHCJK5GN?tag=eloabder-20&linkCode=osi&th=1&psc=1"><img src="https://m.media-amazon.com/images/I/61dpK7BoYbL._SL500_.jpg" alt="Product Image"></a><p>Broadway Basketeers Deluxe Thank You Dried Fruit And Nuts Gift Basket - A Premium Healthy Appreciation Gift - Corporate, Family & Friends</p><p>$32.06</p><a href="https://www.amazon.com/dp/B0CHCJK5GN?tag=eloabder-20&linkCode=osi&th=1&psc=1">View Product</a></div>
<div class="product"><a href="https://www.amazon.com/dp/B078SZHZ82?tag=eloabder-20&linkCode=osi&th=1&psc=1"><img src="https://m.media-amazon.com/images/I/51S82IO04jL._SL500_.jpg" alt="Product Image"></a><p>DEL MONTE FRESH CUT BLUE LAKE Cut Green Beans Canned Vegetables,14.5 Ounce (Pack of 12)</p><p>$12.99 ($0.07 / Ounce)</p><a href="https://www.amazon.com/dp/B078SZHZ82?tag=eloabder-20&linkCode=osi&th=1&psc=1">View Product</a></div>
<div class="product"><a href="https://www.amazon.com/dp/B0C94YG17L?tag=eloabder-20&linkCode=osi&th=1&psc=1"><img src="https://m.media-amazon.com/images/I/51VfC5jp4OL._SL500_.jpg" alt="Product Image"></a><p>Hickory Farms Farmhouse Sausage & Cheese Medium Gift Box | Gourmet Food Basket | Charcuterie | Father's Day Gift | Perfect For Family, Birthday, Sympathy, Congratulations, Retirement, Thinking of You, Father's Day Gift</p><p>$34.99 ($34.99 / Count)</p><a href="https://www.amazon.com/dp/B0C94YG17L?tag=eloabder-20&linkCode=osi&th=1&psc=1">View Product</a></div><div class="product"><a href="https://www.amazon.com/dp/B00K35V3F8?tag=eloabder-20&linkCode=osi&th=1&psc=1"><img src="https://m.media-amazon.com/images/I/41bd0TKnKfL._SL500_.jpg" alt="Product Image"></a><p>Farmers' Market Charcuterie Gift for Summer, Wisconsin Cheese, Hickory Smoked Meat, Shelf Stable, Gourmet Meat and Cheese Platter, Large Original</p><p>$39.99</p><a href="https://www.amazon.com/dp/B00K35V3F8?tag=eloabder-20&linkCode=osi&th=1&psc=1">View Product</a></div><div class="product"><a href="https://www.amazon.com/dp/B0994V3KXV?tag=eloabder-20&linkCode=osi&th=1&psc=1"><img src="https://m.media-amazon.com/images/I/61Zr7E45qvL._SL500_.jpg" alt="Product Image"></a><p>Wisconsin Cheese Company - Specialty 100% Wisconsin Cheese Block Assortment 4 oz. (Pack of 7 Blocks) Cheddar, Pepper Jack, Swiss, Gouda, Cheddar Salami, Smoked Cheddar & Tomato Basil Cheese - Cheese Sampler Gift Set</p><p>$39.99 ($1.43 / Ounce)</p><a href="https://www.amazon.com/dp/B0994V3KXV?tag=eloabder-20&linkCode=osi&th=1&psc=1">View Product</a></div><div class="product"><a href="https://www.amazon.com/dp/B009Y7I2F0?tag=eloabder-20&linkCode=osi&th=1&psc=1"><img src="https://m.media-amazon.com/images/I/41VgrnxieeL._SL500_.jpg" alt="Product Image"></a><p>Wisconsin Cheese Company - 100% Wisconsin Cheddar & Pepper Jack Cheese and Cracker Gift Basket. Large Gourmet Gift Box Assortment. Great for Charcuterie Boards & Gifts.</p><p>$29.99 ($2.11 / Ounce)</p><a href="https://www.amazon.com/dp/B009Y7I2F0?tag=eloabder-20&linkCode=osi&th=1&psc=1">View Product</a></div><div class="product"><a href="https://www.amazon.com/dp/B00FY43IJ2?tag=eloabder-20&linkCode=osi&th=1&psc=1"><img src="https://m.media-amazon.com/images/I/41QN9RXV4RL._SL500_.jpg" alt="Product Image"></a><p>California Delicious Gourmet Cheeseboard Gift, 8 piece set</p><p>$47.98 ($6.00 / Count)</p><a href="https://www.amazon.com/dp/B00FY43IJ2?tag=eloabder-20&linkCode=osi&th=1&psc=1">View Product</a></div><div class="product"><a href="https://www.amazon.com/dp/B0CRM55TF8?tag=eloabder-20&linkCode=osi&th=1&psc=1"><img src="https://m.media-amazon.com/images/I/51Vz3kt14-L._SL500_.jpg" alt="Product Image"></a><p>Farmers' Market Cheese Block Assortment 7oz 6-Pack, Shelf Stable, Pasteurized, Locally Sourced Wisconsin Cheese (Assortment, 6 Count)</p><p>$29.99 ($0.71 / Ounce)</p><a href="https://www.amazon.com/dp/B0CRM55TF8?tag=eloabder-20&linkCode=osi&th=1&psc=1">View Product</a></div>
<div class="product"><a href="https://www.amazon.com/dp/B006GXQHKW?tag=eloabder-20&linkCode=osi&th=1&psc=1"><img src="https://m.media-amazon.com/images/I/41gffgWPG4L._SL500_.jpg" alt="Product Image"></a><p>Old Wisconsin Premium Summer Sausage, 100% Natural Meat, Charcuterie, Ready to Eat, High Protein, Low Carb, Keto, Gluten Free, Original Flavor, 8 Ounce</p><p>$6.09 ($0.76 / Count)</p><a href="https://www.amazon.com/dp/B006GXQHKW?tag=eloabder-20&linkCode=osi&th=1&psc=1">View Product</a></div><div class="product"><a href="https://www.amazon.com/dp/B07PNM9SNJ?tag=eloabder-20&linkCode=osi&th=1&psc=1"><img src="https://m.media-amazon.com/images/I/51XUGii8qrL._SL500_.jpg" alt="Product Image"></a><p>Meat Shredz - Premium Dried Pulled Pork (Variety, 6 Pack) | Gluten Free | High Protein & Low Sugar | Bacon Bits | Dehydrated Backpacking & Camping Food | Shredded, Dried Jerky Chew Snack</p><p>$42.95 ($52.06 / lb)</p><a href="https://www.amazon.com/dp/B07PNM9SNJ?tag=eloabder-20&linkCode=osi&th=1&psc=1">View Product</a></div><div class="product"><a href="https://www.amazon.com/dp/B0CVQWPGC5?tag=eloabder-20&linkCode=osi&th=1&psc=1"><img src="https://m.media-amazon.com/images/I/41M9k0m4dOL._SL500_.jpg" alt="Product Image"></a><p>Olympic Delights Premium Meats and Cheese Gift Box by Dan the Sausageman featuring Summer Sausage, Stuffed Olives, Crackers and Mustard</p><p>$68.95</p><a href="https://www.amazon.com/dp/B0CVQWPGC5?tag=eloabder-20&linkCode=osi&th=1&psc=1">View Product</a></div><div class="product"><a href="https://www.amazon.com/dp/B000FIUQAQ?tag=eloabder-20&linkCode=osi&th=1&psc=1"><img src="https://m.media-amazon.com/images/I/51-jFNA-ZgL._SL500_.jpg" alt="Product Image"></a><p>Hormel Premium No Salt Added Canned Chunk Chicken Breast in Water, 5 Ounce (Pack of 12)</p><p>$25.44 ($0.42 / Ounce)</p><a href="https://www.amazon.com/dp/B000FIUQAQ?tag=eloabder-20&linkCode=osi&th=1&psc=1">View Product</a></div><div class="product"><a href="https://www.amazon.com/dp/B07Y936YWY?tag=eloabder-20&linkCode=osi&th=1&psc=1"><img src="https://m.media-amazon.com/images/I/51cpUvuRIzL._SL500_.jpg" alt="Product Image"></a><p>Jack Link's Beef Jerky, Sweet & Hot, ½ Pounder Bag - Flavorful Meat Snack, 9g of Protein and 80 Calories, Made with Premium Beef - 96 Percent Fat Free, No Added MSG or Nitrates/Nitrites</p><p>$9.99 ($1.25 / Ounce)</p><a href="https://www.amazon.com/dp/B07Y936YWY?tag=eloabder-20&linkCode=osi&th=1&psc=1">View Product</a></div><div class="product"><a href="https://www.amazon.com/dp/B000FK7G20?tag=eloabder-20&linkCode=osi&th=1&psc=1"><img src="https://m.media-amazon.com/images/I/414A4Q9AvAL._SL500_.jpg" alt="Product Image"></a><p>Swanson White and Dark Premium Chunk Canned Chicken Breast in Water, Fully Cooked Chicken, 9.75 OZ Can (Case of 12)</p><p>$35.76 ($0.31 / Ounce)</p><a href="https://www.amazon.com/dp/B000FK7G20?tag=eloabder-20&linkCode=osi&th=1&psc=1">View Product</a></div>
<div class="product"><a href="https://www.amazon.com/dp/B072126PMY?tag=eloabder-20&linkCode=osi&th=1&psc=1"><img src="https://m.media-amazon.com/images/I/51nw4J9x8YL._SL500_.jpg" alt="Product Image"></a><p>Simple Mills Almond Flour Baking Mix, Artisan Bread Mix - Gluten Free, Plant Based, Paleo Friendly, 10.4 Ounce (Pack of 3)</p><p>$23.97 ($0.77 / Ounce)</p><a href="https://www.amazon.com/dp/B072126PMY?tag=eloabder-20&linkCode=osi&th=1&psc=1">View Product</a></div><div class="product"><a href="https://www.amazon.com/dp/B081VPXGJS?tag=eloabder-20&linkCode=osi&th=1&psc=1"><img src="https://m.media-amazon.com/images/I/51j0-+rAaZL._SL500_.jpg" alt="Product Image"></a><p>Essential Baking Company Organic Artisan Sourdough Bread, 18.2 Ounce (Pack of 3)</p><p>$28.65 ($0.52 / Ounce)</p><a href="https://www.amazon.com/dp/B081VPXGJS?tag=eloabder-20&linkCode=osi&th=1&psc=1">View Product</a></div><div class="product"><a href="https://www.amazon.com/dp/B08HSPX7LM?tag=eloabder-20&linkCode=osi&th=1&psc=1"><img src="https://m.media-amazon.com/images/I/41RUhxZCnNL._SL500_.jpg" alt="Product Image"></a><p>Giusto's Vita-Grain All-Natural Artisan Malted Unbleached Bread Flour, 5lb Bag</p><p>$10.95 ($0.14 / Ounce)</p><a href="https://www.amazon.com/dp/B08HSPX7LM?tag=eloabder-20&linkCode=osi&th=1&psc=1">View Product</a></div>
<div class="product"><a href="https://www.amazon.com/dp/B001DDD4DS?tag=eloabder-20&linkCode=osi&th=1&psc=1"><img src="https://m.media-amazon.com/images/I/51osI10x5HL._SL500_.jpg" alt="Product Image"></a><p>Mantova Flavored Extra Virgin Olive Oil Variety Pack: Garlic, Basil, Chili, Lemon Organic Extra Virgin Olive Oil, 8.5-Ounce Per Bottle (Pack of 4) Great Gift Item</p><p>$36.99 ($1.09 / Fl Oz)</p><a href="https://www.amazon.com/dp/B001DDD4DS?tag=eloabder-20&linkCode=osi&th=1&psc=1">View Product</a></div><div class="product"><a href="https://www.amazon.com/dp/B001DDD4E2?tag=eloabder-20&linkCode=osi&th=1&psc=1"><img src="https://m.media-amazon.com/images/I/51cFWLj1kiL._SL500_.jpg" alt="Product Image"></a><p>Mantova Grand’Aroma Flavored Extra Virgin Olive Oils, Variety Gift Set, made in Italy, cold-pressed, 100% natural, heart-healthy, for grilling, barbequing, smoking, and cooking, 8.5 oz (Pack of 4)</p><p>$39.99 ($1.18 / Fl Oz)</p><a href="https://www.amazon.com/dp/B001DDD4E2?tag=eloabder-20&linkCode=osi&th=1&psc=1">View Product</a></div><div class="product"><a href="https://www.amazon.com/dp/B087S41Y1W?tag=eloabder-20&linkCode=osi&th=1&psc=1"><img src="https://m.media-amazon.com/images/I/518tVUgnUkL._SL500_.jpg" alt="Product Image"></a><p>Benissimo Herb Infused Cooking Oil Chef Pack, All Natural Italiano, Roasted Garlic, Mediterranean Garlic, Balsamic Garlic</p><p>$26.99 ($0.79 / Fl Oz)</p><a href="https://www.amazon.com/dp/B087S41Y1W?tag=eloabder-20&linkCode=osi&th=1&psc=1">View Product</a></div><div class="product"><a href="https://www.amazon.com/dp/B08CY8R7TF?tag=eloabder-20&linkCode=osi&th=1&psc=1"><img src="https://m.media-amazon.com/images/I/61pbDfsr-8L._SL500_.jpg" alt="Product Image"></a><p>Infused Extra Virgin Olive Oil Gift Box Set, First Cold Pressed, Variety Pack, 4 bottles x 8.5 fl.oz (250ml), Naturally Infused for Dipping & Tasting, (Gift Box Included), Chili, Garlic, Basil, Rosemary, BASSO1904</p><p>$35.99 ($1.06 / Fl Oz)</p><a href="https://www.amazon.com/dp/B08CY8R7TF?tag=eloabder-20&linkCode=osi&th=1&psc=1">View Product</a></div><div class="product"><a href="https://www.amazon.com/dp/B009HRQ47U?tag=eloabder-20&linkCode=osi&th=1&psc=1"><img src="https://m.media-amazon.com/images/I/41PaTko-dvL._SL500_.jpg" alt="Product Image"></a><p>TruffleHunter - English, Black & White Truffle Oil Set - 3.38 Oz x 3</p><p>$29.70 ($0.10 / Fl Oz)</p><a href="https://www.amazon.com/dp/B009HRQ47U?tag=eloabder-20&linkCode=osi&th=1&psc=1">View Product</a></div><div class="product"><a href="https://www.amazon.com/dp/B07ZZLZBF8?tag=eloabder-20&linkCode=osi&th=1&psc=1"><img src="https://m.media-amazon.com/images/I/51fpIYH949L._SL500_.jpg" alt="Product Image"></a><p>Viva Oliva Six 60ml (2oz) Variety Gift Set - Premium Flavored Extra Virgin Olive Oils (Tuscan Herb, Basil, Mushroom & Sage) and All Natural Balsamic Vinegars (18 Year Traditional, Grapefruit, Black Mission Fig)</p><p>$43.95 ($3.61 / Fl Oz)</p><a href="https://www.amazon.com/dp/B07ZZLZBF8?tag=eloabder-20&linkCode=osi&th=1&psc=1">View Product</a></div><div class="product"><a href="https://www.amazon.com/dp/B0B2LS1J8F?tag=eloabder-20&linkCode=osi&th=1&psc=1"><img src="https://m.media-amazon.com/images/I/41q4RRhEqPL._SL500_.jpg" alt="Product Image"></a><p>Infused Olive Oil Gift Sets - Organic Puglia Olive Oil Sampler Gift Set. Ideal for Italian Gifts and Edible Gift Baskets. Gourmet Olive Oil Gift Box of 5 x 3.45 Fl.Oz.</p><p>$53.80 ($3.16 / Fl Oz)</p><a href="https://www.amazon.com/dp/B0B2LS1J8F?tag=eloabder-20&linkCode=osi&th=1&psc=1">View Product</a></div><div class="product"><a href="https://www.amazon.com/dp/B08P967SSX?tag=eloabder-20&linkCode=osi&th=1&psc=1"><img src="https://m.media-amazon.com/images/I/51HyprLyr5L._SL500_.jpg" alt="Product Image"></a><p>Viva Oliva Four 60ml (2oz) Variety Gift Set - Premium Flavored Extra Virgin Olive Oils (Tuscan Herb & Basil) and All Natural Balsamic Vinegars (18 Year Traditional & Black Mission Fig)</p><p>$33.95 ($4.18 / Fl Oz)</p><a href="https://www.amazon.com/dp/B08P967SSX?tag=eloabder-20&linkCode=osi&th=1&psc=1">View Product</a></div><div class="product"><a href="https://www.amazon.com/dp/B0078DPMQY?tag=eloabder-20&linkCode=osi&th=1&psc=1"><img src="https://m.media-amazon.com/images/I/31qLwvo1tML._SL500_.jpg" alt="Product Image"></a><p>Benissimo Oil Roasted Garlic, 8.1 Ounces</p><p>$11.99 ($1.48 / Ounce)</p><a href="https://www.amazon.com/dp/B0078DPMQY?tag=eloabder-20&linkCode=osi&th=1&psc=1">View Product</a></div>
<div class="product"><a href="https://www.amazon.com/dp/B07MGKCV5Y?tag=eloabder-20&linkCode=osi&th=1&psc=1"><img src="https://m.media-amazon.com/images/I/31tE+o2DanL._SL500_.jpg" alt="Product Image"></a><p>Iberia All Natural Distilled White Vinegar, 1 Gallon - 5% Acidity</p><p>$12.99 ($0.10 / Fl Oz)</p><a href="https://www.amazon.com/dp/B07MGKCV5Y?tag=eloabder-20&linkCode=osi&th=1&psc=1">View Product</a></div><div class="product"><a href="https://www.amazon.com/dp/B07985NMQD?tag=eloabder-20&linkCode=osi&th=1&psc=1"><img src="https://m.media-amazon.com/images/I/41ElEDybjlL._SL500_.jpg" alt="Product Image"></a><p>Lucy's Family Owned - Natural Distilled White Vinegar, 1 Gallon (128 oz) - 5% Acidity (White Vinegar, 1 Gallon (128 fl oz.))</p><p>$17.99 ($0.14 / Fl Oz)</p><a href="https://www.amazon.com/dp/B07985NMQD?tag=eloabder-20&linkCode=osi&th=1&psc=1">View Product</a></div><div class="product"><a href="https://www.amazon.com/dp/B07F7MXPWD?tag=eloabder-20&linkCode=osi&th=1&psc=1"><img src="https://m.media-amazon.com/images/I/51GKn4NVqTL._SL500_.jpg" alt="Product Image"></a><p>Soeos Chinkiang Vinegar 16.9 fl oz (500ml), 3 Years Aged, Naturally Fermented, Mature Aged Black Vinegar, Chinese Black Vinegar, Zhenjiang Vinegar, Black Rice Vinegar, Black Vinegar Chinese.</p><p>$13.99 ($0.83 / Fl Oz)</p><a href="https://www.amazon.com/dp/B07F7MXPWD?tag=eloabder-20&linkCode=osi&th=1&psc=1">View Product</a></div><div class="product"><a href="https://www.amazon.com/dp/B001I7MVG0?tag=eloabder-20&linkCode=osi&th=1&psc=1"><img src="https://m.media-amazon.com/images/I/41HHUOECW2L._SL500_.jpg" alt="Product Image"></a><p>Bragg Organic Raw Apple Cider Vinegar, 32 Ounce - 1 Pack</p><p>$5.99 ($0.19 / Fl Oz)</p><a href="https://www.amazon.com/dp/B001I7MVG0?tag=eloabder-20&linkCode=osi&th=1&psc=1">View Product</a></div><div class="product"><a href="https://www.amazon.com/dp/B07W9HX3MV?tag=eloabder-20&linkCode=osi&th=1&psc=1"><img src="https://m.media-amazon.com/images/I/413FdgpxYrL._SL500_.jpg" alt="Product Image"></a><p>Calyptus 45% Pure Super Concentrated Vinegar | Dilutes to 9 Gallons | 9x Power Concentrate Vinegar | 1 Gallon</p><p>$26.99 ($0.21 / Fl Oz)</p><a href="https://www.amazon.com/dp/B07W9HX3MV?tag=eloabder-20&linkCode=osi&th=1&psc=1">View Product</a></div><div class="product"><a href="https://www.amazon.com/dp/B0052BFNLS?tag=eloabder-20&linkCode=osi&th=1&psc=1"><img src="https://m.media-amazon.com/images/I/31Tfk-0-ybL._SL500_.jpg" alt="Product Image"></a><p>Pompeian Gourmet Red Wine Vinegar, Perfect for Salad Dressings, Marinades & Sauces, Naturally Gluten Free, 30 Ounce</p><p>$4.91 ($0.16 / Fl Oz)</p><a href="https://www.amazon.com/dp/B0052BFNLS?tag=eloabder-20&linkCode=osi&th=1&psc=1">View Product</a></div><div class="product"><a href="https://www.amazon.com/dp/B00AAL6W2Y?tag=eloabder-20&linkCode=osi&th=1&psc=1"><img src="https://m.media-amazon.com/images/I/51dfgVE7orL._SL500_.jpg" alt="Product Image"></a><p>Mantova Organic Flavored Balsamic Vinegar of Modena 4-Variety Pack: Fig, Pear, Pomegranate, & Raspberry; Perfect for Gift Basket, Add to Pasta, Salad, Ice Cream and Cocktails, 8.5 oz per bottle</p><p>$27.99 ($0.82 / Fl Oz)</p><a href="https://www.amazon.com/dp/B00AAL6W2Y?tag=eloabder-20&linkCode=osi&th=1&psc=1">View Product</a></div><div class="product"><a href="https://www.amazon.com/dp/B0BGYTGT7X?tag=eloabder-20&linkCode=osi&th=1&psc=1"><img src="https://m.media-amazon.com/images/I/41huHEExA1L._SL500_.jpg" alt="Product Image"></a><p>Bragg Organic Apple Cider Vinegar With the Mother– Raw, Unfiltered All Natural Ingredients (64 Fl Oz (Pack of 1))</p><p>$13.68 ($0.21 / Fl Oz)</p><a href="https://www.amazon.com/dp/B0BGYTGT7X?tag=eloabder-20&linkCode=osi&th=1&psc=1">View Product</a></div><div class="product"><a href="https://www.amazon.com/dp/B08TZY2TZ8?tag=eloabder-20&linkCode=osi&th=1&psc=1"><img src="https://m.media-amazon.com/images/I/41YwKPQA9rL._SL500_.jpg" alt="Product Image"></a><p>Due Vittorie Oro Gold Balsamic Vinegar of Modena. Highest score from The Consortium of Modena With Cork Pourer - 8.45fl oz / 250ml</p><p>$17.00 ($2.01 / Fl Oz)</p><a href="https://www.amazon.com/dp/B08TZY2TZ8?tag=eloabder-20&linkCode=osi&th=1&psc=1">View Product</a></div>
<div class="product"><a href="https://www.amazon.com/dp/B07HMJWCNL?tag=eloabder-20&linkCode=osi&th=1&psc=1"><img src="https://m.media-amazon.com/images/I/51ayBrtgPUL._SL500_.jpg" alt="Product Image"></a><p>TRUFF Original Black Truffle Hot Sauce, Gourmet Hot Sauce with Ripe Chili Peppers, Black Truffle Oil, Agave Nectar, Unique Flavor Experience in a Bottle, 6 oz.</p><p>$14.99</p><a href="https://www.amazon.com/dp/B07HMJWCNL?tag=eloabder-20&linkCode=osi&th=1&psc=1">View Product</a></div><div class="product"><a href="https://www.amazon.com/dp/B083QT1TPX?tag=eloabder-20&linkCode=osi&th=1&psc=1"><img src="https://m.media-amazon.com/images/I/41mYuAlAFNL._SL500_.jpg" alt="Product Image"></a><p>TRUFF Hot Sauce Variety Pack, Gourmet Hot Sauce Set of Original, Hotter and Limited White Edition, Unique Flavor Experiences with Truffle, 3-Bottle Bundle, 3ct 6oz bottles</p><p>$67.99 ($3.78 / Ounce)</p><a href="https://www.amazon.com/dp/B083QT1TPX?tag=eloabder-20&linkCode=osi&th=1&psc=1">View Product</a></div><div class="product"><a href="https://www.amazon.com/dp/B0BV19S7TR?tag=eloabder-20&linkCode=osi&th=1&psc=1"><img src="https://m.media-amazon.com/images/I/51iGXyqK-pL._SL500_.jpg" alt="Product Image"></a><p>Le Sauce & Co., White Wine Lemon Garlic Gourmet Finishing Sauce (2-pack), Steakhouse Quality Gourmet Sauce, Lemon Sauce, Garlic Sauce, White Wine Sauce, Steak Sauce, Chicken sauce, Lemon Sauce, Cream Sauce,</p><p>$13.94 ($1.55 / Ounce)</p><a href="https://www.amazon.com/dp/B0BV19S7TR?tag=eloabder-20&linkCode=osi&th=1&psc=1">View Product</a></div><div class="product"><a href="https://www.amazon.com/dp/B078JBZBW5?tag=eloabder-20&linkCode=osi&th=1&psc=1"><img src="https://m.media-amazon.com/images/I/51J1qgzr8uL._SL500_.jpg" alt="Product Image"></a><p>Melinda’s Hot Sauce Variety Pack - Extra Spicy Gourmet Hot Sauce Gift Set with Variety of Heat Levels - Includes XXXXtra Reserve, Garlic Habanero, Extra Hot, Mango, Ghost Pepper- 5 oz, 5 Pack</p><p>$21.99 ($0.88 / Fl Oz)</p><a href="https://www.amazon.com/dp/B078JBZBW5?tag=eloabder-20&linkCode=osi&th=1&psc=1">View Product</a></div><div class="product"><a href="https://www.amazon.com/dp/B0BL864XMH?tag=eloabder-20&linkCode=osi&th=1&psc=1"><img src="https://m.media-amazon.com/images/I/51+63Ag8ApL._SL500_.jpg" alt="Product Image"></a><p>Dave's Gourmet Creamy Hot Sauce Variety 4-Pack - Moderate Heat for Flavoring Your Favorite Food</p><p>$30.99 ($0.97 / Ounce)</p><a href="https://www.amazon.com/dp/B0BL864XMH?tag=eloabder-20&linkCode=osi&th=1&psc=1">View Product</a></div>
<div class="product"><a href="https://www.amazon.com/dp/B07WT6GP2F?tag=eloabder-20&linkCode=osi&th=1&psc=1"><img src="https://m.media-amazon.com/images/I/41mEgBeglEL._SL500_.jpg" alt="Product Image"></a><p>Lindt Mini Pralines, Assorted Chocolate Pralines with Premium Filling, Great for gift giving, 6.2 oz Box</p><p>$16.49 ($2.66 / Ounce)</p><a href="https://www.amazon.com/dp/B07WT6GP2F?tag=eloabder-20&linkCode=osi&th=1&psc=1">View Product</a></div><div class="product"><a href="https://www.amazon.com/dp/B01BDI89SW?tag=eloabder-20&linkCode=osi&th=1&psc=1"><img src="https://m.media-amazon.com/images/I/61w5wYyxzKL._SL500_.jpg" alt="Product Image"></a><p>Ferrero Collection, 24 Count, Premium Gourmet Assorted Hazelnut Milk Chocolate, Dark Chocolate and Coconut, 9.1 oz</p><p>$11.97 ($1.32 / Ounce)</p><a href="https://www.amazon.com/dp/B01BDI89SW?tag=eloabder-20&linkCode=osi&th=1&psc=1">View Product</a></div><div class="product"><a href="https://www.amazon.com/dp/B0BHTWFQ5X?tag=eloabder-20&linkCode=osi&th=1&psc=1"><img src="https://m.media-amazon.com/images/I/41K-mIm1WNL._SL500_.jpg" alt="Product Image"></a><p>Lindt LINDOR Assorted Chocolate Truffles 90 Count Gift Box, Chocolate Candy with Smooth, Melting Truffle Center, 38.4 oz. Box</p><p>$33.95 ($0.88 / Ounce)</p><a href="https://www.amazon.com/dp/B0BHTWFQ5X?tag=eloabder-20&linkCode=osi&th=1&psc=1">View Product</a></div><div class="product"><a href="https://www.amazon.com/dp/B00UXI3PLU?tag=eloabder-20&linkCode=osi&th=1&psc=1"><img src="https://m.media-amazon.com/images/I/41Jw-Ek4+CL._SL500_.jpg" alt="Product Image"></a><p>Lindt LINDOR Milk Chocolate Candy Truffles, Milk Chocolate with Melting Truffle Center, 15.2 oz. Bag</p><p>$12.18 ($0.80 / Ounce)</p><a href="https://www.amazon.com/dp/B00UXI3PLU?tag=eloabder-20&linkCode=osi&th=1&psc=1">View Product</a></div>
<div class="product"><a href="https://www.amazon.com/dp/B000SDKDM4?tag=eloabder-20&linkCode=osi&th=1&psc=1"><img src="https://m.media-amazon.com/images/I/41L+oJp7MmL._SL500_.jpg" alt="Product Image"></a><p>Lavazza Super Crema Whole Bean Coffee Blend, light-Medium Espresso Roast, 2.2 Pound (Pack of 1) ,Premium Quality, Aromatic, Mild and creamy</p><p>$18.49 ($0.53 / Ounce)</p><a href="https://www.amazon.com/dp/B000SDKDM4?tag=eloabder-20&linkCode=osi&th=1&psc=1">View Product</a></div><div class="product"><a href="https://www.amazon.com/dp/B0721BGRS9?tag=eloabder-20&linkCode=osi&th=1&psc=1"><img src="https://m.media-amazon.com/images/I/41tHHVMfguL._SL500_.jpg" alt="Product Image"></a><p>Amazon Fresh, Dark Roast, Whole Bean Coffee, 32 Oz</p><p>$19.18 ($0.60 / Ounce)</p><a href="https://www.amazon.com/dp/B0721BGRS9?tag=eloabder-20&linkCode=osi&th=1&psc=1">View Product</a></div><div class="product"><a href="https://www.amazon.com/dp/B003GV7JFE?tag=eloabder-20&linkCode=osi&th=1&psc=1"><img src="https://m.media-amazon.com/images/I/41IKY6hLa9L._SL500_.jpg" alt="Product Image"></a><p>Eight O'Clock Coffee Whole Bean, The Original, 42 Ounce</p><p>$13.98</p><a href="https://www.amazon.com/dp/B003GV7JFE?tag=eloabder-20&linkCode=osi&th=1&psc=1">View Product</a></div><div class="product"><a href="https://www.amazon.com/dp/B07171HMF5?tag=eloabder-20&linkCode=osi&th=1&psc=1"><img src="https://m.media-amazon.com/images/I/41EBDHFVYVL._SL500_.jpg" alt="Product Image"></a><p>Mt. Comfort Coffee Organic Peru Medium Roast, 2.5 Pounds - Flavor Notes of Nutty, Chocolate, & Citrus - Sourced From Small, Peruvian Coffee Farms - Roasted Whole Beans</p><p>$23.19 ($0.58 / Ounce)</p><a href="https://www.amazon.com/dp/B07171HMF5?tag=eloabder-20&linkCode=osi&th=1&psc=1">View Product</a></div><div class="product"><a href="https://www.amazon.com/dp/B006Y7WAHE?tag=eloabder-20&linkCode=osi&th=1&psc=1"><img src="https://m.media-amazon.com/images/I/31VxnI1AuQL._SL500_.jpg" alt="Product Image"></a><p>Cameron's Coffee Roasted Whole Bean Coffee, Breakfast Blend, 32 Ounce, (Pack of 1)</p><p>$10.98 ($0.34 / Ounce)</p><a href="https://www.amazon.com/dp/B006Y7WAHE?tag=eloabder-20&linkCode=osi&th=1&psc=1">View Product</a></div><div class="product"><a href="https://www.amazon.com/dp/B0002E2GQU?tag=eloabder-20&linkCode=osi&th=1&psc=1"><img src="https://m.media-amazon.com/images/I/41f+StbrprL._SL500_.jpg" alt="Product Image"></a><p>Lavazza Crema E Aroma Whole Bean Coffee Blend, 2.2-Pound Bag , Balanced medium roast with an intense, earthy flavor and long lasting crema, Non-GMO</p><p>$17.99 ($0.51 / Ounce)</p><a href="https://www.amazon.com/dp/B0002E2GQU?tag=eloabder-20&linkCode=osi&th=1&psc=1">View Product</a></div><div class="product"><a href="https://www.amazon.com/dp/B005OJ4X32?tag=eloabder-20&linkCode=osi&th=1&psc=1"><img src="https://m.media-amazon.com/images/I/31GzxEGJ-1L._SL500_.jpg" alt="Product Image"></a><p>Lavazza Espresso Barista Gran Crema Whole Bean Coffee Blend, Medium Espresso Roast, Oz Bag (Packaging May Vary) - 2.2 LB, 35.2 Ounce</p><p>$17.99 ($0.51 / Ounce)</p><a href="https://www.amazon.com/dp/B005OJ4X32?tag=eloabder-20&linkCode=osi&th=1&psc=1">View Product</a></div><div class="product"><a href="https://www.amazon.com/dp/B003YVRX5W?tag=eloabder-20&linkCode=osi&th=1&psc=1"><img src="https://m.media-amazon.com/images/I/41Ioxmr1WhL._SL500_.jpg" alt="Product Image"></a><p>Tim Hortons Whole Bean Original, Medium Roast Coffee, Made with 100% Arabica Beans, 32 Ounce Bag</p><p>$15.68 ($0.49 / Ounce)</p><a href="https://www.amazon.com/dp/B003YVRX5W?tag=eloabder-20&linkCode=osi&th=1&psc=1">View Product</a></div><div class="product"><a href="https://www.amazon.com/dp/B016RY0LWO?tag=eloabder-20&linkCode=osi&th=1&psc=1"><img src="https://m.media-amazon.com/images/I/41I6lHKpWrL._SL500_.jpg" alt="Product Image"></a><p>Lavazza Espresso Italiano Whole Bean Coffee Blend, Medium Roast,Premium Quality Arabic, 2.2 Pound (Pack of 1) (Packaging may vary)</p><p>$14.98 ($0.43 / Ounce)</p><a href="https://www.amazon.com/dp/B016RY0LWO?tag=eloabder-20&linkCode=osi&th=1&psc=1">View Product</a></div>
<div class="product"><a href="https://www.amazon.com/dp/B09ZMVM3XJ?tag=eloabder-20&linkCode=osi&th=1&psc=1"><img src="https://m.media-amazon.com/images/I/51IRO3xhEKL._SL500_.jpg" alt="Product Image"></a><p>Gardenika Organic Loose Leaf Tea Sampler – 8 Pack, 1 LB – Herbal and Naturally Caffeine-Free Set - Ayurvedic Assortment Blend</p><p>$29.95 ($29.95 / Count)</p><a href="https://www.amazon.com/dp/B09ZMVM3XJ?tag=eloabder-20&linkCode=osi&th=1&psc=1">View Product</a></div><div class="product"><a href="https://www.amazon.com/dp/B0CVTGJHK9?tag=eloabder-20&linkCode=osi&th=1&psc=1"><img src="https://m.media-amazon.com/images/I/51J-jqFqytL._SL500_.jpg" alt="Product Image"></a><p>Lyon DIY Tea Blending Set-16 Tin Variety Pack-Premium Herbal Tea & Exotic Floral/Fruit Flavor Infusers - Create 75+ Cups w/Assorted Teas, Oolong, Chamomile, Rose, Peach & More</p><p>$44.95 ($6.25 / Ounce)</p><a href="https://www.amazon.com/dp/B0CVTGJHK9?tag=eloabder-20&linkCode=osi&th=1&psc=1">View Product</a></div><div class="product"><a href="https://www.amazon.com/dp/B01AJBV0US?tag=eloabder-20&linkCode=osi&th=1&psc=1"><img src="https://m.media-amazon.com/images/I/516u5DAm7GL._SL500_.jpg" alt="Product Image"></a><p>Tiesta Tea - Lavender Chamomile | Soft Chamomile Herbal Tea | Premium Loose Leaf Tea Blend | Non Caffeinated Herbal Tea | Make Hot or Iced Tea & Brews Up to 25 Cups - 0.9 Ounce Resealable Pouch</p><p>$4.99 ($5.54 / Ounce)</p><a href="https://www.amazon.com/dp/B01AJBV0US?tag=eloabder-20&linkCode=osi&th=1&psc=1">View Product</a></div><div class="product"><a href="https://www.amazon.com/dp/B08VF85JJF?tag=eloabder-20&linkCode=osi&th=1&psc=1"><img src="https://m.media-amazon.com/images/I/517Ac4bB6FL._SL500_.jpg" alt="Product Image"></a><p>Tiesta Tea Top 8 Favorites Sampler Set, Up to 80 Cups, High to No Caffeine, Hot & Iced Tea, Loose Leaf Tea Variety Pack with Green, Herbal, Black & Chai Tea, 8 Sample Pouches</p><p>$22.95 ($3.59 / Ounce)</p><a href="https://www.amazon.com/dp/B08VF85JJF?tag=eloabder-20&linkCode=osi&th=1&psc=1">View Product</a></div><div class="product"><a href="https://www.amazon.com/dp/B08MWDTNTZ?tag=eloabder-20&linkCode=osi&th=1&psc=1"><img src="https://m.media-amazon.com/images/I/51M1TNYBU7L._SL500_.jpg" alt="Product Image"></a><p>Tetley British Blend Premium Black Tea, 320 Tea Bags, Rainforest Alliance Certified, 320 Count (Pack of 1)</p><p>$15.92 ($0.05 / Count)</p><a href="https://www.amazon.com/dp/B08MWDTNTZ?tag=eloabder-20&linkCode=osi&th=1&psc=1">View Product</a></div><div class="product"><a href="https://www.amazon.com/dp/B086R8PDZV?tag=eloabder-20&linkCode=osi&th=1&psc=1"><img src="https://m.media-amazon.com/images/I/41nHau5YdVL._SL500_.jpg" alt="Product Image"></a><p>Buddha Teas - Organic Mushroom Wellness Blend - Herbal Tea - For Health & Wellbeing - With Antioxidants & Minerals - Clean Ingredients - Caffeine Free - OU Kosher & Non-GMO - 18 Tea Bags (Pack of 1).</p><p>$8.25 ($0.46 / Count)</p><a href="https://www.amazon.com/dp/B086R8PDZV?tag=eloabder-20&linkCode=osi&th=1&psc=1">View Product</a></div><div class="product"><a href="https://www.amazon.com/dp/B07CGW59KH?tag=eloabder-20&linkCode=osi&th=1&psc=1"><img src="https://m.media-amazon.com/images/I/611h06lvlUL._SL500_.jpg" alt="Product Image"></a><p>Loose Leaf Tea Sampler Create Your Own Tea Blend Starter Kit w/Sencha, Rooibos, China Black, & Ginger, Lavender, Rose, Lemongrass, Hibiscus Spices</p><p>$29.99</p><a href="https://www.amazon.com/dp/B07CGW59KH?tag=eloabder-20&linkCode=osi&th=1&psc=1">View Product</a></div><div class="product"><a href="https://www.amazon.com/dp/B0CT8JGNB8?tag=eloabder-20&linkCode=osi&th=1&psc=1"><img src="https://m.media-amazon.com/images/I/411PWQNU6BL._SL500_.jpg" alt="Product Image"></a><p>120 Premium Turmeric, Ginger, Cinnamon Blend Tea Bags, 100% Natural & No Additives & Caffeine Free.</p><p>$14.95 ($0.12 / Count)</p><a href="https://www.amazon.com/dp/B0CT8JGNB8?tag=eloabder-20&linkCode=osi&th=1&psc=1">View Product</a></div><div class="product"><a href="https://www.amazon.com/dp/B00OS96DVY?tag=eloabder-20&linkCode=osi&th=1&psc=1"><img src="https://m.media-amazon.com/images/I/51-sK6ajnML._SL500_.jpg" alt="Product Image"></a><p>Harney & Sons Tower of London Black Tea with Vanilla, Black Currant, Caramel, and Honey | 30 sachets, Historic Royal Palaces Collection</p><p>$10.33 ($3.90 / Ounce)</p><a href="https://www.amazon.com/dp/B00OS96DVY?tag=eloabder-20&linkCode=osi&th=1&psc=1">View Product</a></div><div class="product"><a href="https://www.amazon.com/dp/B0BHYBHVJ6?tag=eloabder-20&linkCode=osi&th=1&psc=1"><img src="https://m.media-amazon.com/images/I/51F9trJcmdL._SL500_.jpg" alt="Product Image"></a><p>Organic Sleep Blend Herbal Tea - 50 Packets - Natural Chamomile, Peppermint, Fennel And Tulsi Teabags - USDA Certified 100% Non-GMO - Decaffeinated Designer Gift Tin</p><p>$8.69 ($0.17 / Count)</p><a href="https://www.amazon.com/dp/B0BHYBHVJ6?tag=eloabder-20&linkCode=osi&th=1&psc=1">View Product</a></div>
<div class="product"><a href="https://www.amazon.com/dp/B0BVXD8CX3?tag=eloabder-20&linkCode=osi&th=1&psc=1"><img src="https://m.media-amazon.com/images/I/51hkEiL7c8L._SL500_.jpg" alt="Product Image"></a><p>Simply Organic Herbs, Spices and Seasonings Assorted Variety Sampler Gift Set - By Veher (24-Pack)</p><p>$142.95 ($5.96 / Ounce)</p><a href="https://www.amazon.com/dp/B0BVXD8CX3?tag=eloabder-20&linkCode=osi&th=1&psc=1">View Product</a></div><div class="product"><a href="https://www.amazon.com/dp/B094WXH3KP?tag=eloabder-20&linkCode=osi&th=1&psc=1"><img src="https://m.media-amazon.com/images/I/51mqUk3dM1L._SL500_.jpg" alt="Product Image"></a><p>eonou Encore Seasonings and Spices 10 pk - Premium Cooking Spices and Herbs (Oregano, Rosemary, Basil, Parsley, Italian Seasoning, Cumin, Steak Spice, Chopped Onion, Onion Powder, Thyme)</p><p>$19.99 ($2.00 / Count)</p><a href="https://www.amazon.com/dp/B094WXH3KP?tag=eloabder-20&linkCode=osi&th=1&psc=1">View Product</a></div><div class="product"><a href="https://www.amazon.com/dp/B072N9BLHS?tag=eloabder-20&linkCode=osi&th=1&psc=1"><img src="https://m.media-amazon.com/images/I/519zkN7EgWL._SL500_.jpg" alt="Product Image"></a><p>The Spice Way Herbes De Provence - | 4oz | fresh herbs and spice seasoning</p><p>$6.99 ($1.75 / Ounce)</p><a href="https://www.amazon.com/dp/B072N9BLHS?tag=eloabder-20&linkCode=osi&th=1&psc=1">View Product</a></div><div class="product"><a href="https://www.amazon.com/dp/B0761Z81ZK?tag=eloabder-20&linkCode=osi&th=1&psc=1"><img src="https://m.media-amazon.com/images/I/51tYgb8ntBL._SL500_.jpg" alt="Product Image"></a><p>McCormick Grill Mates Roasted Garlic & Herb Seasoning, 9.25 oz</p><p>$7.43 ($0.80 / Ounce)</p><a href="https://www.amazon.com/dp/B0761Z81ZK?tag=eloabder-20&linkCode=osi&th=1&psc=1">View Product</a></div><div class="product"><a href="https://www.amazon.com/dp/B00CQ7K9J2?tag=eloabder-20&linkCode=osi&th=1&psc=1"><img src="https://m.media-amazon.com/images/I/317BBm1p-TL._SL500_.jpg" alt="Product Image"></a><p>Bragg Sprinkle Herbs and Spices - Salt Free Seasoning, 1.5oz, Single</p><p>$6.99 ($4.66 / Ounce)</p><a href="https://www.amazon.com/dp/B00CQ7K9J2?tag=eloabder-20&linkCode=osi&th=1&psc=1">View Product</a></div><div class="product"><a href="https://www.amazon.com/dp/B003H2S2KI?tag=eloabder-20&linkCode=osi&th=1&psc=1"><img src="https://m.media-amazon.com/images/I/41mr0wk+3mL._SL500_.jpg" alt="Product Image"></a><p>Badia Herbs De Provence, 8 Ounces</p><p>$6.26 ($0.78 / Ounce)</p><a href="https://www.amazon.com/dp/B003H2S2KI?tag=eloabder-20&linkCode=osi&th=1&psc=1">View Product</a></div><div class="product"><a href="https://www.amazon.com/dp/B0BQ4VRJBL?tag=eloabder-20&linkCode=osi&th=1&psc=1"><img src="https://m.media-amazon.com/images/I/41ZxLNNd8mL._SL500_.jpg" alt="Product Image"></a><p>Weber Roasted Garlic & Herb Seasoning, 5.5 Ounce Shaker</p><p>$2.82 ($0.51 / Ounce)</p><a href="https://www.amazon.com/dp/B0BQ4VRJBL?tag=eloabder-20&linkCode=osi&th=1&psc=1">View Product</a></div><div class="product"><a href="https://www.amazon.com/dp/B08KRC7V7J?tag=eloabder-20&linkCode=osi&th=1&psc=1"><img src="https://m.media-amazon.com/images/I/4170CYnZ9WL._SL500_.jpg" alt="Product Image"></a><p>McCormick Salt Free Garlic and Herb Seasoning, 4.37 oz</p><p>$4.68 ($1.07 / Ounce)</p><a href="https://www.amazon.com/dp/B08KRC7V7J?tag=eloabder-20&linkCode=osi&th=1&psc=1">View Product</a></div><div class="product"><a href="https://www.amazon.com/dp/B00IX4WUTY?tag=eloabder-20&linkCode=osi&th=1&psc=1"><img src="https://m.media-amazon.com/images/I/51TAH1ijkqS._SL500_.jpg" alt="Product Image"></a><p>Bragg Sprinkle Herbs and Spices Seasoning, 1.5oz, 3 Pack</p><p>$20.27 ($13.51 / Ounce)</p><a href="https://www.amazon.com/dp/B00IX4WUTY?tag=eloabder-20&linkCode=osi&th=1&psc=1">View Product</a></div>
<div class="product"><a href="https://www.amazon.com/dp/B0BWSKYV63?tag=eloabder-20&linkCode=osi&th=1&psc=1"><img src="https://m.media-amazon.com/images/I/51Q5Je2yRhL._SL500_.jpg" alt="Product Image"></a><p>Welch's Fruit Snacks, Mixed Fruit, Perfect Easter Basket Stuffers, Gluten Free, Bulk Pack, Individual Single Serve Bags, 0.8 oz (Pack of 40)</p><p>$7.99 ($0.25 / Ounce)</p><a href="https://www.amazon.com/dp/B0BWSKYV63?tag=eloabder-20&linkCode=osi&th=1&psc=1">View Product</a></div><div class="product"><a href="https://www.amazon.com/dp/B08826B2XL?tag=eloabder-20&linkCode=osi&th=1&psc=1"><img src="https://m.media-amazon.com/images/I/61DT5pSYXFL._SL500_.jpg" alt="Product Image"></a><p>Frito Lay Ultimate Classic Snacks Package, Variety Assortment of Chips, Cookies, Crackers, & Nuts, (Pack of 40) (Packaging May Vary)</p><p>$26.91</p><a href="https://www.amazon.com/dp/B08826B2XL?tag=eloabder-20&linkCode=osi&th=1&psc=1">View Product</a></div><div class="product"><a href="https://www.amazon.com/dp/B013OY25GA?tag=eloabder-20&linkCode=osi&th=1&psc=1"><img src="https://m.media-amazon.com/images/I/51FlSjX95aL._SL500_.jpg" alt="Product Image"></a><p>Snack Pack Chocolate and Vanilla Flavored Pudding Cups Family Pack, 12 Count Pudding Cups (6 Pack)</p><p>$3.27 ($0.01 / Ounce)</p><a href="https://www.amazon.com/dp/B013OY25GA?tag=eloabder-20&linkCode=osi&th=1&psc=1">View Product</a></div><div class="product"><a href="https://www.amazon.com/dp/B0BWSLB73Z?tag=eloabder-20&linkCode=osi&th=1&psc=1"><img src="https://m.media-amazon.com/images/I/51RWXG4OG6L._SL500_.jpg" alt="Product Image"></a><p>Welch's Fruit Snacks, Fruit Punch & Island Fruits Variety Pack, Perfect for School Lunches, Gluten Free, Bulk Pack, 0.8 oz Individual Single Serve Bags (Pack of 40)</p><p>$8.49 ($0.21 / Count)</p><a href="https://www.amazon.com/dp/B0BWSLB73Z?tag=eloabder-20&linkCode=osi&th=1&psc=1">View Product</a></div><div class="product"><a href="https://www.amazon.com/dp/B09FFXR2VV?tag=eloabder-20&linkCode=osi&th=1&psc=1"><img src="https://m.media-amazon.com/images/I/51SZiftXwcL._SL500_.jpg" alt="Product Image"></a><p>The Only Bean Crunchy Dry Roasted Edamame Snacks (Sea Salt), Keto Snack Food, High Protein (11g) Healthy Snacks, Low Carb Gluten Free Office Vegan Food 100 Calorie Snack Pack, 0.9oz 10 Pack</p><p>$12.72 ($1.41 / Ounce)</p><a href="https://www.amazon.com/dp/B09FFXR2VV?tag=eloabder-20&linkCode=osi&th=1&psc=1">View Product</a></div><div class="product"><a href="https://www.amazon.com/dp/B072151Q32?tag=eloabder-20&linkCode=osi&th=1&psc=1"><img src="https://m.media-amazon.com/images/I/41Rlgfdz90L._SL500_.jpg" alt="Product Image"></a><p>Dole Fruit Bowls No Sugar Added Variety Pack Snacks, Peaches, Mandarin Oranges & Cherry Mixed Fruit, 4oz 12 Cups, Gluten & Dairy Free, Bulk Lunch Snacks for Kids & Adults</p><p>$6.74 ($0.56 / Count)</p><a href="https://www.amazon.com/dp/B072151Q32?tag=eloabder-20&linkCode=osi&th=1&psc=1">View Product</a></div><div class="product"><a href="https://www.amazon.com/dp/B084RDDFGR?tag=eloabder-20&linkCode=osi&th=1&psc=1"><img src="https://m.media-amazon.com/images/I/41eLMpoHGkL._SL500_.jpg" alt="Product Image"></a><p>Kellogg's Rice Krispies Treats, Crispy Marshmallow Squares, Original, School Lunch Snack, 41.9oz Case (54 Count)</p><p>$13.49 ($0.32 / Ounce)</p><a href="https://www.amazon.com/dp/B084RDDFGR?tag=eloabder-20&linkCode=osi&th=1&psc=1">View Product</a></div><div class="product"><a href="https://www.amazon.com/dp/B00G2XNSWQ?tag=eloabder-20&linkCode=osi&th=1&psc=1"><img src="https://m.media-amazon.com/images/I/411XH1pQP8L._SL500_.jpg" alt="Product Image"></a><p>Nutella & GO! Bulk 12 Pack, Hazelnut and Cocoa Spread with Breadsticks, Snack Cups for Kids, 1.8 oz Each</p><p>$11.99 ($0.56 / Ounce)</p><a href="https://www.amazon.com/dp/B00G2XNSWQ?tag=eloabder-20&linkCode=osi&th=1&psc=1">View Product</a></div><div class="product"><a href="https://www.amazon.com/dp/B00KR7PKTC?tag=eloabder-20&linkCode=osi&th=1&psc=1"><img src="https://m.media-amazon.com/images/I/414UW7g-s5L._SL500_.jpg" alt="Product Image"></a><p>Cheez-It Cheese Crackers, Baked Snack Crackers, Lunch Snacks, Variety Pack, 12.1oz Box (12 Packs)</p><p>$5.82 ($0.48 / Ounce)</p><a href="https://www.amazon.com/dp/B00KR7PKTC?tag=eloabder-20&linkCode=osi&th=1&psc=1">View Product</a></div><div class="product"><a href="https://www.amazon.com/dp/B078D7MGY5?tag=eloabder-20&linkCode=osi&th=1&psc=1"><img src="https://m.media-amazon.com/images/I/41ttxloA1AL._SL500_.jpg" alt="Product Image"></a><p>Pringles Potato Crisps Chips, Lunch Snacks, On-the-Go Snacks, Snack Stacks, Variety Pack, 19.3oz Box (27 Cups)</p><p>$12.99 ($0.67 / Ounce)</p><a href="https://www.amazon.com/dp/B078D7MGY5?tag=eloabder-20&linkCode=osi&th=1&psc=1">View Product</a></div>
<div class="product"><a href="https://www.amazon.com/dp/B0C5YLP6PC?tag=eloabder-20&linkCode=osi&th=1&psc=1"><img src="https://m.media-amazon.com/images/I/41Ru-8CxkhL._SL500_.jpg" alt="Product Image"></a><p>3 Pack, Gluten Free Potato Gnocchi, Cooks in 2-3 minutes, (3 x 1 lb), Italian Gnocchi, Product of Italy, NON GMO, Eggs Free, Vegan, by L'Oro Del Sud</p><p>$17.99 ($1.12 / Ounce)</p><a href="https://www.amazon.com/dp/B0C5YLP6PC?tag=eloabder-20&linkCode=osi&th=1&psc=1">View Product</a></div><div class="product"><a href="https://www.amazon.com/dp/B09Q98H64R?tag=eloabder-20&linkCode=osi&th=1&psc=1"><img src="https://m.media-amazon.com/images/I/5101NV4WQOL._SL500_.jpg" alt="Product Image"></a><p>Kraft Gluten Free Original Mac & Cheese Macaroni and Cheese Dinner, 4 ct Pack, 1.9 oz Cups</p><p>$6.49 ($0.85 / Ounce)</p><a href="https://www.amazon.com/dp/B09Q98H64R?tag=eloabder-20&linkCode=osi&th=1&psc=1">View Product</a></div><div class="product"><a href="https://www.amazon.com/dp/B0BRBWXDTK?tag=eloabder-20&linkCode=osi&th=1&psc=1"><img src="https://m.media-amazon.com/images/I/41Di2iNnMJL._SL500_.jpg" alt="Product Image"></a><p>Katz Gluten Free Oatmeal Crème Pies| Dairy Free, Nut Free, Soy Free, Gluten Free | Kosher (1 Pack 6.3 Ounce)</p><p>$12.99 ($2.16 / Ounce)</p><a href="https://www.amazon.com/dp/B0BRBWXDTK?tag=eloabder-20&linkCode=osi&th=1&psc=1">View Product</a></div><div class="product"><a href="https://www.amazon.com/dp/B01JJ9H1Q8?tag=eloabder-20&linkCode=osi&th=1&psc=1"><img src="https://m.media-amazon.com/images/I/41EC1yykptL._SL500_.jpg" alt="Product Image"></a><p>King Arthur, Measure for Measure Flour, Certified Gluten-Free, Non-GMO Project Verified, Certified Kosher, 3 Pounds, Packaging May Vary</p><p>$8.62 ($0.18 / Ounce)</p><a href="https://www.amazon.com/dp/B01JJ9H1Q8?tag=eloabder-20&linkCode=osi&th=1&psc=1">View Product</a></div><div class="product"><a href="https://www.amazon.com/dp/B07CL1SRNB?tag=eloabder-20&linkCode=osi&th=1&psc=1"><img src="https://m.media-amazon.com/images/I/51jpv3MCzgL._SL500_.jpg" alt="Product Image"></a><p>Snyder's of Hanover, Gluten Free Pretzels, 8 Oz</p><p>$4.89 ($0.61 / Ounce)</p><a href="https://www.amazon.com/dp/B07CL1SRNB?tag=eloabder-20&linkCode=osi&th=1&psc=1">View Product</a></div><div class="product"><a href="https://www.amazon.com/dp/B004TSXNIA?tag=eloabder-20&linkCode=osi&th=1&psc=1"><img src="https://m.media-amazon.com/images/I/5137tUox+SL._SL500_.jpg" alt="Product Image"></a><p>Annie's Gluten Free Cocoa and Vanilla Bunny Cookies, 6.75 oz</p><p>$4.22 ($0.62 / Ounce)</p><a href="https://www.amazon.com/dp/B004TSXNIA?tag=eloabder-20&linkCode=osi&th=1&psc=1">View Product</a></div><div class="product"><a href="https://www.amazon.com/dp/B00GI9B84O?tag=eloabder-20&linkCode=osi&th=1&psc=1"><img src="https://m.media-amazon.com/images/I/41e7kO-b3WS._SL500_.jpg" alt="Product Image"></a><p>Mom's Place Gluten Free Beef Stroganoff Mix</p><p>$5.99 ($5.99 / Count)</p><a href="https://www.amazon.com/dp/B00GI9B84O?tag=eloabder-20&linkCode=osi&th=1&psc=1">View Product</a></div><div class="product"><a href="https://www.amazon.com/dp/B0BXQWVL1Q?tag=eloabder-20&linkCode=osi&th=1&psc=1"><img src="https://m.media-amazon.com/images/I/413idrGl7fL._SL500_.jpg" alt="Product Image"></a><p>Simple Mills Almond Flour Snack Bars (Chocolate Brownie) with Organic Coconut Oil, Chia Seeds, Sunflower Seeds, and Flax Seeds, 6oz, 1 Count</p><p>$4.50 ($0.75 / Ounce)</p><a href="https://www.amazon.com/dp/B0BXQWVL1Q?tag=eloabder-20&linkCode=osi&th=1&psc=1">View Product</a></div><div class="product"><a href="https://www.amazon.com/dp/B09Z9QV2CT?tag=eloabder-20&linkCode=osi&th=1&psc=1"><img src="https://m.media-amazon.com/images/I/41pnXqKjS7L._SL500_.jpg" alt="Product Image"></a><p>Mom's Place Gluten Free Biscuits & Gravy Mix</p><p>$8.99 ($0.67 / Ounce)</p><a href="https://www.amazon.com/dp/B09Z9QV2CT?tag=eloabder-20&linkCode=osi&th=1&psc=1">View Product</a></div>
<div class="product"><a href="https://www.amazon.com/dp/B0BNZF5CCM?tag=eloabder-20&linkCode=osi&th=1&psc=1"><img src="https://m.media-amazon.com/images/I/61ZB1KesX-L._SL500_.jpg" alt="Product Image"></a><p>Midi International Snack Box | Premium Exotic Foreign Snacks | Unique Snack Food Gifts Included | Purple Theme Box | Candies from Around the World | 12 Full-Size + 1 Bonus Snacks</p><p>$14.95 ($14.95 / Count)</p><a href="https://www.amazon.com/dp/B0BNZF5CCM?tag=eloabder-20&linkCode=osi&th=1&psc=1">View Product</a></div><div class="product"><a href="https://www.amazon.com/dp/B08W72N8SM?tag=eloabder-20&linkCode=osi&th=1&psc=1"><img src="https://m.media-amazon.com/images/I/61UC7bprqkL._SL500_.jpg" alt="Product Image"></a><p>Midi International Snack Box | Premium Exotic Foreign Snacks | Unique Snack Food Gifts Included | Fantastic Space Theme | Candies from Around the World | 12 Full-Size + 1 Bonus Snacks</p><p>$14.99 ($1.25 / Count)</p><a href="https://www.amazon.com/dp/B08W72N8SM?tag=eloabder-20&linkCode=osi&th=1&psc=1">View Product</a></div><div class="product"><a href="https://www.amazon.com/dp/B0C6PRVVJY?tag=eloabder-20&linkCode=osi&th=1&psc=1"><img src="https://m.media-amazon.com/images/I/61o8Z3EzSnL._SL500_.jpg" alt="Product Image"></a><p>International Exotic Snack Box Variety Pack, 22 Count Premium Foreign Rare Snack Food Gifts with Suprise Item for Fun, Mystery Box of Snacks, European Snacks for Adults and Kids</p><p>$29.95</p><a href="https://www.amazon.com/dp/B0C6PRVVJY?tag=eloabder-20&linkCode=osi&th=1&psc=1">View Product</a></div><div class="product"><a href="https://www.amazon.com/dp/B09T7B3QFJ?tag=eloabder-20&linkCode=osi&th=1&psc=1"><img src="https://m.media-amazon.com/images/I/61Xx7pPJCkL._SL500_.jpg" alt="Product Image"></a><p>Universal Yums International Snack Box | Variety Pack Of Chips, Candy, Chocolates, And Snacks From Around The World | Foreign Snacks For Office, Family, Gifts, And Parties | (50 Exotic Snacks)</p><p>$49.50</p><a href="https://www.amazon.com/dp/B09T7B3QFJ?tag=eloabder-20&linkCode=osi&th=1&psc=1">View Product</a></div><div class="product"><a href="https://www.amazon.com/dp/B08W71KXLS?tag=eloabder-20&linkCode=osi&th=1&psc=1"><img src="https://m.media-amazon.com/images/I/61dcTJQFmBL._SL500_.jpg" alt="Product Image"></a><p>Midi International Snack Box | Premium Exotic Foreign Snacks | Unique Snack Food Gifts Included | Picnic Box Theme | Candies from Around the World | 12 Full-Size + 1 Bonus Snacks</p><p>$14.99 ($14.99 / Count)</p><a href="https://www.amazon.com/dp/B08W71KXLS?tag=eloabder-20&linkCode=osi&th=1&psc=1">View Product</a></div><div class="product"><a href="https://www.amazon.com/dp/B09TG6WCBC?tag=eloabder-20&linkCode=osi&th=1&psc=1"><img src="https://m.media-amazon.com/images/I/61lmk368l0L._SL500_.jpg" alt="Product Image"></a><p>Midi International Snack Box (Fairy Tale Themed) | Snacks Variety Pack of International Treats | Foreign Snack Box Offering Unique Experience | Mix Care Pack of Turkish Candies | 12 Full-Size Snacks</p><p>$14.99 ($1.00 / Ounce)</p><a href="https://www.amazon.com/dp/B09TG6WCBC?tag=eloabder-20&linkCode=osi&th=1&psc=1">View Product</a></div><div class="product"><a href="https://www.amazon.com/dp/B0BNZCVDYQ?tag=eloabder-20&linkCode=osi&th=1&psc=1"><img src="https://m.media-amazon.com/images/I/61aTXvWjbSL._SL500_.jpg" alt="Product Image"></a><p>Midi International Snack Box | Premium Exotic Foreign Snacks | Unique Snack Food Gifts Included | Orange Nebula Space Theme | Candies from Around the World | 12 Full-Size + 1 Bonus Snacks</p><p>$14.99 ($14.99 / Count)</p><a href="https://www.amazon.com/dp/B0BNZCVDYQ?tag=eloabder-20&linkCode=osi&th=1&psc=1">View Product</a></div><div class="product"><a href="https://www.amazon.com/dp/B0CK8DWXS2?tag=eloabder-20&linkCode=osi&th=1&psc=1"><img src="https://m.media-amazon.com/images/I/511Z-FX62TL._SL500_.jpg" alt="Product Image"></a><p>Mega International Snack Box | Premium Exotic Foreign Snacks | Unique Snack Food Gifts Included | Try Extraordinary Turkish Snacks | Candies from Around the World | 32+1 Full-Size Snacks</p><p>$39.95 ($1.00 / Ounce)</p><a href="https://www.amazon.com/dp/B0CK8DWXS2?tag=eloabder-20&linkCode=osi&th=1&psc=1">View Product</a></div><div class="product"><a href="https://www.amazon.com/dp/B0CGRMR7VN?tag=eloabder-20&linkCode=osi&th=1&psc=1"><img src="https://m.media-amazon.com/images/I/51PgWRUNnkL._SL500_.jpg" alt="Product Image"></a><p>Turkish Foreign Snack Box, Gourmet Turkish Food Gift Box, Variety of Unique Sweets and Savory Snacks from Turkey - International Snacks Box - Full Sized Snacks - 24ct</p><p>$23.99 ($1.00 / Count)</p><a href="https://www.amazon.com/dp/B0CGRMR7VN?tag=eloabder-20&linkCode=osi&th=1&psc=1">View Product</a></div>
<div class="product"><a href="https://www.amazon.com/dp/B001EQ5NHE?tag=eloabder-20&linkCode=osi&th=1&psc=1"><img src="https://m.media-amazon.com/images/I/51Kg06c5YuL._SL500_.jpg" alt="Product Image"></a><p>Spam Classic, 12 Ounce Can (Pack of 12)</p><p>$28.32 ($0.20 / Ounce)</p><a href="https://www.amazon.com/dp/B001EQ5NHE?tag=eloabder-20&linkCode=osi&th=1&psc=1">View Product</a></div><div class="product"><a href="https://www.amazon.com/dp/B08DQ6422D?tag=eloabder-20&linkCode=osi&th=1&psc=1"><img src="https://m.media-amazon.com/images/I/51-xOj2EbVL._SL500_.jpg" alt="Product Image"></a><p>Del Monte Cut Blue Lake Green Beans With No Added Salt 14.5 Oz,(Pack of 4)</p><p>$5.28 ($0.09 / Ounce)</p><a href="https://www.amazon.com/dp/B08DQ6422D?tag=eloabder-20&linkCode=osi&th=1&psc=1">View Product</a></div><div class="product"><a href="https://www.amazon.com/dp/B089PMW6C3?tag=eloabder-20&linkCode=osi&th=1&psc=1"><img src="https://m.media-amazon.com/images/I/41fKtFm2RAL._SL500_.jpg" alt="Product Image"></a><p>SpaghettiOs Canned Pasta with Meatballs, 15.6 oz Can (Pack of 12)</p><p>$11.44 ($0.06 / Ounce)</p><a href="https://www.amazon.com/dp/B089PMW6C3?tag=eloabder-20&linkCode=osi&th=1&psc=1">View Product</a></div><div class="product"><a href="https://www.amazon.com/dp/B006VS7C60?tag=eloabder-20&linkCode=osi&th=1&psc=1"><img src="https://m.media-amazon.com/images/I/51adZb-RUeL._SL500_.jpg" alt="Product Image"></a><p>Campbell’s Pork and Beans, 11 Oz Can (Case of 24)</p><p>$20.64 ($0.08 / Ounce)</p><a href="https://www.amazon.com/dp/B006VS7C60?tag=eloabder-20&linkCode=osi&th=1&psc=1">View Product</a></div><div class="product"><a href="https://www.amazon.com/dp/B00CPDWTBI?tag=eloabder-20&linkCode=osi&th=1&psc=1"><img src="https://m.media-amazon.com/images/I/61M2-LCC5uL._SL500_.jpg" alt="Product Image"></a><p>DEL MONTE FRESH CUT Whole New Canned Potatoes, Canned Vegetables, 12 Pack, 14.5 oz Can</p><p>$17.76 ($0.10 / Ounce)</p><a href="https://www.amazon.com/dp/B00CPDWTBI?tag=eloabder-20&linkCode=osi&th=1&psc=1">View Product</a></div><div class="product"><a href="https://www.amazon.com/dp/B00TFPKEZM?tag=eloabder-20&linkCode=osi&th=1&psc=1"><img src="https://m.media-amazon.com/images/I/51VTHItyaXL._SL500_.jpg" alt="Product Image"></a><p>Del Monte Canned Fresh Cut French Style Green Beans, 8 Ounce (Pack of 12)</p><p>$16.68 ($0.17 / Ounce)</p><a href="https://www.amazon.com/dp/B00TFPKEZM?tag=eloabder-20&linkCode=osi&th=1&psc=1">View Product</a></div><div class="product"><a href="https://www.amazon.com/dp/B08WR5J62L?tag=eloabder-20&linkCode=osi&th=1&psc=1"><img src="https://m.media-amazon.com/images/I/51QjonsN18L._SL500_.jpg" alt="Product Image"></a><p>Chicken of the Sea Chunk Light Tuna in Water, Wild Caught Tuna, 5-Ounce Cans (Pack of 10)</p><p>$8.90 ($2.85 / lb)</p><a href="https://www.amazon.com/dp/B08WR5J62L?tag=eloabder-20&linkCode=osi&th=1&psc=1">View Product</a></div><div class="product"><a href="https://www.amazon.com/dp/B01MQ6BDM0?tag=eloabder-20&linkCode=osi&th=1&psc=1"><img src="https://m.media-amazon.com/images/I/51chxbCoRfL._SL500_.jpg" alt="Product Image"></a><p>Libby's Vienna Sausage in Chicken Broth, Canned Sausage, 4.6 OZ (Pack of 24)</p><p>$23.52 ($0.98 / Count)</p><a href="https://www.amazon.com/dp/B01MQ6BDM0?tag=eloabder-20&linkCode=osi&th=1&psc=1">View Product</a></div><div class="product"><a href="https://www.amazon.com/dp/B01NBFQ8TF?tag=eloabder-20&linkCode=osi&th=1&psc=1"><img src="https://m.media-amazon.com/images/I/41ijyPglLPL._SL500_.jpg" alt="Product Image"></a><p>Bush's Best Baked Beans, Country Style with Bacon and Brown Sugar, 8.3 OZ (Pack of 12)</p><p>$20.28 ($1.69 / Count)</p><a href="https://www.amazon.com/dp/B01NBFQ8TF?tag=eloabder-20&linkCode=osi&th=1&psc=1">View Product</a></div><div class="product"><a href="https://www.amazon.com/dp/B019YHSNGC?tag=eloabder-20&linkCode=osi&th=1&psc=1"><img src="https://m.media-amazon.com/images/I/51oHYkvLL0L._SL500_.jpg" alt="Product Image"></a><p>Bumble Bee Chunk Light Tuna In Water, 5 oz Cans (Pack of 24) - Wild Caught Skipjack Tuna - 23g Protein Per Serving - MSC Certified Sustainable Seafood, Non-GMO, Gluten Free, Kosher</p><p>$23.36 ($0.19 / Ounce)</p><a href="https://www.amazon.com/dp/B019YHSNGC?tag=eloabder-20&linkCode=osi&th=1&psc=1">View Product</a></div>
<div class="product"><a href="https://www.amazon.com/dp/B07KQNNW9K?tag=eloabder-20&linkCode=osi&th=1&psc=1"><img src="https://m.media-amazon.com/images/I/51EVSxp535L._SL500_.jpg" alt="Product Image"></a><p>HORMEL COMPLEATS Protein Variety Pack Microwave Trays (Pack of 5)</p><p>$14.99 ($0.33 / Ounce)</p><a href="https://www.amazon.com/dp/B07KQNNW9K?tag=eloabder-20&linkCode=osi&th=1&psc=1">View Product</a></div><div class="product"><a href="https://www.amazon.com/dp/B000V1JVAI?tag=eloabder-20&linkCode=osi&th=1&psc=1"><img src="https://m.media-amazon.com/images/I/51moeAwg0qL._SL500_.jpg" alt="Product Image"></a><p>HORMEL COMPLEATS Meatloaf & Gravy With Mashed Potatoes Microwave Tray, 9 oz. (6 Pack)</p><p>$13.68 ($0.25 / Ounce)</p><a href="https://www.amazon.com/dp/B000V1JVAI?tag=eloabder-20&linkCode=osi&th=1&psc=1">View Product</a></div><div class="product"><a href="https://www.amazon.com/dp/B001E55YXS?tag=eloabder-20&linkCode=osi&th=1&psc=1"><img src="https://m.media-amazon.com/images/I/51f7Q-awP2L._SL500_.jpg" alt="Product Image"></a><p>HORMEL COMPLEATS Beef Pot Roast Microwave Tray, 9 Ounce (Pack of 6)</p><p>$13.68 ($0.25 / Ounce)</p><a href="https://www.amazon.com/dp/B001E55YXS?tag=eloabder-20&linkCode=osi&th=1&psc=1">View Product</a></div><div class="product"><a href="https://www.amazon.com/dp/B001E52XGO?tag=eloabder-20&linkCode=osi&th=1&psc=1"><img src="https://m.media-amazon.com/images/I/513-IE78MvL._SL500_.jpg" alt="Product Image"></a><p>HORMEL COMPLEATS Turkey & Dressing Microwave Tray, 10 oz. (6 Pack)</p><p>$13.68 ($0.23 / Ounce)</p><a href="https://www.amazon.com/dp/B001E52XGO?tag=eloabder-20&linkCode=osi&th=1&psc=1">View Product</a></div><div class="product"><a href="https://www.amazon.com/dp/B01JLWGOCA?tag=eloabder-20&linkCode=osi&th=1&psc=1"><img src="https://m.media-amazon.com/images/I/41JtN2c2Y3L._SL500_.jpg" alt="Product Image"></a><p>Idahoan Four Cheese Mashed Potatoes, Made with Gluten-Free 100-Percent Real Idaho Potatoes, 1.5 oz Cup (Pack of 10)</p><p>$11.23 ($0.75 / Ounce)</p><a href="https://www.amazon.com/dp/B01JLWGOCA?tag=eloabder-20&linkCode=osi&th=1&psc=1">View Product</a></div><div class="product"><a href="https://www.amazon.com/dp/B08P3SVWFR?tag=eloabder-20&linkCode=osi&th=1&psc=1"><img src="https://m.media-amazon.com/images/I/51Q7KX85dtL._SL500_.jpg" alt="Product Image"></a><p>StarKist Premium White Chicken - 2.6 oz Pouch (Pack of 12)</p><p>$15.06 ($0.48 / Ounce)</p><a href="https://www.amazon.com/dp/B08P3SVWFR?tag=eloabder-20&linkCode=osi&th=1&psc=1">View Product</a></div><div class="product"><a href="https://www.amazon.com/dp/B001E52WAG?tag=eloabder-20&linkCode=osi&th=1&psc=1"><img src="https://m.media-amazon.com/images/I/51dV9dBtkEL._SL500_.jpg" alt="Product Image"></a><p>Dinty Moore Beef Stew, 9-Ounce Packages (Pack of 6)</p><p>$17.34 ($0.32 / Ounce)</p><a href="https://www.amazon.com/dp/B001E52WAG?tag=eloabder-20&linkCode=osi&th=1&psc=1">View Product</a></div><div class="product"><a href="https://www.amazon.com/dp/B0BTQWY5LL?tag=eloabder-20&linkCode=osi&th=1&psc=1"><img src="https://m.media-amazon.com/images/I/61dN-t0ureL._SL500_.jpg" alt="Product Image"></a><p>MISS OLIVE'S Variety Pack Microwavable Low Sodium Ready Meals (Bundle of 6)-1 of each flavor</p><p>$26.49 ($0.63 / Ounce)</p><a href="https://www.amazon.com/dp/B0BTQWY5LL?tag=eloabder-20&linkCode=osi&th=1&psc=1">View Product</a></div><div class="product"><a href="https://www.amazon.com/dp/B0111Y7PO2?tag=eloabder-20&linkCode=osi&th=1&psc=1"><img src="https://m.media-amazon.com/images/I/51ReJtj0zJL._SL500_.jpg" alt="Product Image"></a><p>HORMEL COMPLEATS Rice & Chicken Microwave Tray, 7.5 Ounces (Pack of 7)</p><p>$15.96 ($0.30 / Ounce)</p><a href="https://www.amazon.com/dp/B0111Y7PO2?tag=eloabder-20&linkCode=osi&th=1&psc=1">View Product</a></div><div class="product"><a href="https://www.amazon.com/dp/B09GL33XZG?tag=eloabder-20&linkCode=osi&th=1&psc=1"><img src="https://m.media-amazon.com/images/I/41tbj+XvZLL._SL500_.jpg" alt="Product Image"></a><p>HMR Ultimate Entrée Pack | Pre-packaged Lunch or Dinner to Support Weight Loss | Pack of 17 Ready to Eat Meals | 10-20 grams of Protein per Entrée | Low Calorie Food | 7-8oz Servings per Meal</p><p>$89.99</p><a href="https://www.amazon.com/dp/B09GL33XZG?tag=eloabder-20&linkCode=osi&th=1&psc=1">View Product</a></div>
<div class="product"><a href="https://www.amazon.com/dp/B00I9VBMLI?tag=eloabder-20&linkCode=osi&th=1&psc=1"><img src="https://m.media-amazon.com/images/I/51kyWWI+vRL._SL500_.jpg" alt="Product Image"></a><p>Chef Boyardee Beef Ravioli, 15 oz, 4 Pack</p><p>$4.48 ($0.07 / Count)</p><a href="https://www.amazon.com/dp/B00I9VBMLI?tag=eloabder-20&linkCode=osi&th=1&psc=1">View Product</a></div>
<div class="product"><a href="https://www.amazon.com/dp/B0CJCXLDSP?tag=eloabder-20&linkCode=osi&th=1&psc=1"><img src="https://m.media-amazon.com/images/I/41uUHvJRp2L._SL500_.jpg" alt="Product Image"></a><p>ARM & HAMMER Baking Soda Made in USA, Ideal for Baking, Pure & Natural, 2.7lb Bag</p><p>$7.99 ($0.18 / Ounce)</p><a href="https://www.amazon.com/dp/B0CJCXLDSP?tag=eloabder-20&linkCode=osi&th=1&psc=1">View Product</a></div><div class="product"><a href="https://www.amazon.com/dp/B07JFLXZQV?tag=eloabder-20&linkCode=osi&th=1&psc=1"><img src="https://m.media-amazon.com/images/I/41mGwlHTcmL._SL500_.jpg" alt="Product Image"></a><p>Vanilla Bean Paste for Baking and Cooking - Gourmet Madagascar Bourbon Blend made with Real Vanilla Seeds - 4 Ounces</p><p>$14.99 ($3.75 / Ounce)</p><a href="https://www.amazon.com/dp/B07JFLXZQV?tag=eloabder-20&linkCode=osi&th=1&psc=1">View Product</a></div><div class="product"><a href="https://www.amazon.com/dp/B0046EJ570?tag=eloabder-20&linkCode=osi&th=1&psc=1"><img src="https://m.media-amazon.com/images/I/31TFd1IdsRL._SL500_.jpg" alt="Product Image"></a><p>Watkins All Natural Original Gourmet Baking Vanilla, with Pure Vanilla Extract, 11 Fl Oz (Pack of 1) - Packaging May Vary</p><p>$12.35 ($1.12 / Fl Oz)</p><a href="https://www.amazon.com/dp/B0046EJ570?tag=eloabder-20&linkCode=osi&th=1&psc=1">View Product</a></div><div class="product"><a href="https://www.amazon.com/dp/B00PMUNEK6?tag=eloabder-20&linkCode=osi&th=1&psc=1"><img src="https://m.media-amazon.com/images/I/41LZqR+JNZL._SL500_.jpg" alt="Product Image"></a><p>10 Organic Madagascar Vanilla Beans Whole Grade A Vanilla Pods for Vanilla Extract and Baking</p><p>$11.04 ($1.10 / Count)</p><a href="https://www.amazon.com/dp/B00PMUNEK6?tag=eloabder-20&linkCode=osi&th=1&psc=1">View Product</a></div><div class="product"><a href="https://www.amazon.com/dp/B0CBW3D9T7?tag=eloabder-20&linkCode=osi&th=1&psc=1"><img src="https://m.media-amazon.com/images/I/414XubDDPPL._SL500_.jpg" alt="Product Image"></a><p>Scratch Diastatic Malt Powder for Baking - (10oz) Dried Barley Malt for Baking Bread - Bread Improver - Premium Baking Ingredients for Breads, Pizzas, Pretzels, Desserts, Shakes and More</p><p>$8.95 ($0.90 / Ounce)</p><a href="https://www.amazon.com/dp/B0CBW3D9T7?tag=eloabder-20&linkCode=osi&th=1&psc=1">View Product</a></div><div class="product"><a href="https://www.amazon.com/dp/B00VEJOUXE?tag=eloabder-20&linkCode=osi&th=1&psc=1"><img src="https://m.media-amazon.com/images/I/41HmZhMPH1L._SL500_.jpg" alt="Product Image"></a><p>Bob's Red Mill Baking Soda - 1 Pound (Pack of 4), Non GMO, Gluten Free, Vegan, Kosher, Paleo Friendly</p><p>$13.10 ($0.20 / Ounce)</p><a href="https://www.amazon.com/dp/B00VEJOUXE?tag=eloabder-20&linkCode=osi&th=1&psc=1">View Product</a></div><div class="product"><a href="https://www.amazon.com/dp/B0CG7C5X2F?tag=eloabder-20&linkCode=osi&th=1&psc=1"><img src="https://m.media-amazon.com/images/I/41cN3OdncVL._SL500_.jpg" alt="Product Image"></a><p>Micro Ingredients Baking Soda Powder, 6lbs | Pure Sodium Bicarbonate | Bulk Food Grade Supply | Great for Cleaning, Cooking, Laundry, or Personal Care | Non-GMO, Filler Free</p><p>$13.95 ($0.15 / Ounce)</p><a href="https://www.amazon.com/dp/B0CG7C5X2F?tag=eloabder-20&linkCode=osi&th=1&psc=1">View Product</a></div><div class="product"><a href="https://www.amazon.com/dp/B075456XMK?tag=eloabder-20&linkCode=osi&th=1&psc=1"><img src="https://m.media-amazon.com/images/I/31YCnL21+nL._SL500_.jpg" alt="Product Image"></a><p>Pure Original Ingredients Baking Soda (2 lb) Sodium Bicarbonate (NaHCO3), Always Pure, No Fillers Or Additives.</p><p>$11.99 ($0.37 / Ounce)</p><a href="https://www.amazon.com/dp/B075456XMK?tag=eloabder-20&linkCode=osi&th=1&psc=1">View Product</a></div><div class="product"><a href="https://www.amazon.com/dp/B08FYKMRGT?tag=eloabder-20&linkCode=osi&th=1&psc=1"><img src="https://m.media-amazon.com/images/I/41TdlxCI0EL._SL500_.jpg" alt="Product Image"></a><p>King Arthur, Baking Sugar Alternative, Made with Plant-Based Ingredients, Keto-Friendly, 1-to-1 Substitute for Granulated Sugar, 12 Ounces</p><p>$9.95 ($0.83 / Ounce)</p><a href="https://www.amazon.com/dp/B08FYKMRGT?tag=eloabder-20&linkCode=osi&th=1&psc=1">View Product</a></div><div class="product"><a href="https://www.amazon.com/dp/B07KKL5Q68?tag=eloabder-20&linkCode=osi&th=1&psc=1"><img src="https://m.media-amazon.com/images/I/41G0eZnHIxL._SL500_.jpg" alt="Product Image"></a><p>Pure Original Ingredients Baking Soda (1 Gallon) Aluminum Free, Cooking, Baking, Cleaning</p><p>$30.99 ($0.19 / Ounce)</p><a href="https://www.amazon.com/dp/B07KKL5Q68?tag=eloabder-20&linkCode=osi&th=1&psc=1">View Product</a></div>
<div class="product"><a href="https://www.amazon.com/dp/B0029K0U90?tag=eloabder-20&linkCode=osi&th=1&psc=1"><img src="https://m.media-amazon.com/images/I/412vWjuj9tL._SL500_.jpg" alt="Product Image"></a><p>Mrs. Wages Pasta Sauce Canning Mix 5 Ounce (Pack of 6)</p><p>$19.32 ($0.64 / Ounce)</p><a href="https://www.amazon.com/dp/B0029K0U90?tag=eloabder-20&linkCode=osi&th=1&psc=1">View Product</a></div><div class="product"><a href="https://www.amazon.com/dp/B0005ZWUDU?tag=eloabder-20&linkCode=osi&th=1&psc=1"><img src="https://m.media-amazon.com/images/I/411oE+5BGYL._SL500_.jpg" alt="Product Image"></a><p>Classico Roasted Garlic Tomato Spaghetti Pasta Sauce (24 oz Jar)</p><p>$2.98 ($0.12 / Ounce)</p><a href="https://www.amazon.com/dp/B0005ZWUDU?tag=eloabder-20&linkCode=osi&th=1&psc=1">View Product</a></div><div class="product"><a href="https://www.amazon.com/dp/B00H3TKG6O?tag=eloabder-20&linkCode=osi&th=1&psc=1"><img src="https://m.media-amazon.com/images/I/41dtGUjEl7L._SL500_.jpg" alt="Product Image"></a><p>Classico Family Favorites Traditional Pasta Sauce (24 oz Jar)</p><p>$2.16 ($0.09 / Ounce)</p><a href="https://www.amazon.com/dp/B00H3TKG6O?tag=eloabder-20&linkCode=osi&th=1&psc=1">View Product</a></div><div class="product"><a href="https://www.amazon.com/dp/B088N719GQ?tag=eloabder-20&linkCode=osi&th=1&psc=1"><img src="https://m.media-amazon.com/images/I/412O4vvfLcL._SL500_.jpg" alt="Product Image"></a><p>Prego Traditional Pasta Sauce, 45 Oz Jar</p><p>$4.23 ($0.09 / Ounce)</p><a href="https://www.amazon.com/dp/B088N719GQ?tag=eloabder-20&linkCode=osi&th=1&psc=1">View Product</a></div><div class="product"><a href="https://www.amazon.com/dp/B00IAE65L6?tag=eloabder-20&linkCode=osi&th=1&psc=1"><img src="https://m.media-amazon.com/images/I/41keFWtHEbL._SL500_.jpg" alt="Product Image"></a><p>Prego Traditional Pasta Sauce, 67 Oz Jar</p><p>$5.36 ($0.08 / Ounce)</p><a href="https://www.amazon.com/dp/B00IAE65L6?tag=eloabder-20&linkCode=osi&th=1&psc=1">View Product</a></div><div class="product"><a href="https://www.amazon.com/dp/B0CRXQZMWN?tag=eloabder-20&linkCode=osi&th=1&psc=1"><img src="https://m.media-amazon.com/images/I/41GWdkqzH0L._SL500_.jpg" alt="Product Image"></a><p>Prego Creamy Roasted Garlic Pesto Pasta Sauce, 14.5 oz Jar</p><p>$2.79 ($0.19 / Ounce)</p><a href="https://www.amazon.com/dp/B0CRXQZMWN?tag=eloabder-20&linkCode=osi&th=1&psc=1">View Product</a></div><div class="product"><a href="https://www.amazon.com/dp/B0033TSDKY?tag=eloabder-20&linkCode=osi&th=1&psc=1"><img src="https://m.media-amazon.com/images/I/416ipEt-ErS._SL500_.jpg" alt="Product Image"></a><p>Classico Four Cheese Alfredo Pasta Sauce (15 oz Jar)</p><p>$3.13 ($0.21 / Ounce)</p><a href="https://www.amazon.com/dp/B0033TSDKY?tag=eloabder-20&linkCode=osi&th=1&psc=1">View Product</a></div><div class="product"><a href="https://www.amazon.com/dp/B000Q3R6V2?tag=eloabder-20&linkCode=osi&th=1&psc=1"><img src="https://m.media-amazon.com/images/I/51DwtNnipoL._SL500_.jpg" alt="Product Image"></a><p>Hunt's Traditional Pasta Sauce, 24 oz</p><p>$1.34 ($0.06 / Ounce)</p><a href="https://www.amazon.com/dp/B000Q3R6V2?tag=eloabder-20&linkCode=osi&th=1&psc=1">View Product</a></div><div class="product"><a href="https://www.amazon.com/dp/B00XXGW39Y?tag=eloabder-20&linkCode=osi&th=1&psc=1"><img src="https://m.media-amazon.com/images/I/41FycYZ91BL._SL500_.jpg" alt="Product Image"></a><p>Classico Vodka Sauce Tomato Spaghetti Pasta Sauce (24 oz Jar)</p><p>$2.52 ($0.10 / Fl Oz)</p><a href="https://www.amazon.com/dp/B00XXGW39Y?tag=eloabder-20&linkCode=osi&th=1&psc=1">View Product</a></div><div class="product"><a href="https://www.amazon.com/dp/B07JVJR966?tag=eloabder-20&linkCode=osi&th=1&psc=1"><img src="https://m.media-amazon.com/images/I/412rjNSU1HL._SL500_.jpg" alt="Product Image"></a><p>Prego Traditional Pasta Sauce, 24 Oz Jar (Case of 12)</p><p>$29.76 ($0.10 / Fl Oz)</p><a href="https://www.amazon.com/dp/B07JVJR966?tag=eloabder-20&linkCode=osi&th=1&psc=1">View Product</a></div>
<div class="product"><a href="https://www.amazon.com/dp/B07GBS8GVH?tag=eloabder-20&linkCode=osi&th=1&psc=1"><img src="https://m.media-amazon.com/images/I/51Xpb2UbnAS._SL500_.jpg" alt="Product Image"></a><p>BEN'S ORIGINAL Ready Rice Whole Grain Brown Rice, Easy Dinner Side, 8.8 OZ Pouch (Pack of 6)</p><p>$13.08 ($0.25 / Ounce)</p><a href="https://www.amazon.com/dp/B07GBS8GVH?tag=eloabder-20&linkCode=osi&th=1&psc=1">View Product</a></div><div class="product"><a href="https://www.amazon.com/dp/B000YPKPV0?tag=eloabder-20&linkCode=osi&th=1&psc=1"><img src="https://m.media-amazon.com/images/I/51RKdJy7-TL._SL500_.jpg" alt="Product Image"></a><p>Rice-A-Roni Long grain & wild rice with herbs, 4.3 Ounce Pack of 12</p><p>$12.00 ($0.23 / Ounce)</p><a href="https://www.amazon.com/dp/B000YPKPV0?tag=eloabder-20&linkCode=osi&th=1&psc=1">View Product</a></div><div class="product"><a href="https://www.amazon.com/dp/B004NRLAVY?tag=eloabder-20&linkCode=osi&th=1&psc=1"><img src="https://m.media-amazon.com/images/I/51l35npdSyL._SL500_.jpg" alt="Product Image"></a><p>Nishiki Premium Rice, Medium Grain,15 Pound (Pack of 1)</p><p>$20.19 ($0.08 / Ounce)</p><a href="https://www.amazon.com/dp/B004NRLAVY?tag=eloabder-20&linkCode=osi&th=1&psc=1">View Product</a></div><div class="product"><a href="https://www.amazon.com/dp/B00MMTQAF6?tag=eloabder-20&linkCode=osi&th=1&psc=1"><img src="https://m.media-amazon.com/images/I/41uID5vVhuL._SL500_.jpg" alt="Product Image"></a><p>Mahatma Extra Long Grain White Rice, 10 Pound, Gluten-Free and Non-GMO, Rice Bulk Bag (Pack of 1)</p><p>$9.98 ($0.06 / Ounce)</p><a href="https://www.amazon.com/dp/B00MMTQAF6?tag=eloabder-20&linkCode=osi&th=1&psc=1">View Product</a></div><div class="product"><a href="https://www.amazon.com/dp/B00I330QEQ?tag=eloabder-20&linkCode=osi&th=1&psc=1"><img src="https://m.media-amazon.com/images/I/41eu-3nevsL._SL500_.jpg" alt="Product Image"></a><p>Authentic Royal - Naturally Aged Long Grain Indian White Basmati Rice - 15 lbs</p><p>$15.03 ($0.06 / Ounce)</p><a href="https://www.amazon.com/dp/B00I330QEQ?tag=eloabder-20&linkCode=osi&th=1&psc=1">View Product</a></div><div class="product"><a href="https://www.amazon.com/dp/B00CLGUKKG?tag=eloabder-20&linkCode=osi&th=1&psc=1"><img src="https://m.media-amazon.com/images/I/41mEtyqtEVL._SL500_.jpg" alt="Product Image"></a><p>Mahatma Whole-Grain Brown Rice, 32-Ounce Bag of Rice, Stovetop or Microwave Rice</p><p>$2.68 ($0.08 / Ounce)</p><a href="https://www.amazon.com/dp/B00CLGUKKG?tag=eloabder-20&linkCode=osi&th=1&psc=1">View Product</a></div><div class="product"><a href="https://www.amazon.com/dp/B0087HFXJ6?tag=eloabder-20&linkCode=osi&th=1&psc=1"><img src="https://m.media-amazon.com/images/I/51eYTUAUKZL._SL500_.jpg" alt="Product Image"></a><p>RiceSelect Royal Blend, Blend Of Texmati White, Brown, Red, And Wild Rice, Premium Gluten Free Rice, Non-GMO, 21 Ounce Jar</p><p>$6.98 ($0.33 / Ounce)</p><a href="https://www.amazon.com/dp/B0087HFXJ6?tag=eloabder-20&linkCode=osi&th=1&psc=1">View Product</a></div><div class="product"><a href="https://www.amazon.com/dp/B07HKTD2BD?tag=eloabder-20&linkCode=osi&th=1&psc=1"><img src="https://m.media-amazon.com/images/I/519+60cp2dL._SL500_.jpg" alt="Product Image"></a><p>Nishiki Premium 7 Grains Mix, 2 Pound</p><p>$14.49 ($0.45 / Ounce)</p><a href="https://www.amazon.com/dp/B07HKTD2BD?tag=eloabder-20&linkCode=osi&th=1&psc=1">View Product</a></div><div class="product"><a href="https://www.amazon.com/dp/B00G9U46DW?tag=eloabder-20&linkCode=osi&th=1&psc=1"><img src="https://m.media-amazon.com/images/I/51Xpb2UbnAS._SL500_.jpg" alt="Product Image"></a><p>BEN'S ORIGINAL Ready Rice Whole Grain Brown Rice, Easy Dinner Side, 8.8 OZ Pouch (Pack of 12)</p><p>$26.16 ($0.25 / Ounce)</p><a href="https://www.amazon.com/dp/B00G9U46DW?tag=eloabder-20&linkCode=osi&th=1&psc=1">View Product</a></div>
<div class="product"><a href="https://www.amazon.com/dp/B0D4KLB4HP?tag=eloabder-20&linkCode=osi&th=1&psc=1"><img src="https://m.media-amazon.com/images/I/51r7s+M2jqL._SL500_.jpg" alt="Product Image"></a><p>Chronos Condiment 150 bundle pack - 50 Single Serve Pouches of Each: Ketchup, Mustard, and Mayo - 150 Pack, Great for Picnics, Boxed Lunch, BBQ, Travel, and Parties</p><p>$21.97</p><a href="https://www.amazon.com/dp/B0D4KLB4HP?tag=eloabder-20&linkCode=osi&th=1&psc=1">View Product</a></div><div class="product"><a href="https://www.amazon.com/dp/B003XLOOCS?tag=eloabder-20&linkCode=osi&th=1&psc=1"><img src="https://m.media-amazon.com/images/I/51x0jDzOLjL._SL500_.jpg" alt="Product Image"></a><p>Heinz Tomato Ketchup, Relish, and Mustard Picnic Pack, 3 Count</p><p>$5.98 ($0.11 / Ounce)</p><a href="https://www.amazon.com/dp/B003XLOOCS?tag=eloabder-20&linkCode=osi&th=1&psc=1">View Product</a></div><div class="product"><a href="https://www.amazon.com/dp/B0992VW16R?tag=eloabder-20&linkCode=osi&th=1&psc=1"><img src="https://m.media-amazon.com/images/I/51eFgOarc1L._SL500_.jpg" alt="Product Image"></a><p>Grab-n-Go Condiment Packs - 50 Single Serve Pouches of Each: Ketchup, Mustard, Relish, and Mayo - Great for Picnics, Boxed Lunch, BBQ, Travel, Picnic and Parties (200 Condiment Packets Total)</p><p>$29.99 ($0.15 / Count)</p><a href="https://www.amazon.com/dp/B0992VW16R?tag=eloabder-20&linkCode=osi&th=1&psc=1">View Product</a></div><div class="product"><a href="https://www.amazon.com/dp/B0D3J9HHS2?tag=eloabder-20&linkCode=osi&th=1&psc=1"><img src="https://m.media-amazon.com/images/I/51VkOjMAkXL._SL500_.jpg" alt="Product Image"></a><p>Heinz Condiment Packets Variety 100 Pack- 25 Heinz Ketchup Packets, 25 Mayonnaise Packets, 25 Mustard Packets, and 25 Relish Packets. Ketchup Heinz, Mayo Packets.</p><p>$19.99 ($0.20 / Count)</p><a href="https://www.amazon.com/dp/B0D3J9HHS2?tag=eloabder-20&linkCode=osi&th=1&psc=1">View Product</a></div><div class="product"><a href="https://www.amazon.com/dp/B091DCC2CH?tag=eloabder-20&linkCode=osi&th=1&psc=1"><img src="https://m.media-amazon.com/images/I/415Iq4kWRXL._SL500_.jpg" alt="Product Image"></a><p>Hellmann's Real Mayonnaise Squeeze Bottle 3 Count a Rich Creamy Condiment Gluten Free, Made With 100% Cage-Free Eggs 20 oz</p><p>$11.90 ($0.20 / Fl Oz)</p><a href="https://www.amazon.com/dp/B091DCC2CH?tag=eloabder-20&linkCode=osi&th=1&psc=1">View Product</a></div><div class="product"><a href="https://www.amazon.com/dp/B0CMR2DML7?tag=eloabder-20&linkCode=osi&th=1&psc=1"><img src="https://m.media-amazon.com/images/I/61dFhpega1L._SL500_.jpg" alt="Product Image"></a><p>Crait Individual Condiment Packets Variety Pack of 50 Hot Sauce Packets with Mayo Packets, Ketchup Packets and Yellow Mustard Packets Single Serve</p><p>$15.00 ($0.30 / Count)</p><a href="https://www.amazon.com/dp/B0CMR2DML7?tag=eloabder-20&linkCode=osi&th=1&psc=1">View Product</a></div><div class="product"><a href="https://www.amazon.com/dp/B0D3JCR2XS?tag=eloabder-20&linkCode=osi&th=1&psc=1"><img src="https://m.media-amazon.com/images/I/51RtTP7u7aL._SL500_.jpg" alt="Product Image"></a><p>Hot Sauce Variety Pack of 48 Condiment Packets. 4 Each of 12 Flavors. Texas Pete Hot Sauce Packets, Mini Condiments, Mini Hot Sauce, Condiment Packets Variety Pack, Single Serve</p><p>$17.99 ($0.37 / Count)</p><a href="https://www.amazon.com/dp/B0D3JCR2XS?tag=eloabder-20&linkCode=osi&th=1&psc=1">View Product</a></div><div class="product"><a href="https://www.amazon.com/dp/B00XK3IYUW?tag=eloabder-20&linkCode=osi&th=1&psc=1"><img src="https://m.media-amazon.com/images/I/51T9Vgtx+bL._SL500_.jpg" alt="Product Image"></a><p>Heinz Condiment Packets Ketchup and Mustard (100 Total; 50 Each Flavor)</p><p>$13.10 ($0.60 / Ounce)</p><a href="https://www.amazon.com/dp/B00XK3IYUW?tag=eloabder-20&linkCode=osi&th=1&psc=1">View Product</a></div>
<div class="product"><a href="https://www.amazon.com/dp/B09DYZSHJR?tag=eloabder-20&linkCode=osi&th=1&psc=1"><img src="https://m.media-amazon.com/images/I/31fEqU5FfOL._SL500_.jpg" alt="Product Image"></a><p>DaVinci Gourmet Honey Syrup, 25.4 Fluid Ounce (Pack of 1)</p><p>$9.99 ($0.39 / Fl Oz)</p><a href="https://www.amazon.com/dp/B09DYZSHJR?tag=eloabder-20&linkCode=osi&th=1&psc=1">View Product</a></div><div class="product"><a href="https://www.amazon.com/dp/B09GW7TXH3?tag=eloabder-20&linkCode=osi&th=1&psc=1"><img src="https://m.media-amazon.com/images/I/31hUGuR-NsL._SL500_.jpg" alt="Product Image"></a><p>Glorybee, Premium Honey Syrup, Real Honey, No Artifical colors or flavors, 25.4 fl oz</p><p>$10.73 ($0.42 / Fl Oz)</p><a href="https://www.amazon.com/dp/B09GW7TXH3?tag=eloabder-20&linkCode=osi&th=1&psc=1">View Product</a></div><div class="product"><a href="https://www.amazon.com/dp/B07C1138N5?tag=eloabder-20&linkCode=osi&th=1&psc=1"><img src="https://m.media-amazon.com/images/I/31bISVR+FkL._SL500_.jpg" alt="Product Image"></a><p>Monin - Honey Syrup, Smooth Sweet Honey Flavor, Great for Teas, Lemonades, Cocktails, & Coffee, Gluten-Free, Non-GMO (1 Liter)</p><p>$19.13 ($0.57 / Fl Oz)</p><a href="https://www.amazon.com/dp/B07C1138N5?tag=eloabder-20&linkCode=osi&th=1&psc=1">View Product</a></div><div class="product"><a href="https://www.amazon.com/dp/B0D43FMJ8V?tag=eloabder-20&linkCode=osi&th=1&psc=1"><img src="https://m.media-amazon.com/images/I/41P8d3eueDL._SL500_.jpg" alt="Product Image"></a><p>Torani Salted Honey Butter Syrup for Coffee 25.4 Ounces Coffee Syrups and Flavors with Jimoco Pump Syrup Dispenser</p><p>$17.95 ($0.71 / Fl Oz)</p><a href="https://www.amazon.com/dp/B0D43FMJ8V?tag=eloabder-20&linkCode=osi&th=1&psc=1">View Product</a></div><div class="product"><a href="https://www.amazon.com/dp/B00IRRJBRQ?tag=eloabder-20&linkCode=osi&th=1&psc=1"><img src="https://m.media-amazon.com/images/I/31a3OJgvluL._SL500_.jpg" alt="Product Image"></a><p>Torani Honey Sweetener, 25.4 Ounce (Pack of 4)</p><p>$25.47 ($0.25 / Fl Oz)</p><a href="https://www.amazon.com/dp/B00IRRJBRQ?tag=eloabder-20&linkCode=osi&th=1&psc=1">View Product</a></div><div class="product"><a href="https://www.amazon.com/dp/B0BSMPDPZ9?tag=eloabder-20&linkCode=osi&th=1&psc=1"><img src="https://m.media-amazon.com/images/I/41A+L9ilEXL._SL500_.jpg" alt="Product Image"></a><p>Monin - Hot Honey Syrup, Robust Sweet & Spicy Flavors, Great for Lemonades, Teas, Cocktails, Culinary Recipes, & More, No Artificial Sweeteners, Gluten-Free, Non-GMO, Clean Label (1 Liter)</p><p>$17.99 ($0.53 / Fl Oz)</p><a href="https://www.amazon.com/dp/B0BSMPDPZ9?tag=eloabder-20&linkCode=osi&th=1&psc=1">View Product</a></div><div class="product"><a href="https://www.amazon.com/dp/B078YFLF9K?tag=eloabder-20&linkCode=osi&th=1&psc=1"><img src="https://m.media-amazon.com/images/I/41Gx-mwendL._SL500_.jpg" alt="Product Image"></a><p>Tippleman's Ginger Honey Syrup - Craft Cocktail Mixer - All Natural Complex Syrup for Cocktails and Non-Alcoholic Beverages - Margarita, Whiskey Sour, or Sweet Iced Tea - Makes 17 Cocktails</p><p>$24.99 ($1.92 / Fl Oz)</p><a href="https://www.amazon.com/dp/B078YFLF9K?tag=eloabder-20&linkCode=osi&th=1&psc=1">View Product</a></div><div class="product"><a href="https://www.amazon.com/dp/B07CWFJV6C?tag=eloabder-20&linkCode=osi&th=1&psc=1"><img src="https://m.media-amazon.com/images/I/41cmu+ltDxL._SL500_.jpg" alt="Product Image"></a><p>Robitussin Maximum Strength Honey Cough + Chest Congestion DM, Cough Medicine for Cough and Chest Congestion Relief Made with Real Honey- 4 Fl Oz Bottle</p><p>$11.74 ($2.94 / Fl Oz)</p><a href="https://www.amazon.com/dp/B07CWFJV6C?tag=eloabder-20&linkCode=osi&th=1&psc=1">View Product</a></div><div class="product"><a href="https://www.amazon.com/dp/B005S1LP28?tag=eloabder-20&linkCode=osi&th=1&psc=1"><img src="https://m.media-amazon.com/images/I/41DkU4bxBrL._SL500_.jpg" alt="Product Image"></a><p>Monin - Organic Honey Sweetener, Low-Calorie Liquid Sweetener, Sugar Substitute, Coffee Syrup, Made with Organic Honey, Simple Syrup for Cocktails, Iced Tea, & More, Clean Label (1 Liter)</p><p>$26.99 ($0.80 / Fl Oz)</p><a href="https://www.amazon.com/dp/B005S1LP28?tag=eloabder-20&linkCode=osi&th=1&psc=1">View Product</a></div>
<div class="product"><a href="https://www.amazon.com/dp/B0D3FYHWP7?tag=eloabder-20&linkCode=osi&th=1&psc=1"><img src="https://m.media-amazon.com/images/I/41W51dqWhAL._SL500_.jpg" alt="Product Image"></a><p>Blueprint Bryan Johnson Nutty Butter - Macadamia Nuts and Walnuts - Just 3 Ingredients - No Palm Oil - Keto and Low Carb Snack - No Added Sugar, Vegan, Non GMO, Keto and Paleo Friendly (8.8 ounces)</p><p>$11.00 ($1.25 / Ounce)</p><a href="https://www.amazon.com/dp/B0D3FYHWP7?tag=eloabder-20&linkCode=osi&th=1&psc=1">View Product</a></div><div class="product"><a href="https://www.amazon.com/dp/B0B34J7HHD?tag=eloabder-20&linkCode=osi&th=1&psc=1"><img src="https://m.media-amazon.com/images/I/31UpKhqk2QL._SL500_.jpg" alt="Product Image"></a><p>Octonuts Dry Roasted Pure Cashew 16oz Nut Butter 16oz - Pure Creamy Nut Butter - Gluten Free, Vegan, Kosher, Paleo, Non-GMO Nut Butters Single Ingredient</p><p>$11.99 ($0.75 / Ounce)</p><a href="https://www.amazon.com/dp/B0B34J7HHD?tag=eloabder-20&linkCode=osi&th=1&psc=1">View Product</a></div><div class="product"><a href="https://www.amazon.com/dp/B09NP7D465?tag=eloabder-20&linkCode=osi&th=1&psc=1"><img src="https://m.media-amazon.com/images/I/51+XSeELM2L._SL500_.jpg" alt="Product Image"></a><p>Crazy Go Nuts Walnut Butter - Plain w/ Sea Salt - Healthy Snacks, Keto, Vegan, Low Carb, Gluten Free, Superfood - Natural, Non-GMO, ALA, Omega 3 Fatty Acids, Good Fats and Antioxidants - 9.25 oz (1-Pack)</p><p>$10.99 ($1.19 / Ounce)</p><a href="https://www.amazon.com/dp/B09NP7D465?tag=eloabder-20&linkCode=osi&th=1&psc=1">View Product</a></div><div class="product"><a href="https://www.amazon.com/dp/B00KHAG1BK?tag=eloabder-20&linkCode=osi&th=1&psc=1"><img src="https://m.media-amazon.com/images/I/41nZVovN5oL._SL500_.jpg" alt="Product Image"></a><p>JUSTIN'S Classic Gluten-Free Almond Butter Squeeze Packs, 1.15 Ounce (Pack of 10)</p><p>$13.40 ($1.17 / Ounce)</p><a href="https://www.amazon.com/dp/B00KHAG1BK?tag=eloabder-20&linkCode=osi&th=1&psc=1">View Product</a></div><div class="product"><a href="https://www.amazon.com/dp/B01M06S98E?tag=eloabder-20&linkCode=osi&th=1&psc=1"><img src="https://m.media-amazon.com/images/I/41fCsKiYMdL._SL500_.jpg" alt="Product Image"></a><p>Organic Power Fuel Crunchy Nut Butter by NuttZo | 7 Nuts & Seeds Blend, Paleo, Non-GMO, Gluten-Free, Vegan, Kosher | 1g Sugar, 6g Protein | 26oz Jar</p><p>$21.99 ($0.85 / Ounce)</p><a href="https://www.amazon.com/dp/B01M06S98E?tag=eloabder-20&linkCode=osi&th=1&psc=1">View Product</a></div><div class="product"><a href="https://www.amazon.com/dp/B07CGZ2RJQ?tag=eloabder-20&linkCode=osi&th=1&psc=1"><img src="https://m.media-amazon.com/images/I/41eZiTYDVgL._SL500_.jpg" alt="Product Image"></a><p>Vör Pure Macadamia Nut Butter Spread (11oz) | Only One Ingredient</p><p>$18.99 ($1.73 / Ounce)</p><a href="https://www.amazon.com/dp/B07CGZ2RJQ?tag=eloabder-20&linkCode=osi&th=1&psc=1">View Product</a></div><div class="product"><a href="https://www.amazon.com/dp/B00X7W96OO?tag=eloabder-20&linkCode=osi&th=1&psc=1"><img src="https://m.media-amazon.com/images/I/41jU7bL5rFL._SL500_.jpg" alt="Product Image"></a><p>MaraNatha Creamy Roasted Caramel Almond Butter, No Stir, 12 Ounce Jar</p><p>$6.94 ($0.58 / Ounce)</p><a href="https://www.amazon.com/dp/B00X7W96OO?tag=eloabder-20&linkCode=osi&th=1&psc=1">View Product</a></div>
<div class="product"><a href="https://www.amazon.com/dp/B01CUS63OG?tag=eloabder-20&linkCode=osi&th=1&psc=1"><img src="https://m.media-amazon.com/images/I/51o0FJwMj8L._SL500_.jpg" alt="Product Image"></a><p>Anna and Sarah Tropical Dried Fruit Mix 2 Lbs</p><p>$17.99 ($9.00 / lb)</p><a href="https://www.amazon.com/dp/B01CUS63OG?tag=eloabder-20&linkCode=osi&th=1&psc=1">View Product</a></div><div class="product"><a href="https://www.amazon.com/dp/B09LZ7YCF7?tag=eloabder-20&linkCode=osi&th=1&psc=1"><img src="https://m.media-amazon.com/images/I/41XMLNKxlML._SL500_.jpg" alt="Product Image"></a><p>Dried Pineapple Chunks, 1 Pound. Dehydrated Pineapple Chunk, Dehydrated Pineapple Bulk, Dried Pineapple Bits. All Natural, Non-GMO, Lightly Sweetened Dried Pineapples, 16 oz.</p><p>$9.99 ($0.62 / oz)</p><a href="https://www.amazon.com/dp/B09LZ7YCF7?tag=eloabder-20&linkCode=osi&th=1&psc=1">View Product</a></div><div class="product"><a href="https://www.amazon.com/dp/B000M69QRU?tag=eloabder-20&linkCode=osi&th=1&psc=1"><img src="https://m.media-amazon.com/images/I/51EyH2xvyyS._SL500_.jpg" alt="Product Image"></a><p>Ocean Spray Craisins Dried Cranberries, Original, 48 Ounce</p><p>$7.62 ($0.16 / Fl Oz)</p><a href="https://www.amazon.com/dp/B000M69QRU?tag=eloabder-20&linkCode=osi&th=1&psc=1">View Product</a></div><div class="product"><a href="https://www.amazon.com/dp/B09YTMZ1GP?tag=eloabder-20&linkCode=osi&th=1&psc=1"><img src="https://m.media-amazon.com/images/I/51+y56cVq0L._SL500_.jpg" alt="Product Image"></a><p>Oregon Farm Fresh Snacks Dried Fruit Mix – 24oz Healthy Snacks - Fresh and Natural Fruit Trail Mix – Mixed Fruit Snacks for Adults and Kids – Ideal for Breakfast, Cakes, Snacks</p><p>$17.99 ($0.75 / Ounce)</p><a href="https://www.amazon.com/dp/B09YTMZ1GP?tag=eloabder-20&linkCode=osi&th=1&psc=1">View Product</a></div><div class="product"><a href="https://www.amazon.com/dp/B08Z5QXBK1?tag=eloabder-20&linkCode=osi&th=1&psc=1"><img src="https://m.media-amazon.com/images/I/51a0Oclr3nS._SL500_.jpg" alt="Product Image"></a><p>Dried Cherries Tart Cherry, 1lb. Montmorency Tart Cherries, Dried Sour Cherries Fresh, Montmorency Dried Tart Cherries, Dried Cherries, All-Natural Whole Sour Cherry 16 oz.</p><p>$14.28 ($0.89 / oz)</p><a href="https://www.amazon.com/dp/B08Z5QXBK1?tag=eloabder-20&linkCode=osi&th=1&psc=1">View Product</a></div><div class="product"><a href="https://www.amazon.com/dp/B00F34772M?tag=eloabder-20&linkCode=osi&th=1&psc=1"><img src="https://m.media-amazon.com/images/I/51AsgKQIMiL._SL500_.jpg" alt="Product Image"></a><p>A Gift Inside Sweet Bloom Dried Fruit Deluxe Tray Basket Arrangement for Holiday Birthday Healthy Snack Business Kosher</p><p>$33.20</p><a href="https://www.amazon.com/dp/B00F34772M?tag=eloabder-20&linkCode=osi&th=1&psc=1">View Product</a></div><div class="product"><a href="https://www.amazon.com/dp/B01N057EEP?tag=eloabder-20&linkCode=osi&th=1&psc=1"><img src="https://m.media-amazon.com/images/I/51MrelYxkML._SL500_.jpg" alt="Product Image"></a><p>Mavuno Harvest Organic Dried Fruit Variety Pack | Dried Mango, Pineapple, and Jackfruit | Healthy, Vegan, No Sugar Added, Non GMO Snacks for Kids & Adults | 2 Ounce, Pack of 3</p><p>$13.99 ($2.33 / Ounce)</p><a href="https://www.amazon.com/dp/B01N057EEP?tag=eloabder-20&linkCode=osi&th=1&psc=1">View Product</a></div><div class="product"><a href="https://www.amazon.com/dp/B08JWR4M3F?tag=eloabder-20&linkCode=osi&th=1&psc=1"><img src="https://m.media-amazon.com/images/I/41rjnxAN2FL._SL500_.jpg" alt="Product Image"></a><p>Sunrise Fresh Dried Sweet Cherries, Unsweetened, No Sugar Added, Fresh Fruit Flavor, 1 lb Bag</p><p>$14.49 ($0.91 / oz)</p><a href="https://www.amazon.com/dp/B08JWR4M3F?tag=eloabder-20&linkCode=osi&th=1&psc=1">View Product</a></div><div class="product"><a href="https://www.amazon.com/dp/B08YP8NQP4?tag=eloabder-20&linkCode=osi&th=1&psc=1"><img src="https://m.media-amazon.com/images/I/51GM51afRIS._SL500_.jpg" alt="Product Image"></a><p>Whole Dried Blueberries, No Sugar Added, Bulk, Dehydrated, Dried Unsweetened Blueberries, All Natural, Non-GMO, 1 Pound. - 16 oz.</p><p>$17.44 ($1.09 / oz)</p><a href="https://www.amazon.com/dp/B08YP8NQP4?tag=eloabder-20&linkCode=osi&th=1&psc=1">View Product</a></div>
<div class="product"><a href="https://www.amazon.com/dp/B084T1VWP5?tag=eloabder-20&linkCode=osi&th=1&psc=1"><img src="https://m.media-amazon.com/images/I/51o0utHF41L._SL500_.jpg" alt="Product Image"></a><p>Planters Pop & Pour Dry Roasted Sunflower Seeds, (4 - 5.85 oz. Jars)</p><p>$7.96 ($0.34 / Ounce)</p><a href="https://www.amazon.com/dp/B084T1VWP5?tag=eloabder-20&linkCode=osi&th=1&psc=1">View Product</a></div><div class="product"><a href="https://www.amazon.com/dp/B07TZX3KQZ?tag=eloabder-20&linkCode=osi&th=1&psc=1"><img src="https://m.media-amazon.com/images/I/41OvCvu5E9L._SL500_.jpg" alt="Product Image"></a><p>Yupik Organic Super 6 Seeds Mix, 2.2 lb, Non-GMO, Vegan</p><p>$11.99 ($0.34 / Ounce)</p><a href="https://www.amazon.com/dp/B07TZX3KQZ?tag=eloabder-20&linkCode=osi&th=1&psc=1">View Product</a></div><div class="product"><a href="https://www.amazon.com/dp/B07W7ZZJQB?tag=eloabder-20&linkCode=osi&th=1&psc=1"><img src="https://m.media-amazon.com/images/I/51jbKA5l0CL._SL500_.jpg" alt="Product Image"></a><p>Southern Style Nuts Gourmet Hunter Mix, 23 Ounces, Sesame Sticks, Peanuts, Sunflower Kernels, Almonds, Cashews, and Pepitas</p><p>$7.92 ($0.34 / Ounce)</p><a href="https://www.amazon.com/dp/B07W7ZZJQB?tag=eloabder-20&linkCode=osi&th=1&psc=1">View Product</a></div><div class="product"><a href="https://www.amazon.com/dp/B089LJB5F5?tag=eloabder-20&linkCode=osi&th=1&psc=1"><img src="https://m.media-amazon.com/images/I/51kS4PKIyZL._SL500_.jpg" alt="Product Image"></a><p>Fisher Oven Roasted Never Fried Deluxe Mixed Nuts, 24 Ounces (Pack of 1), Almonds, Cashews, Pecans, Pistachios, Snacks for Adults, Made With Sea Salt, No Added Oil, Artificial Ingredients or Preservatives, Trail Mix, Gluten Free</p><p>$17.09 ($0.71 / Ounce)</p><a href="https://www.amazon.com/dp/B089LJB5F5?tag=eloabder-20&linkCode=osi&th=1&psc=1">View Product</a></div><div class="product"><a href="https://www.amazon.com/dp/B077HZW2FX?tag=eloabder-20&linkCode=osi&th=1&psc=1"><img src="https://m.media-amazon.com/images/I/51AQx+2kfEL._SL500_.jpg" alt="Product Image"></a><p>BetterBody Foods Superfood Organic Super Seeds - Blend of Organic Chia Seeds, Milled Flax Seed, Hemp Hearts, Add to Smoothies Shakes & More, 1lb, 16 oz</p><p>$10.66 ($0.67 / Ounce)</p><a href="https://www.amazon.com/dp/B077HZW2FX?tag=eloabder-20&linkCode=osi&th=1&psc=1">View Product</a></div><div class="product"><a href="https://www.amazon.com/dp/B00PPKSZO8?tag=eloabder-20&linkCode=osi&th=1&psc=1"><img src="https://m.media-amazon.com/images/I/41Q7alFU8RL._SL500_.jpg" alt="Product Image"></a><p>PLANTERS Unsalted Mixed Nuts, Cashews, Almonds, Hazelnuts, Pecans, Pistachios no Shell, Party Snacks, Plant-Based Protein, Quick Snack for Adults, After School Snack, Kosher, 2.16lb Container</p><p>$17.26 ($0.50 / Fl Oz)</p><a href="https://www.amazon.com/dp/B00PPKSZO8?tag=eloabder-20&linkCode=osi&th=1&psc=1">View Product</a></div><div class="product"><a href="https://www.amazon.com/dp/B0CHLKJ7JM?tag=eloabder-20&linkCode=osi&th=1&psc=1"><img src="https://m.media-amazon.com/images/I/51sXps1S2KL._SL500_.jpg" alt="Product Image"></a><p>KIND Seeds Fruit & Nuts Snack Bar, Orange Cranberry | 5g Protein, High Fiber, Gluten Free Bars, 1.4 OZ, 12 Count</p><p>$14.96 ($1.25 / Count)</p><a href="https://www.amazon.com/dp/B0CHLKJ7JM?tag=eloabder-20&linkCode=osi&th=1&psc=1">View Product</a></div><div class="product"><a href="https://www.amazon.com/dp/B0CHLD9ZKL?tag=eloabder-20&linkCode=osi&th=1&psc=1"><img src="https://m.media-amazon.com/images/I/51l78v8NL9L._SL500_.jpg" alt="Product Image"></a><p>KIND Seeds Fruit & Nuts Snack Bar, Strawberry Sunflower Seed | 5g Protein, High Fiber, Gluten Free Bars, 1.4 OZ, 12 Count</p><p>$13.58 ($1.13 / Count)</p><a href="https://www.amazon.com/dp/B0CHLD9ZKL?tag=eloabder-20&linkCode=osi&th=1&psc=1">View Product</a></div><div class="product"><a href="https://www.amazon.com/dp/B079WN7C3F?tag=eloabder-20&linkCode=osi&th=1&psc=1"><img src="https://m.media-amazon.com/images/I/41YqpED33FL._SL500_.jpg" alt="Product Image"></a><p>GERBS Raw Super 7 Seed Snack Trail Mix 1 LBS. | Top 14 Food Allergy Free | Resealable Bulk Bag | Made in USA | Raw Pumpkin | Sunflower | Brown & Golden Flax | Black & White Chia | Hemp | Gluten Free</p><p>$14.99 ($0.94 / Ounce)</p><a href="https://www.amazon.com/dp/B079WN7C3F?tag=eloabder-20&linkCode=osi&th=1&psc=1">View Product</a></div><div class="product"><a href="https://www.amazon.com/dp/B00CYK8DOE?tag=eloabder-20&linkCode=osi&th=1&psc=1"><img src="https://m.media-amazon.com/images/I/41hvbaCdz6L._SL500_.jpg" alt="Product Image"></a><p>Oh! Nuts Roasted Salted Pumpkin Seeds | Resealable 2LB Bulk Bag of Unshelled Pepitas | All-Natural Protein Power for Gluten-Free & Vegan Snacking | Fresh & Healthy Keto Snacks</p><p>$18.81 ($0.59 / Ounce)</p><a href="https://www.amazon.com/dp/B00CYK8DOE?tag=eloabder-20&linkCode=osi&th=1&psc=1">View Product</a></div>

<div class="product"><a href="https://www.amazon.com/dp/B08TTFGPS5?tag=eloabder-20&linkCode=osi&th=1&psc=1"><img src="https://m.media-amazon.com/images/I/51LP-kQBLAL._SL500_.jpg" alt="Product Image"></a><p>Pine River Cheese Spreads - Variety Pack 3 8oz. Sharp Cheddar-Garlic & Herb-Swiss (24oz)</p><p>$21.93 ($0.91 / Ounce)</p><a href="https://www.amazon.com/dp/B08TTFGPS5?tag=eloabder-20&linkCode=osi&th=1&psc=1">View Product</a></div><div class="product"><a href="https://www.amazon.com/dp/B09GW71DPQ?tag=eloabder-20&linkCode=osi&th=1&psc=1"><img src="https://m.media-amazon.com/images/I/41BpjCgQpKL._SL500_.jpg" alt="Product Image"></a><p>Port Wine Cheese Spread 8 Ounce (Pack of 4)</p><p>$26.10 ($0.82 / Ounce)</p><a href="https://www.amazon.com/dp/B09GW71DPQ?tag=eloabder-20&linkCode=osi&th=1&psc=1">View Product</a></div><div class="product"><a href="https://www.amazon.com/dp/B006G4NCT0?tag=eloabder-20&linkCode=osi&th=1&psc=1"><img src="https://m.media-amazon.com/images/I/41-Krj0PbcL._SL500_.jpg" alt="Product Image"></a><p>Sharp Cheddar Cheese Spread 8 Ounce (Pack of 4)</p><p>$25.90 ($1.08 / Ounce)</p><a href="https://www.amazon.com/dp/B006G4NCT0?tag=eloabder-20&linkCode=osi&th=1&psc=1">View Product</a></div><div class="product"><a href="https://www.amazon.com/dp/B09SM3L7LN?tag=eloabder-20&linkCode=osi&th=1&psc=1"><img src="https://m.media-amazon.com/images/I/417W7hKPcvL._SL500_.jpg" alt="Product Image"></a><p>Cheese Snack Spread Variety 4 Pack</p><p>$34.00 ($1.06 / Ounce)</p><a href="https://www.amazon.com/dp/B09SM3L7LN?tag=eloabder-20&linkCode=osi&th=1&psc=1">View Product</a></div>
<div class="product"><a href="https://www.amazon.com/dp/B08CNRQ2C6?tag=eloabder-20&linkCode=osi&th=1&psc=1"><img src="https://m.media-amazon.com/images/I/41ps--esahL._SL500_.jpg" alt="Product Image"></a><p>HOIST Premium Military Hydration Electrolyte Drink, Powerful IV-Level Hydration, Clinically Proven Performance Drink, Peach Mango, 16 Fl Oz (Pack of 12)</p><p>$29.99 ($0.16 / Fl Oz)</p><a href="https://www.amazon.com/dp/B08CNRQ2C6?tag=eloabder-20&linkCode=osi&th=1&psc=1">View Product</a></div><div class="product"><a href="https://www.amazon.com/dp/B082BG3XYZ?tag=eloabder-20&linkCode=osi&th=1&psc=1"><img src="https://m.media-amazon.com/images/I/51+XFCzX3zL._SL500_.jpg" alt="Product Image"></a><p>UPTIME – Blueberry Pomegranate - Zero Sugar (12 Pack), Premium Energy Drink, 12oz Bottles, Natural Caffeine, Sparkling, Natural Flavors, 5 Calories…</p><p>$28.99 ($0.20 / Fl Oz)</p><a href="https://www.amazon.com/dp/B082BG3XYZ?tag=eloabder-20&linkCode=osi&th=1&psc=1">View Product</a></div><div class="product"><a href="https://www.amazon.com/dp/B0BSP3R4JX?tag=eloabder-20&linkCode=osi&th=1&psc=1"><img src="https://m.media-amazon.com/images/I/41TvMVYbcjL._SL500_.jpg" alt="Product Image"></a><p>Barcode Premium Hydration Drink - No Added Sugars, Variety Pack (12 Pack) - Plant-Based Beverage - Adaptogen Drink with Electrolytes for Immunity & Performance</p><p>$29.88 ($0.15 / Fl Oz)</p><a href="https://www.amazon.com/dp/B0BSP3R4JX?tag=eloabder-20&linkCode=osi&th=1&psc=1">View Product</a></div><div class="product"><a href="https://www.amazon.com/dp/B0CYL4CCKM?tag=eloabder-20&linkCode=osi&th=1&psc=1"><img src="https://m.media-amazon.com/images/I/514q0PPV9+L._SL500_.jpg" alt="Product Image"></a><p>ProBaller Ultra Premium Energy Drink - Wild Berry ZERO</p><p>$35.99 ($0.20 / Fl Oz)</p><a href="https://www.amazon.com/dp/B0CYL4CCKM?tag=eloabder-20&linkCode=osi&th=1&psc=1">View Product</a></div><div class="product"><a href="https://www.amazon.com/dp/B0D2BKB2J3?tag=eloabder-20&linkCode=osi&th=1&psc=1"><img src="https://m.media-amazon.com/images/I/41MbnJUx3LL._SL500_.jpg" alt="Product Image"></a><p>ProBaller Ultra Premium Energy Drink - Sugar Free</p><p>$35.99 ($0.20 / Fl Oz)</p><a href="https://www.amazon.com/dp/B0D2BKB2J3?tag=eloabder-20&linkCode=osi&th=1&psc=1">View Product</a></div><div class="product"><a href="https://www.amazon.com/dp/B0CYJXMRKS?tag=eloabder-20&linkCode=osi&th=1&psc=1"><img src="https://m.media-amazon.com/images/I/41gt6X6dVdL._SL500_.jpg" alt="Product Image"></a><p>Joggy Clean Energy Drink - 4-Pack Tart Cherry & Hibiscus - 150mg Organic Guayusa Caffeine - Zero Added Sugar, Vegan, Plant-Based, Natural Healthy Boost, Premium Beverage</p><p>$13.99 ($0.44 / Fl Oz)</p><a href="https://www.amazon.com/dp/B0CYJXMRKS?tag=eloabder-20&linkCode=osi&th=1&psc=1">View Product</a></div><div class="product"><a href="https://www.amazon.com/dp/B081QCCN21?tag=eloabder-20&linkCode=osi&th=1&psc=1"><img src="https://m.media-amazon.com/images/I/61k-oHxeO2L._SL500_.jpg" alt="Product Image"></a><p>Hawaiian Sun Premium Tropical Juice Drink Party Bundle of 10 Assorted Flavors (24 Cans Total)</p><p>$44.95 ($0.16 / Fl Oz )</p><a href="https://www.amazon.com/dp/B081QCCN21?tag=eloabder-20&linkCode=osi&th=1&psc=1">View Product</a></div><div class="product"><a href="https://www.amazon.com/dp/B0CCHW3Q8Q?tag=eloabder-20&linkCode=osi&th=1&psc=1"><img src="https://m.media-amazon.com/images/I/414+SPv3c5L._SL500_.jpg" alt="Product Image"></a><p>Camp Craft Cocktail Mix - Flo'rita | Premium Drink Mixer Infusion Kit with Dehydrated Fruit, Herbs and Vegan Sugar | 16 oz Glass Jar Mixer for Cocktails, Margaritas, and Mocktails - Serves 8</p><p>$25.00 ($1.56 / Fl Oz)</p><a href="https://www.amazon.com/dp/B0CCHW3Q8Q?tag=eloabder-20&linkCode=osi&th=1&psc=1">View Product</a></div><div class="product"><a href="https://www.amazon.com/dp/B0CVQN2NBB?tag=eloabder-20&linkCode=osi&th=1&psc=1"><img src="https://m.media-amazon.com/images/I/51bpS7Tlj2L._SL500_.jpg" alt="Product Image"></a><p>Starbucks Cold Brew Coffee, Vanilla Sweet Cream, 11 fl oz Cans (12 Pack), Premium Coffee Drink, Iced Coffee</p><p>$39.39 ($0.30 / Fl Oz)</p><a href="https://www.amazon.com/dp/B0CVQN2NBB?tag=eloabder-20&linkCode=osi&th=1&psc=1">View Product</a></div>
<div class="product"><a href="https://www.amazon.com/dp/B08PW3LK4T?tag=eloabder-20&linkCode=osi&th=1&psc=1"><img src="https://m.media-amazon.com/images/I/41TLoWBkNWL._SL500_.jpg" alt="Product Image"></a><p>Classic Ginger Beer, Regatta Craft Mixers, All-Natural Ingredients, Non-GMO, 7.5oz, Case of 24 Sleek Cans</p><p>$29.98 ($0.17 / Fl Oz)</p><a href="https://www.amazon.com/dp/B08PW3LK4T?tag=eloabder-20&linkCode=osi&th=1&psc=1">View Product</a></div><div class="product"><a href="https://www.amazon.com/dp/B08KTP2999?tag=eloabder-20&linkCode=osi&th=1&psc=1"><img src="https://m.media-amazon.com/images/I/41tC0pFgGtL._SL500_.jpg" alt="Product Image"></a><p>ABC Crafted Series Beer Making Kit | Beer Making Ingredients for Home Brewing | Yields 6 Gallons of Beer | Brown Ale</p><p>$25.00</p><a href="https://www.amazon.com/dp/B08KTP2999?tag=eloabder-20&linkCode=osi&th=1&psc=1">View Product</a></div><div class="product"><a href="https://www.amazon.com/dp/B01KSD9JKU?tag=eloabder-20&linkCode=osi&th=1&psc=1"><img src="https://m.media-amazon.com/images/I/517aGsVY9qL._SL500_.jpg" alt="Product Image"></a><p>Beer-infused Hot Sauce Variety 3-pack (Includes Asian Sriracha, Garlic Serrano, & Roasty Chipotle) - Craft Beer Gift, Hot Sauce Gift Set, Beer Sauce, BBQ Sauce, Beer Lover, Grill + Man Cave</p><p>$27.99 ($1.87 / Fl Oz)</p><a href="https://www.amazon.com/dp/B01KSD9JKU?tag=eloabder-20&linkCode=osi&th=1&psc=1">View Product</a></div><div class="product"><a href="https://www.amazon.com/dp/B0C9KKG6C6?tag=eloabder-20&linkCode=osi&th=1&psc=1"><img src="https://m.media-amazon.com/images/I/41Rxjjlu5+L._SL500_.jpg" alt="Product Image"></a><p>Plochman, Craft Beer Mustard (Brickstone), 11 oz, Blended Mustard</p><p>$6.99 ($0.64 / Ounce)</p><a href="https://www.amazon.com/dp/B0C9KKG6C6?tag=eloabder-20&linkCode=osi&th=1&psc=1">View Product</a></div><div class="product"><a href="https://www.amazon.com/dp/B01692UXRW?tag=eloabder-20&linkCode=osi&th=1&psc=1"><img src="https://m.media-amazon.com/images/I/51qUU-Fjx5L._SL500_.jpg" alt="Product Image"></a><p>BREW CANDY | Hoppy IPA + Roasty Stout + Honey Ale | Great Craft Beer Gift for Beer Drinkers and Candy Lovers | Perfect for the Man Cave, Brewery, Office, or Home | MADE IN USA</p><p>$9.99 ($2.50 / Ounce)</p><a href="https://www.amazon.com/dp/B01692UXRW?tag=eloabder-20&linkCode=osi&th=1&psc=1">View Product</a></div><div class="product"><a href="https://www.amazon.com/dp/B07L1M2P57?tag=eloabder-20&linkCode=osi&th=1&psc=1"><img src="https://m.media-amazon.com/images/I/415wGhwZDvL._SL500_.jpg" alt="Product Image"></a><p>Unique Snacks Sourdough Craft Beer Pretzel Rings, Delicious Homestyle Baked Snack Bag, Vegan, OU Kosher, and Non-GMO Food, No Artificial Flavor, 11 Oz. Bag, Pack of 6</p><p>$24.99 ($0.38 / Ounce)</p><a href="https://www.amazon.com/dp/B07L1M2P57?tag=eloabder-20&linkCode=osi&th=1&psc=1">View Product</a></div>
<div class="product"><a href="https://www.amazon.com/dp/B0CD79R3QZ?tag=eloabder-20&linkCode=osi&th=1&psc=1"><img src="https://m.media-amazon.com/images/I/21X3VVYgpXL._SL500_.jpg" alt="Product Image"></a><p>French Bloom Le Blanc Alcohol-Free Sparkling Wine, 750ml - Certified Organic, Vegan, Halal, Low Calorie, Sulfite Free - Made with Fine Organic Wine, No Preservatives or Added Sugar</p><p>$41.00 ($1.61 / Fl Oz)</p><a href="https://www.amazon.com/dp/B0CD79R3QZ?tag=eloabder-20&linkCode=osi&th=1&psc=1">View Product</a></div><div class="product"><a href="https://www.amazon.com/dp/B0D6HWD369?tag=eloabder-20&linkCode=osi&th=1&psc=1"><img src="https://m.media-amazon.com/images/I/31U1YybAm5L._SL500_.jpg" alt="Product Image"></a><p>Saint Viviana Non-Alcoholic Sauvignon Blanc, Crisp Dry White Wine with Fresh Fruit Flavor & Floral Notes, Made in Washington State, 24.6 Fl Oz Bottle</p><p>$22.99 ($0.93 / Fl Oz)</p><a href="https://www.amazon.com/dp/B0D6HWD369?tag=eloabder-20&linkCode=osi&th=1&psc=1">View Product</a></div><div class="product"><a href="https://www.amazon.com/dp/B0D244C3VJ?tag=eloabder-20&linkCode=osi&th=1&psc=1"><img src="https://m.media-amazon.com/images/I/416UnLmeDPL._SL500_.jpg" alt="Product Image"></a><p>Monari Marsala Fine Wine PDO Glaze| 9 Ounce, Pack of 6</p><p>$37.99 ($6.33 / Count)</p><a href="https://www.amazon.com/dp/B0D244C3VJ?tag=eloabder-20&linkCode=osi&th=1&psc=1">View Product</a></div><div class="product"><a href="https://www.amazon.com/dp/B0054KSA5I?tag=eloabder-20&linkCode=osi&th=1&psc=1"><img src="https://m.media-amazon.com/images/I/41Dk7Gmm5xL._SL500_.jpg" alt="Product Image"></a><p>Regina Fine Red Wine Vinegar, 12 Fl Oz</p><p>$12.94 ($1.08 / Fl Oz)</p><a href="https://www.amazon.com/dp/B0054KSA5I?tag=eloabder-20&linkCode=osi&th=1&psc=1">View Product</a></div><div class="product"><a href="https://www.amazon.com/dp/B0CC6JY2CM?tag=eloabder-20&linkCode=osi&th=1&psc=1"><img src="https://m.media-amazon.com/images/I/31FVY0Kg2cL._SL500_.jpg" alt="Product Image"></a><p>ST. REGIS Cabernet Sauvignon 25.4 Fl Oz (1 Pack) - Low Calorie and Sugar - Fruity & Spicy Rich Flavor from North of Spain Vineyards</p><p>$17.95 ($0.71 / Fl Oz)</p><a href="https://www.amazon.com/dp/B0CC6JY2CM?tag=eloabder-20&linkCode=osi&th=1&psc=1">View Product</a></div><div class="product"><a href="https://www.amazon.com/dp/B0CLYLY93H?tag=eloabder-20&linkCode=osi&th=1&psc=1"><img src="https://m.media-amazon.com/images/I/31cSVgLe1sL._SL500_.jpg" alt="Product Image"></a><p>Chateau del ISH Sparkling Rosé | Award-Winning Non-Alcoholic Sparkling Wine | De-Alcoholized Blend of Merlot & Pinot Noir Grapes | Only 9 grams of Sugar | 45 Calories per Serving | 750 ml Bottle</p><p>$23.99 ($0.94 / Fl Oz)</p><a href="https://www.amazon.com/dp/B0CLYLY93H?tag=eloabder-20&linkCode=osi&th=1&psc=1">View Product</a></div><div class="product"><a href="https://www.amazon.com/dp/B00075WK10?tag=eloabder-20&linkCode=osi&th=1&psc=1"><img src="https://m.media-amazon.com/images/I/41wn5BC9e3L._SL500_.jpg" alt="Product Image"></a><p>Mantova Italian White Wine Vinegar 17 oz (Pack of 2). Made with traditional methods and aged in fine wood casks, it retains the flavor of the wine, accented by the crisp character of the vinegar.</p><p>$12.97 ($7.21 / Fl Oz)</p><a href="https://www.amazon.com/dp/B00075WK10?tag=eloabder-20&linkCode=osi&th=1&psc=1">View Product</a></div>

    </div>

    <!-- Bouton flottant -->
    <button class="floating-button" onclick="window.location.href='https://www.iasmarket.us'">HOME</button>
<div class="pagination">
        <<a href="https://iasmarket.github.io/GroceryAndGourmetFood/">0</a>
        <a href="https://iasmarket.github.io/GroceryAndGourmetFood/1">1</a>
        <a href="https://iasmarket.github.io/GroceryAndGourmetFood/2">2</a>
        <a href="https://iasmarket.github.io/GroceryAndGourmetFood/3">3</a>
        <!-- Ajoutez plus de liens si nécessaire -->
    </div>
    <script>
        function updateTime() {
            const optionsDate = {
                timeZone: 'America/Los_Angeles',
                year: 'numeric',
                month: 'long',
                day: 'numeric',
                weekday: 'long'
            };
            const optionsTime = {
                timeZone: 'America/Los_Angeles',
                hour: '2-digit',
                minute: '2-digit',
                second: '2-digit'
            };

            const now = new Date();
            const formatterDate = new Intl.DateTimeFormat('en-US', optionsDate);
            const formatterTime = new Intl.DateTimeFormat('en-US', optionsTime);

            const formattedDate = formatterDate.format(now);
            const formattedTime = formatterTime.format(now);

            document.getElementById('comment').textContent = "As an AMAZON Associate, I earn from qualifying purchases.";
            document.getElementById('date').textContent = formattedDate;
            document.getElementById('time').textContent = formattedTime;
        }

        updateTime();
        setInterval(updateTime, 1000);
    </script>
</body>

</html>
