    <!DOCTYPE html>
    <html lang="en">
    
    <head>
        <meta charset="UTF-8">
        <meta http-equiv="X-UA-Compatible" content="IE=edge">
        <meta name="viewport" content="width=device-width, initial-scale=1.0">
        <title>IaSmarKet Products</title>
        <style>
            body {
                background-color: black;
                color: white;
                font-family: Arial, sans-serif;
            }
    
            .datetime {
                text-align: center;
                color: gray;
                margin-top: 20px;
            }
    
            .date,
            .time {
                font-size: 48px;
            }
    
            .container {
                display: flex;
                flex-wrap: wrap;
                justify-content: center;
                align-items: flex-start;
                min-height: calc(100vh - 7cm);
                padding: 20px;
            }
    
            .product {
                width: calc(100% / 4 - 40px);
                margin: 10px;
                text-align: center;
                border: 1px solid red;
                border-radius: 10px;
                overflow: hidden;
                padding: 10px;
                display: flex;
                flex-direction: column;
                background-color: black;
                color: white;
                transition: transform 0.3s;
            }
    
            .product:hover {
                transform: scale(1.05);
            }
    
            .product .content {
                height: 200px;
                overflow: hidden;
            }
    
            .product img {
                width: 100%;
                height: 200px;
                object-fit: cover;
            }
    
            .product .description {
                margin-top: 10px;
                flex-grow: 1;
            }
    
            .product .more-link {
                margin-top: 5px;
                cursor: pointer;
                color: blue;
                text-decoration: underline;
            }
    
            .pagination {
                text-align: center;
                margin: 20px 0;
                width: 100%;
            }
    
            .pagination a {
                color: white;
                padding: 8px 16px;
                text-decoration: none;
                background-color: gray;
                margin: 0 4px;
                border-radius: 4px;
            }
    
            .pagination a:hover {
                background-color: #575757;
            }
    
            @media (min-width: 768px) and (max-width: 991px) {
                .product {
                    width: calc(100% / 3 - 40px);
                }
            }
    
            @media (max-width: 767px) {
                .product {
                    width: calc(100% - 40px);
                }
            }
    
            /* Style pour le bouton flottant */
            .floating-button {
                position: fixed;
                bottom: 20px;
                right: 20px;
                background-color: red;
                color: white;
                border: none;
                border-radius: 50%;
                width: 60px;
                height: 60px;
                text-align: center;
                font-size: 18px;
                cursor: pointer;
                z-index: 1000;
                box-shadow: 0 4px 8px rgba(0, 0, 0, 0.2);
            }
    
            /* Style pour la barre de recherche */
            .search-bar {
                width: 100%;
                text-align: center;
                margin: 20px 0;
            }
    
            .search-bar input {
                width: 50%;
                padding: 10px;
                border-radius: 5px;
                border: none;
                font-size: 16px;
            }
    
            @media (max-width: 767px) {
                .search-bar input {
                    width: 80%;
                }
            }
        </style>
    </head>
    
    <body>
        <div class="datetime">
            <div class="date" id="comment"></div>
            <div class="date" id="date"></div>
            <div class="time" id="time"></div>
        </div>
        <!-- Pagination -->
        <div class="pagination">Pages :

         
            </div>
                <!-- Barre de recherche -->
                <div class="search-bar">serche:
                <input type="text" id="searchInput" placeholder=" search and filter by product / name Ex:'Blender' / discount percentage Ex:'30%' ..." onkeyup="filterProducts()">
                </div>

                <div class="container" id="productContainer">
                    <!-- Exemple de produits -->
          
            

<div class="product"><a href="https://www.amazon.com/dp/B0025W9A5C?tag=eloabder-20&linkCode=osi&th=1&psc=1"><img src="https://m.media-amazon.com/images/I/51Oz8SNo83L._SL500_.jpg" alt="Product Image"></a><p>Nature Valley Crunchy Oats 'n Honey Granola Bars, 60 Bars, 44.7 OZ (30 Pouches)</p><p> -33% 0FF </p><p>$7.49 ($0.17 / Ounce)</p><a href="https://www.amazon.com/dp/B0025W9A5C?tag=eloabder-20&linkCode=osi&th=1&psc=1">View Product</a></div><div class="product"><a href="https://www.amazon.com/dp/B01MRZZ3KC?tag=eloabder-20&linkCode=osi&th=1&psc=1"><img src="https://m.media-amazon.com/images/I/512IgtvlLyL._SL500_.jpg" alt="Product Image"></a><p>Quaker Chewy Granola Bars, Chocolate Chip, 58 Count - Packaging May Vary</p><p> -9% 0FF </p><p>$11.19 ($0.23 / Ounce)</p><a href="https://www.amazon.com/dp/B01MRZZ3KC?tag=eloabder-20&linkCode=osi&th=1&psc=1">View Product</a></div><div class="product"><a href="https://www.amazon.com/dp/B00GHPC47O?tag=eloabder-20&linkCode=osi&th=1&psc=1"><img src="https://m.media-amazon.com/images/I/51YsdKn53VS._SL500_.jpg" alt="Product Image"></a><p>Quaker Chewy Granola Bars, Variety Pack, 18 Count</p><p> -20% 0FF </p><p>$3.97 ($0.26 / Ounce)</p><a href="https://www.amazon.com/dp/B00GHPC47O?tag=eloabder-20&linkCode=osi&th=1&psc=1">View Product</a></div><div class="product"><a href="https://www.amazon.com/dp/B0D9R1BMJR?tag=eloabder-20&linkCode=osi&th=1&psc=1"><img src="https://m.media-amazon.com/images/I/51ksmfNpCJL._SL500_.jpg" alt="Product Image"></a><p>Quaker Chewy Granola Bars, Chewy & Dipps Variety Pack, (58 Bars), Whole Grains, No Artificial Flavors, No Added Colors</p><p> -31% 0FF </p><p>$11.87 ($0.22 / Ounce)</p><a href="https://www.amazon.com/dp/B0D9R1BMJR?tag=eloabder-20&linkCode=osi&th=1&psc=1">View Product</a></div><div class="product"><a href="https://www.amazon.com/dp/B077KYKYKN?tag=eloabder-20&linkCode=osi&th=1&psc=1"><img src="https://m.media-amazon.com/images/I/51qz85lOK2S._SL500_.jpg" alt="Product Image"></a><p>Quaker Chewy Lower Sugar Granola Bars, Chocolate Chip, 58 Count</p><p> -35% 0FF </p><p>$11.19 ($0.23 / Ounce)</p><a href="https://www.amazon.com/dp/B077KYKYKN?tag=eloabder-20&linkCode=osi&th=1&psc=1">View Product</a></div>

<div class="product"><a href="https://www.amazon.com/dp/B0025W9A5C?tag=eloabder-20&linkCode=osi&th=1&psc=1"><img src="https://m.media-amazon.com/images/I/51Oz8SNo83L._SL500_.jpg" alt="Product Image"></a><p>Nature Valley Crunchy Oats 'n Honey Granola Bars, 60 Bars, 44.7 OZ (30 Pouches)</p><p> -33% 0FF </p><p>$7.49 ($0.17 / Ounce)</p><a href="https://www.amazon.com/dp/B0025W9A5C?tag=eloabder-20&linkCode=osi&th=1&psc=1">View Product</a></div><div class="product"><a href="https://www.amazon.com/dp/B01MRZZ3KC?tag=eloabder-20&linkCode=osi&th=1&psc=1"><img src="https://m.media-amazon.com/images/I/512IgtvlLyL._SL500_.jpg" alt="Product Image"></a><p>Quaker Chewy Granola Bars, Chocolate Chip, 58 Count - Packaging May Vary</p><p> -9% 0FF </p><p>$11.19 ($0.23 / Ounce)</p><a href="https://www.amazon.com/dp/B01MRZZ3KC?tag=eloabder-20&linkCode=osi&th=1&psc=1">View Product</a></div><div class="product"><a href="https://www.amazon.com/dp/B00GHPC47O?tag=eloabder-20&linkCode=osi&th=1&psc=1"><img src="https://m.media-amazon.com/images/I/51YsdKn53VS._SL500_.jpg" alt="Product Image"></a><p>Quaker Chewy Granola Bars, Variety Pack, 18 Count</p><p> -20% 0FF </p><p>$3.97 ($0.26 / Ounce)</p><a href="https://www.amazon.com/dp/B00GHPC47O?tag=eloabder-20&linkCode=osi&th=1&psc=1">View Product</a></div><div class="product"><a href="https://www.amazon.com/dp/B0D9R1BMJR?tag=eloabder-20&linkCode=osi&th=1&psc=1"><img src="https://m.media-amazon.com/images/I/51ksmfNpCJL._SL500_.jpg" alt="Product Image"></a><p>Quaker Chewy Granola Bars, Chewy & Dipps Variety Pack, (58 Bars), Whole Grains, No Artificial Flavors, No Added Colors</p><p> -31% 0FF </p><p>$11.87 ($0.22 / Ounce)</p><a href="https://www.amazon.com/dp/B0D9R1BMJR?tag=eloabder-20&linkCode=osi&th=1&psc=1">View Product</a></div><div class="product"><a href="https://www.amazon.com/dp/B077KYKYKN?tag=eloabder-20&linkCode=osi&th=1&psc=1"><img src="https://m.media-amazon.com/images/I/51qz85lOK2S._SL500_.jpg" alt="Product Image"></a><p>Quaker Chewy Lower Sugar Granola Bars, Chocolate Chip, 58 Count</p><p> -35% 0FF </p><p>$11.19 ($0.23 / Ounce)</p><a href="https://www.amazon.com/dp/B077KYKYKN?tag=eloabder-20&linkCode=osi&th=1&psc=1">View Product</a></div>
<div class="product"><a href="https://www.amazon.com/dp/B07VVGKHLH?tag=eloabder-20&linkCode=osi&th=1&psc=1"><img src="https://m.media-amazon.com/images/I/31hbAFlUK6L._SL500_.jpg" alt="Product Image"></a><p>Amazon Grocery, Garlic Powder, 3.9 Oz (Previously Happy Belly, Packaging May Vary)</p><p> -17% 0FF </p><p>$1.30 ($0.33 / Ounce)</p><a href="https://www.amazon.com/dp/B07VVGKHLH?tag=eloabder-20&linkCode=osi&th=1&psc=1">View Product</a></div>

<div class="product"><a href="https://www.amazon.com/dp/B0025W9A5C?tag=eloabder-20&linkCode=osi&th=1&psc=1"><img src="https://m.media-amazon.com/images/I/51Oz8SNo83L._SL500_.jpg" alt="Product Image"></a><p>Nature Valley Crunchy Oats 'n Honey Granola Bars, 60 Bars, 44.7 OZ (30 Pouches)</p><p> -33% 0FF </p><p>$7.49 ($0.17 / Ounce)</p><a href="https://www.amazon.com/dp/B0025W9A5C?tag=eloabder-20&linkCode=osi&th=1&psc=1">View Product</a></div><div class="product"><a href="https://www.amazon.com/dp/B01MRZZ3KC?tag=eloabder-20&linkCode=osi&th=1&psc=1"><img src="https://m.media-amazon.com/images/I/512IgtvlLyL._SL500_.jpg" alt="Product Image"></a><p>Quaker Chewy Granola Bars, Chocolate Chip, 58 Count - Packaging May Vary</p><p> -9% 0FF </p><p>$11.19 ($0.23 / Ounce)</p><a href="https://www.amazon.com/dp/B01MRZZ3KC?tag=eloabder-20&linkCode=osi&th=1&psc=1">View Product</a></div><div class="product"><a href="https://www.amazon.com/dp/B00GHPC47O?tag=eloabder-20&linkCode=osi&th=1&psc=1"><img src="https://m.media-amazon.com/images/I/51YsdKn53VS._SL500_.jpg" alt="Product Image"></a><p>Quaker Chewy Granola Bars, Variety Pack, 18 Count</p><p> -20% 0FF </p><p>$3.97 ($0.26 / Ounce)</p><a href="https://www.amazon.com/dp/B00GHPC47O?tag=eloabder-20&linkCode=osi&th=1&psc=1">View Product</a></div><div class="product"><a href="https://www.amazon.com/dp/B0D9R1BMJR?tag=eloabder-20&linkCode=osi&th=1&psc=1"><img src="https://m.media-amazon.com/images/I/51ksmfNpCJL._SL500_.jpg" alt="Product Image"></a><p>Quaker Chewy Granola Bars, Chewy & Dipps Variety Pack, (58 Bars), Whole Grains, No Artificial Flavors, No Added Colors</p><p> -31% 0FF </p><p>$11.87 ($0.22 / Ounce)</p><a href="https://www.amazon.com/dp/B0D9R1BMJR?tag=eloabder-20&linkCode=osi&th=1&psc=1">View Product</a></div><div class="product"><a href="https://www.amazon.com/dp/B077KYKYKN?tag=eloabder-20&linkCode=osi&th=1&psc=1"><img src="https://m.media-amazon.com/images/I/51qz85lOK2S._SL500_.jpg" alt="Product Image"></a><p>Quaker Chewy Lower Sugar Granola Bars, Chocolate Chip, 58 Count</p><p> -35% 0FF </p><p>$11.19 ($0.23 / Ounce)</p><a href="https://www.amazon.com/dp/B077KYKYKN?tag=eloabder-20&linkCode=osi&th=1&psc=1">View Product</a></div>
<div class="product"><a href="https://www.amazon.com/dp/B07VVGKHLH?tag=eloabder-20&linkCode=osi&th=1&psc=1"><img src="https://m.media-amazon.com/images/I/31hbAFlUK6L._SL500_.jpg" alt="Product Image"></a><p>Amazon Grocery, Garlic Powder, 3.9 Oz (Previously Happy Belly, Packaging May Vary)</p><p> -17% 0FF </p><p>$1.30 ($0.33 / Ounce)</p><a href="https://www.amazon.com/dp/B07VVGKHLH?tag=eloabder-20&linkCode=osi&th=1&psc=1">View Product</a></div>
<div class="product"><a href="https://www.amazon.com/dp/B000WHSD5A?tag=eloabder-20&linkCode=osi&th=1&psc=1"><img src="https://m.media-amazon.com/images/I/41QwGSr0+IL._SL500_.jpg" alt="Product Image"></a><p>Heinz Tomato Ketchup, 20 oz Bottle</p><p> -36% 0FF </p><p>$2.23 ($0.11 / Ounce)</p><a href="https://www.amazon.com/dp/B000WHSD5A?tag=eloabder-20&linkCode=osi&th=1&psc=1">View Product</a></div><div class="product"><a href="https://www.amazon.com/dp/B0005YKO8E?tag=eloabder-20&linkCode=osi&th=1&psc=1"><img src="https://m.media-amazon.com/images/I/41AFhgJ5V7L._SL500_.jpg" alt="Product Image"></a><p>Heinz Tomato Ketchup, 14 oz Bottle</p><p> -36% 0FF </p><p>$1.56 ($0.11 / Ounce)</p><a href="https://www.amazon.com/dp/B0005YKO8E?tag=eloabder-20&linkCode=osi&th=1&psc=1">View Product</a></div><div class="product"><a href="https://www.amazon.com/dp/B01B2OVUAG?tag=eloabder-20&linkCode=osi&th=1&psc=1"><img src="https://m.media-amazon.com/images/I/41gaLzbBsDL._SL500_.jpg" alt="Product Image"></a><p>Heinz Organic Tomato Ketchup, 32 oz Bottle</p><p> -47% 0FF </p><p>$3.67 ($0.11 / Ounce)</p><a href="https://www.amazon.com/dp/B01B2OVUAG?tag=eloabder-20&linkCode=osi&th=1&psc=1">View Product</a></div>

<div class="product"><a href="https://www.amazon.com/dp/B0025W9A5C?tag=eloabder-20&linkCode=osi&th=1&psc=1"><img src="https://m.media-amazon.com/images/I/51Oz8SNo83L._SL500_.jpg" alt="Product Image"></a><p>Nature Valley Crunchy Oats 'n Honey Granola Bars, 60 Bars, 44.7 OZ (30 Pouches)</p><p> -33% 0FF </p><p>$7.49 ($0.17 / Ounce)</p><a href="https://www.amazon.com/dp/B0025W9A5C?tag=eloabder-20&linkCode=osi&th=1&psc=1">View Product</a></div><div class="product"><a href="https://www.amazon.com/dp/B01MRZZ3KC?tag=eloabder-20&linkCode=osi&th=1&psc=1"><img src="https://m.media-amazon.com/images/I/512IgtvlLyL._SL500_.jpg" alt="Product Image"></a><p>Quaker Chewy Granola Bars, Chocolate Chip, 58 Count - Packaging May Vary</p><p> -9% 0FF </p><p>$11.19 ($0.23 / Ounce)</p><a href="https://www.amazon.com/dp/B01MRZZ3KC?tag=eloabder-20&linkCode=osi&th=1&psc=1">View Product</a></div><div class="product"><a href="https://www.amazon.com/dp/B00GHPC47O?tag=eloabder-20&linkCode=osi&th=1&psc=1"><img src="https://m.media-amazon.com/images/I/51YsdKn53VS._SL500_.jpg" alt="Product Image"></a><p>Quaker Chewy Granola Bars, Variety Pack, 18 Count</p><p> -20% 0FF </p><p>$3.97 ($0.26 / Ounce)</p><a href="https://www.amazon.com/dp/B00GHPC47O?tag=eloabder-20&linkCode=osi&th=1&psc=1">View Product</a></div><div class="product"><a href="https://www.amazon.com/dp/B0D9R1BMJR?tag=eloabder-20&linkCode=osi&th=1&psc=1"><img src="https://m.media-amazon.com/images/I/51ksmfNpCJL._SL500_.jpg" alt="Product Image"></a><p>Quaker Chewy Granola Bars, Chewy & Dipps Variety Pack, (58 Bars), Whole Grains, No Artificial Flavors, No Added Colors</p><p> -31% 0FF </p><p>$11.87 ($0.22 / Ounce)</p><a href="https://www.amazon.com/dp/B0D9R1BMJR?tag=eloabder-20&linkCode=osi&th=1&psc=1">View Product</a></div><div class="product"><a href="https://www.amazon.com/dp/B077KYKYKN?tag=eloabder-20&linkCode=osi&th=1&psc=1"><img src="https://m.media-amazon.com/images/I/51qz85lOK2S._SL500_.jpg" alt="Product Image"></a><p>Quaker Chewy Lower Sugar Granola Bars, Chocolate Chip, 58 Count</p><p> -35% 0FF </p><p>$11.19 ($0.23 / Ounce)</p><a href="https://www.amazon.com/dp/B077KYKYKN?tag=eloabder-20&linkCode=osi&th=1&psc=1">View Product</a></div>
<div class="product"><a href="https://www.amazon.com/dp/B07VVGKHLH?tag=eloabder-20&linkCode=osi&th=1&psc=1"><img src="https://m.media-amazon.com/images/I/31hbAFlUK6L._SL500_.jpg" alt="Product Image"></a><p>Amazon Grocery, Garlic Powder, 3.9 Oz (Previously Happy Belly, Packaging May Vary)</p><p> -17% 0FF </p><p>$1.30 ($0.33 / Ounce)</p><a href="https://www.amazon.com/dp/B07VVGKHLH?tag=eloabder-20&linkCode=osi&th=1&psc=1">View Product</a></div>
<div class="product"><a href="https://www.amazon.com/dp/B000WHSD5A?tag=eloabder-20&linkCode=osi&th=1&psc=1"><img src="https://m.media-amazon.com/images/I/41QwGSr0+IL._SL500_.jpg" alt="Product Image"></a><p>Heinz Tomato Ketchup, 20 oz Bottle</p><p> -36% 0FF </p><p>$2.23 ($0.11 / Ounce)</p><a href="https://www.amazon.com/dp/B000WHSD5A?tag=eloabder-20&linkCode=osi&th=1&psc=1">View Product</a></div><div class="product"><a href="https://www.amazon.com/dp/B0005YKO8E?tag=eloabder-20&linkCode=osi&th=1&psc=1"><img src="https://m.media-amazon.com/images/I/41AFhgJ5V7L._SL500_.jpg" alt="Product Image"></a><p>Heinz Tomato Ketchup, 14 oz Bottle</p><p> -36% 0FF </p><p>$1.56 ($0.11 / Ounce)</p><a href="https://www.amazon.com/dp/B0005YKO8E?tag=eloabder-20&linkCode=osi&th=1&psc=1">View Product</a></div><div class="product"><a href="https://www.amazon.com/dp/B01B2OVUAG?tag=eloabder-20&linkCode=osi&th=1&psc=1"><img src="https://m.media-amazon.com/images/I/41gaLzbBsDL._SL500_.jpg" alt="Product Image"></a><p>Heinz Organic Tomato Ketchup, 32 oz Bottle</p><p> -47% 0FF </p><p>$3.67 ($0.11 / Ounce)</p><a href="https://www.amazon.com/dp/B01B2OVUAG?tag=eloabder-20&linkCode=osi&th=1&psc=1">View Product</a></div>
<div class="product"><a href="https://www.amazon.com/dp/B015UBV4N0?tag=eloabder-20&linkCode=osi&th=1&psc=1"><img src="https://m.media-amazon.com/images/I/51NRndhNwoL._SL500_.jpg" alt="Product Image"></a><p>Crofters Organic Premium Spread, Strawberry, 16.5 oz</p><p> -20% 0FF </p><p>$4.96 ($0.30 / oz)</p><a href="https://www.amazon.com/dp/B015UBV4N0?tag=eloabder-20&linkCode=osi&th=1&psc=1">View Product</a></div>

<div class="product"><a href="https://www.amazon.com/dp/B0025W9A5C?tag=eloabder-20&linkCode=osi&th=1&psc=1"><img src="https://m.media-amazon.com/images/I/51Oz8SNo83L._SL500_.jpg" alt="Product Image"></a><p>Nature Valley Crunchy Oats 'n Honey Granola Bars, 60 Bars, 44.7 OZ (30 Pouches)</p><p> -33% 0FF </p><p>$7.49 ($0.17 / Ounce)</p><a href="https://www.amazon.com/dp/B0025W9A5C?tag=eloabder-20&linkCode=osi&th=1&psc=1">View Product</a></div><div class="product"><a href="https://www.amazon.com/dp/B01MRZZ3KC?tag=eloabder-20&linkCode=osi&th=1&psc=1"><img src="https://m.media-amazon.com/images/I/512IgtvlLyL._SL500_.jpg" alt="Product Image"></a><p>Quaker Chewy Granola Bars, Chocolate Chip, 58 Count - Packaging May Vary</p><p> -9% 0FF </p><p>$11.19 ($0.23 / Ounce)</p><a href="https://www.amazon.com/dp/B01MRZZ3KC?tag=eloabder-20&linkCode=osi&th=1&psc=1">View Product</a></div><div class="product"><a href="https://www.amazon.com/dp/B00GHPC47O?tag=eloabder-20&linkCode=osi&th=1&psc=1"><img src="https://m.media-amazon.com/images/I/51YsdKn53VS._SL500_.jpg" alt="Product Image"></a><p>Quaker Chewy Granola Bars, Variety Pack, 18 Count</p><p> -20% 0FF </p><p>$3.97 ($0.26 / Ounce)</p><a href="https://www.amazon.com/dp/B00GHPC47O?tag=eloabder-20&linkCode=osi&th=1&psc=1">View Product</a></div><div class="product"><a href="https://www.amazon.com/dp/B0D9R1BMJR?tag=eloabder-20&linkCode=osi&th=1&psc=1"><img src="https://m.media-amazon.com/images/I/51ksmfNpCJL._SL500_.jpg" alt="Product Image"></a><p>Quaker Chewy Granola Bars, Chewy & Dipps Variety Pack, (58 Bars), Whole Grains, No Artificial Flavors, No Added Colors</p><p> -31% 0FF </p><p>$11.87 ($0.22 / Ounce)</p><a href="https://www.amazon.com/dp/B0D9R1BMJR?tag=eloabder-20&linkCode=osi&th=1&psc=1">View Product</a></div><div class="product"><a href="https://www.amazon.com/dp/B077KYKYKN?tag=eloabder-20&linkCode=osi&th=1&psc=1"><img src="https://m.media-amazon.com/images/I/51qz85lOK2S._SL500_.jpg" alt="Product Image"></a><p>Quaker Chewy Lower Sugar Granola Bars, Chocolate Chip, 58 Count</p><p> -35% 0FF </p><p>$11.19 ($0.23 / Ounce)</p><a href="https://www.amazon.com/dp/B077KYKYKN?tag=eloabder-20&linkCode=osi&th=1&psc=1">View Product</a></div>
<div class="product"><a href="https://www.amazon.com/dp/B07VVGKHLH?tag=eloabder-20&linkCode=osi&th=1&psc=1"><img src="https://m.media-amazon.com/images/I/31hbAFlUK6L._SL500_.jpg" alt="Product Image"></a><p>Amazon Grocery, Garlic Powder, 3.9 Oz (Previously Happy Belly, Packaging May Vary)</p><p> -17% 0FF </p><p>$1.30 ($0.33 / Ounce)</p><a href="https://www.amazon.com/dp/B07VVGKHLH?tag=eloabder-20&linkCode=osi&th=1&psc=1">View Product</a></div>
<div class="product"><a href="https://www.amazon.com/dp/B000WHSD5A?tag=eloabder-20&linkCode=osi&th=1&psc=1"><img src="https://m.media-amazon.com/images/I/41QwGSr0+IL._SL500_.jpg" alt="Product Image"></a><p>Heinz Tomato Ketchup, 20 oz Bottle</p><p> -36% 0FF </p><p>$2.23 ($0.11 / Ounce)</p><a href="https://www.amazon.com/dp/B000WHSD5A?tag=eloabder-20&linkCode=osi&th=1&psc=1">View Product</a></div><div class="product"><a href="https://www.amazon.com/dp/B0005YKO8E?tag=eloabder-20&linkCode=osi&th=1&psc=1"><img src="https://m.media-amazon.com/images/I/41AFhgJ5V7L._SL500_.jpg" alt="Product Image"></a><p>Heinz Tomato Ketchup, 14 oz Bottle</p><p> -36% 0FF </p><p>$1.56 ($0.11 / Ounce)</p><a href="https://www.amazon.com/dp/B0005YKO8E?tag=eloabder-20&linkCode=osi&th=1&psc=1">View Product</a></div><div class="product"><a href="https://www.amazon.com/dp/B01B2OVUAG?tag=eloabder-20&linkCode=osi&th=1&psc=1"><img src="https://m.media-amazon.com/images/I/41gaLzbBsDL._SL500_.jpg" alt="Product Image"></a><p>Heinz Organic Tomato Ketchup, 32 oz Bottle</p><p> -47% 0FF </p><p>$3.67 ($0.11 / Ounce)</p><a href="https://www.amazon.com/dp/B01B2OVUAG?tag=eloabder-20&linkCode=osi&th=1&psc=1">View Product</a></div>
<div class="product"><a href="https://www.amazon.com/dp/B015UBV4N0?tag=eloabder-20&linkCode=osi&th=1&psc=1"><img src="https://m.media-amazon.com/images/I/51NRndhNwoL._SL500_.jpg" alt="Product Image"></a><p>Crofters Organic Premium Spread, Strawberry, 16.5 oz</p><p> -20% 0FF </p><p>$4.96 ($0.30 / oz)</p><a href="https://www.amazon.com/dp/B015UBV4N0?tag=eloabder-20&linkCode=osi&th=1&psc=1">View Product</a></div>
<div class="product"><a href="https://www.amazon.com/dp/B097RW44HZ?tag=eloabder-20&linkCode=osi&th=1&psc=1"><img src="https://m.media-amazon.com/images/I/51OhVkU8+PL._SL500_.jpg" alt="Product Image"></a><p>Apexy Jelly Fruit Candy – Assorted Fruit Flavors, Halloween Treat Juicy Chewy Gel Snacks, Kids & Adults Party Favors, Fun Treats for Goodie Bags & Events 46.9oz (1330g)</p><p> -7% 0FF </p><p>$12.99 ($0.28 / Ounce)</p><a href="https://www.amazon.com/dp/B097RW44HZ?tag=eloabder-20&linkCode=osi&th=1&psc=1">View Product</a></div><div class="product"><a href="https://www.amazon.com/dp/B00099XN56?tag=eloabder-20&linkCode=osi&th=1&psc=1"><img src="https://m.media-amazon.com/images/I/41twfbi883L._SL500_.jpg" alt="Product Image"></a><p>Smucker's Jelly, Mixed Fruit, 12 oz (340 g)</p><p> -11% 0FF </p><p>$9.94 ($0.83 / Ounce)</p><a href="https://www.amazon.com/dp/B00099XN56?tag=eloabder-20&linkCode=osi&th=1&psc=1">View Product</a></div>

<div class="product"><a href="https://www.amazon.com/dp/B0025W9A5C?tag=eloabder-20&linkCode=osi&th=1&psc=1"><img src="https://m.media-amazon.com/images/I/51Oz8SNo83L._SL500_.jpg" alt="Product Image"></a><p>Nature Valley Crunchy Oats 'n Honey Granola Bars, 60 Bars, 44.7 OZ (30 Pouches)</p><p> -33% 0FF </p><p>$7.49 ($0.17 / Ounce)</p><a href="https://www.amazon.com/dp/B0025W9A5C?tag=eloabder-20&linkCode=osi&th=1&psc=1">View Product</a></div><div class="product"><a href="https://www.amazon.com/dp/B01MRZZ3KC?tag=eloabder-20&linkCode=osi&th=1&psc=1"><img src="https://m.media-amazon.com/images/I/512IgtvlLyL._SL500_.jpg" alt="Product Image"></a><p>Quaker Chewy Granola Bars, Chocolate Chip, 58 Count - Packaging May Vary</p><p> -9% 0FF </p><p>$11.19 ($0.23 / Ounce)</p><a href="https://www.amazon.com/dp/B01MRZZ3KC?tag=eloabder-20&linkCode=osi&th=1&psc=1">View Product</a></div><div class="product"><a href="https://www.amazon.com/dp/B00GHPC47O?tag=eloabder-20&linkCode=osi&th=1&psc=1"><img src="https://m.media-amazon.com/images/I/51YsdKn53VS._SL500_.jpg" alt="Product Image"></a><p>Quaker Chewy Granola Bars, Variety Pack, 18 Count</p><p> -20% 0FF </p><p>$3.97 ($0.26 / Ounce)</p><a href="https://www.amazon.com/dp/B00GHPC47O?tag=eloabder-20&linkCode=osi&th=1&psc=1">View Product</a></div><div class="product"><a href="https://www.amazon.com/dp/B0D9R1BMJR?tag=eloabder-20&linkCode=osi&th=1&psc=1"><img src="https://m.media-amazon.com/images/I/51ksmfNpCJL._SL500_.jpg" alt="Product Image"></a><p>Quaker Chewy Granola Bars, Chewy & Dipps Variety Pack, (58 Bars), Whole Grains, No Artificial Flavors, No Added Colors</p><p> -31% 0FF </p><p>$11.87 ($0.22 / Ounce)</p><a href="https://www.amazon.com/dp/B0D9R1BMJR?tag=eloabder-20&linkCode=osi&th=1&psc=1">View Product</a></div><div class="product"><a href="https://www.amazon.com/dp/B077KYKYKN?tag=eloabder-20&linkCode=osi&th=1&psc=1"><img src="https://m.media-amazon.com/images/I/51qz85lOK2S._SL500_.jpg" alt="Product Image"></a><p>Quaker Chewy Lower Sugar Granola Bars, Chocolate Chip, 58 Count</p><p> -35% 0FF </p><p>$11.19 ($0.23 / Ounce)</p><a href="https://www.amazon.com/dp/B077KYKYKN?tag=eloabder-20&linkCode=osi&th=1&psc=1">View Product</a></div>
<div class="product"><a href="https://www.amazon.com/dp/B07VVGKHLH?tag=eloabder-20&linkCode=osi&th=1&psc=1"><img src="https://m.media-amazon.com/images/I/31hbAFlUK6L._SL500_.jpg" alt="Product Image"></a><p>Amazon Grocery, Garlic Powder, 3.9 Oz (Previously Happy Belly, Packaging May Vary)</p><p> -17% 0FF </p><p>$1.30 ($0.33 / Ounce)</p><a href="https://www.amazon.com/dp/B07VVGKHLH?tag=eloabder-20&linkCode=osi&th=1&psc=1">View Product</a></div>
<div class="product"><a href="https://www.amazon.com/dp/B000WHSD5A?tag=eloabder-20&linkCode=osi&th=1&psc=1"><img src="https://m.media-amazon.com/images/I/41QwGSr0+IL._SL500_.jpg" alt="Product Image"></a><p>Heinz Tomato Ketchup, 20 oz Bottle</p><p> -36% 0FF </p><p>$2.23 ($0.11 / Ounce)</p><a href="https://www.amazon.com/dp/B000WHSD5A?tag=eloabder-20&linkCode=osi&th=1&psc=1">View Product</a></div><div class="product"><a href="https://www.amazon.com/dp/B0005YKO8E?tag=eloabder-20&linkCode=osi&th=1&psc=1"><img src="https://m.media-amazon.com/images/I/41AFhgJ5V7L._SL500_.jpg" alt="Product Image"></a><p>Heinz Tomato Ketchup, 14 oz Bottle</p><p> -36% 0FF </p><p>$1.56 ($0.11 / Ounce)</p><a href="https://www.amazon.com/dp/B0005YKO8E?tag=eloabder-20&linkCode=osi&th=1&psc=1">View Product</a></div><div class="product"><a href="https://www.amazon.com/dp/B01B2OVUAG?tag=eloabder-20&linkCode=osi&th=1&psc=1"><img src="https://m.media-amazon.com/images/I/41gaLzbBsDL._SL500_.jpg" alt="Product Image"></a><p>Heinz Organic Tomato Ketchup, 32 oz Bottle</p><p> -47% 0FF </p><p>$3.67 ($0.11 / Ounce)</p><a href="https://www.amazon.com/dp/B01B2OVUAG?tag=eloabder-20&linkCode=osi&th=1&psc=1">View Product</a></div>
<div class="product"><a href="https://www.amazon.com/dp/B015UBV4N0?tag=eloabder-20&linkCode=osi&th=1&psc=1"><img src="https://m.media-amazon.com/images/I/51NRndhNwoL._SL500_.jpg" alt="Product Image"></a><p>Crofters Organic Premium Spread, Strawberry, 16.5 oz</p><p> -20% 0FF </p><p>$4.96 ($0.30 / oz)</p><a href="https://www.amazon.com/dp/B015UBV4N0?tag=eloabder-20&linkCode=osi&th=1&psc=1">View Product</a></div>
<div class="product"><a href="https://www.amazon.com/dp/B097RW44HZ?tag=eloabder-20&linkCode=osi&th=1&psc=1"><img src="https://m.media-amazon.com/images/I/51OhVkU8+PL._SL500_.jpg" alt="Product Image"></a><p>Apexy Jelly Fruit Candy – Assorted Fruit Flavors, Halloween Treat Juicy Chewy Gel Snacks, Kids & Adults Party Favors, Fun Treats for Goodie Bags & Events 46.9oz (1330g)</p><p> -7% 0FF </p><p>$12.99 ($0.28 / Ounce)</p><a href="https://www.amazon.com/dp/B097RW44HZ?tag=eloabder-20&linkCode=osi&th=1&psc=1">View Product</a></div><div class="product"><a href="https://www.amazon.com/dp/B00099XN56?tag=eloabder-20&linkCode=osi&th=1&psc=1"><img src="https://m.media-amazon.com/images/I/41twfbi883L._SL500_.jpg" alt="Product Image"></a><p>Smucker's Jelly, Mixed Fruit, 12 oz (340 g)</p><p> -11% 0FF </p><p>$9.94 ($0.83 / Ounce)</p><a href="https://www.amazon.com/dp/B00099XN56?tag=eloabder-20&linkCode=osi&th=1&psc=1">View Product</a></div>
<div class="product"><a href="https://www.amazon.com/dp/B0005Z6ZK4?tag=eloabder-20&linkCode=osi&th=1&psc=1"><img src="https://m.media-amazon.com/images/I/31dtADxAZbL._SL500_.jpg" alt="Product Image"></a><p>Nutella Hazelnut Spread with Cocoa, Creamy Hazelnut Spread, Breakfast Favorite, 13 oz Jar</p><p> -30% 0FF </p><p>$3.48 ($0.27 / Ounce)</p><a href="https://www.amazon.com/dp/B0005Z6ZK4?tag=eloabder-20&linkCode=osi&th=1&psc=1">View Product</a></div><div class="product"><a href="https://www.amazon.com/dp/B09PN9S9D4?tag=eloabder-20&linkCode=osi&th=1&psc=1"><img src="https://m.media-amazon.com/images/I/41VpA06vqaL._SL500_.jpg" alt="Product Image"></a><p>Amazon Grocery, Hazelnut Spread With Cocoa, 26.5 Oz (Previously Amazon Fresh, Packaging May Vary)</p><p> -17% 0FF </p><p>$4.12 ($0.16 / Ounce)</p><a href="https://www.amazon.com/dp/B09PN9S9D4?tag=eloabder-20&linkCode=osi&th=1&psc=1">View Product</a></div>

<div class="product"><a href="https://www.amazon.com/dp/B0025W9A5C?tag=eloabder-20&linkCode=osi&th=1&psc=1"><img src="https://m.media-amazon.com/images/I/51Oz8SNo83L._SL500_.jpg" alt="Product Image"></a><p>Nature Valley Crunchy Oats 'n Honey Granola Bars, 60 Bars, 44.7 OZ (30 Pouches)</p><p> -33% 0FF </p><p>$7.49 ($0.17 / Ounce)</p><a href="https://www.amazon.com/dp/B0025W9A5C?tag=eloabder-20&linkCode=osi&th=1&psc=1">View Product</a></div><div class="product"><a href="https://www.amazon.com/dp/B01MRZZ3KC?tag=eloabder-20&linkCode=osi&th=1&psc=1"><img src="https://m.media-amazon.com/images/I/512IgtvlLyL._SL500_.jpg" alt="Product Image"></a><p>Quaker Chewy Granola Bars, Chocolate Chip, 58 Count - Packaging May Vary</p><p> -9% 0FF </p><p>$11.19 ($0.23 / Ounce)</p><a href="https://www.amazon.com/dp/B01MRZZ3KC?tag=eloabder-20&linkCode=osi&th=1&psc=1">View Product</a></div><div class="product"><a href="https://www.amazon.com/dp/B00GHPC47O?tag=eloabder-20&linkCode=osi&th=1&psc=1"><img src="https://m.media-amazon.com/images/I/51YsdKn53VS._SL500_.jpg" alt="Product Image"></a><p>Quaker Chewy Granola Bars, Variety Pack, 18 Count</p><p> -20% 0FF </p><p>$3.97 ($0.26 / Ounce)</p><a href="https://www.amazon.com/dp/B00GHPC47O?tag=eloabder-20&linkCode=osi&th=1&psc=1">View Product</a></div><div class="product"><a href="https://www.amazon.com/dp/B0D9R1BMJR?tag=eloabder-20&linkCode=osi&th=1&psc=1"><img src="https://m.media-amazon.com/images/I/51ksmfNpCJL._SL500_.jpg" alt="Product Image"></a><p>Quaker Chewy Granola Bars, Chewy & Dipps Variety Pack, (58 Bars), Whole Grains, No Artificial Flavors, No Added Colors</p><p> -31% 0FF </p><p>$11.87 ($0.22 / Ounce)</p><a href="https://www.amazon.com/dp/B0D9R1BMJR?tag=eloabder-20&linkCode=osi&th=1&psc=1">View Product</a></div><div class="product"><a href="https://www.amazon.com/dp/B077KYKYKN?tag=eloabder-20&linkCode=osi&th=1&psc=1"><img src="https://m.media-amazon.com/images/I/51qz85lOK2S._SL500_.jpg" alt="Product Image"></a><p>Quaker Chewy Lower Sugar Granola Bars, Chocolate Chip, 58 Count</p><p> -35% 0FF </p><p>$11.19 ($0.23 / Ounce)</p><a href="https://www.amazon.com/dp/B077KYKYKN?tag=eloabder-20&linkCode=osi&th=1&psc=1">View Product</a></div>
<div class="product"><a href="https://www.amazon.com/dp/B07VVGKHLH?tag=eloabder-20&linkCode=osi&th=1&psc=1"><img src="https://m.media-amazon.com/images/I/31hbAFlUK6L._SL500_.jpg" alt="Product Image"></a><p>Amazon Grocery, Garlic Powder, 3.9 Oz (Previously Happy Belly, Packaging May Vary)</p><p> -17% 0FF </p><p>$1.30 ($0.33 / Ounce)</p><a href="https://www.amazon.com/dp/B07VVGKHLH?tag=eloabder-20&linkCode=osi&th=1&psc=1">View Product</a></div>
<div class="product"><a href="https://www.amazon.com/dp/B000WHSD5A?tag=eloabder-20&linkCode=osi&th=1&psc=1"><img src="https://m.media-amazon.com/images/I/41QwGSr0+IL._SL500_.jpg" alt="Product Image"></a><p>Heinz Tomato Ketchup, 20 oz Bottle</p><p> -36% 0FF </p><p>$2.23 ($0.11 / Ounce)</p><a href="https://www.amazon.com/dp/B000WHSD5A?tag=eloabder-20&linkCode=osi&th=1&psc=1">View Product</a></div><div class="product"><a href="https://www.amazon.com/dp/B0005YKO8E?tag=eloabder-20&linkCode=osi&th=1&psc=1"><img src="https://m.media-amazon.com/images/I/41AFhgJ5V7L._SL500_.jpg" alt="Product Image"></a><p>Heinz Tomato Ketchup, 14 oz Bottle</p><p> -36% 0FF </p><p>$1.56 ($0.11 / Ounce)</p><a href="https://www.amazon.com/dp/B0005YKO8E?tag=eloabder-20&linkCode=osi&th=1&psc=1">View Product</a></div><div class="product"><a href="https://www.amazon.com/dp/B01B2OVUAG?tag=eloabder-20&linkCode=osi&th=1&psc=1"><img src="https://m.media-amazon.com/images/I/41gaLzbBsDL._SL500_.jpg" alt="Product Image"></a><p>Heinz Organic Tomato Ketchup, 32 oz Bottle</p><p> -47% 0FF </p><p>$3.67 ($0.11 / Ounce)</p><a href="https://www.amazon.com/dp/B01B2OVUAG?tag=eloabder-20&linkCode=osi&th=1&psc=1">View Product</a></div>
<div class="product"><a href="https://www.amazon.com/dp/B015UBV4N0?tag=eloabder-20&linkCode=osi&th=1&psc=1"><img src="https://m.media-amazon.com/images/I/51NRndhNwoL._SL500_.jpg" alt="Product Image"></a><p>Crofters Organic Premium Spread, Strawberry, 16.5 oz</p><p> -20% 0FF </p><p>$4.96 ($0.30 / oz)</p><a href="https://www.amazon.com/dp/B015UBV4N0?tag=eloabder-20&linkCode=osi&th=1&psc=1">View Product</a></div>
<div class="product"><a href="https://www.amazon.com/dp/B097RW44HZ?tag=eloabder-20&linkCode=osi&th=1&psc=1"><img src="https://m.media-amazon.com/images/I/51OhVkU8+PL._SL500_.jpg" alt="Product Image"></a><p>Apexy Jelly Fruit Candy – Assorted Fruit Flavors, Halloween Treat Juicy Chewy Gel Snacks, Kids & Adults Party Favors, Fun Treats for Goodie Bags & Events 46.9oz (1330g)</p><p> -7% 0FF </p><p>$12.99 ($0.28 / Ounce)</p><a href="https://www.amazon.com/dp/B097RW44HZ?tag=eloabder-20&linkCode=osi&th=1&psc=1">View Product</a></div><div class="product"><a href="https://www.amazon.com/dp/B00099XN56?tag=eloabder-20&linkCode=osi&th=1&psc=1"><img src="https://m.media-amazon.com/images/I/41twfbi883L._SL500_.jpg" alt="Product Image"></a><p>Smucker's Jelly, Mixed Fruit, 12 oz (340 g)</p><p> -11% 0FF </p><p>$9.94 ($0.83 / Ounce)</p><a href="https://www.amazon.com/dp/B00099XN56?tag=eloabder-20&linkCode=osi&th=1&psc=1">View Product</a></div>
<div class="product"><a href="https://www.amazon.com/dp/B0005Z6ZK4?tag=eloabder-20&linkCode=osi&th=1&psc=1"><img src="https://m.media-amazon.com/images/I/31dtADxAZbL._SL500_.jpg" alt="Product Image"></a><p>Nutella Hazelnut Spread with Cocoa, Creamy Hazelnut Spread, Breakfast Favorite, 13 oz Jar</p><p> -30% 0FF </p><p>$3.48 ($0.27 / Ounce)</p><a href="https://www.amazon.com/dp/B0005Z6ZK4?tag=eloabder-20&linkCode=osi&th=1&psc=1">View Product</a></div><div class="product"><a href="https://www.amazon.com/dp/B09PN9S9D4?tag=eloabder-20&linkCode=osi&th=1&psc=1"><img src="https://m.media-amazon.com/images/I/41VpA06vqaL._SL500_.jpg" alt="Product Image"></a><p>Amazon Grocery, Hazelnut Spread With Cocoa, 26.5 Oz (Previously Amazon Fresh, Packaging May Vary)</p><p> -17% 0FF </p><p>$4.12 ($0.16 / Ounce)</p><a href="https://www.amazon.com/dp/B09PN9S9D4?tag=eloabder-20&linkCode=osi&th=1&psc=1">View Product</a></div>
<div class="product"><a href="https://www.amazon.com/dp/B0052BFNLS?tag=eloabder-20&linkCode=osi&th=1&psc=1"><img src="https://m.media-amazon.com/images/I/31Tfk-0-ybL._SL500_.jpg" alt="Product Image"></a><p>Pompeian Gourmet Red Wine Vinegar, Naturally Gluten-Free, 30 Fl Oz</p><p> -5% 0FF </p><p>$5.33 ($0.18 / Fl Oz)</p><a href="https://www.amazon.com/dp/B0052BFNLS?tag=eloabder-20&linkCode=osi&th=1&psc=1">View Product</a></div><div class="product"><a href="https://www.amazon.com/dp/B005AYB38O?tag=eloabder-20&linkCode=osi&th=1&psc=1"><img src="https://m.media-amazon.com/images/I/31tJRcbnsfL._SL500_.jpg" alt="Product Image"></a><p>Napa Valley Naturals Organic Red Wine Vinegar, 12.7 Ounces</p><p> -51% 0FF </p><p>$5.50 ($0.43 / Ounce)</p><a href="https://www.amazon.com/dp/B005AYB38O?tag=eloabder-20&linkCode=osi&th=1&psc=1">View Product</a></div><div class="product"><a href="https://www.amazon.com/dp/B00H1CJG00?tag=eloabder-20&linkCode=osi&th=1&psc=1"><img src="https://m.media-amazon.com/images/I/31pl1n1OONL._SL500_.jpg" alt="Product Image"></a><p>Colavita Wine Vinegar - Red Wine Vinegar, 17 Fl Oz</p><p> -21% 0FF </p><p>$9.51 ($0.56 / Fl Oz)</p><a href="https://www.amazon.com/dp/B00H1CJG00?tag=eloabder-20&linkCode=osi&th=1&psc=1">View Product</a></div>

<div class="product"><a href="https://www.amazon.com/dp/B0025W9A5C?tag=eloabder-20&linkCode=osi&th=1&psc=1"><img src="https://m.media-amazon.com/images/I/51Oz8SNo83L._SL500_.jpg" alt="Product Image"></a><p>Nature Valley Crunchy Oats 'n Honey Granola Bars, 60 Bars, 44.7 OZ (30 Pouches)</p><p> -33% 0FF </p><p>$7.49 ($0.17 / Ounce)</p><a href="https://www.amazon.com/dp/B0025W9A5C?tag=eloabder-20&linkCode=osi&th=1&psc=1">View Product</a></div><div class="product"><a href="https://www.amazon.com/dp/B01MRZZ3KC?tag=eloabder-20&linkCode=osi&th=1&psc=1"><img src="https://m.media-amazon.com/images/I/512IgtvlLyL._SL500_.jpg" alt="Product Image"></a><p>Quaker Chewy Granola Bars, Chocolate Chip, 58 Count - Packaging May Vary</p><p> -9% 0FF </p><p>$11.19 ($0.23 / Ounce)</p><a href="https://www.amazon.com/dp/B01MRZZ3KC?tag=eloabder-20&linkCode=osi&th=1&psc=1">View Product</a></div><div class="product"><a href="https://www.amazon.com/dp/B00GHPC47O?tag=eloabder-20&linkCode=osi&th=1&psc=1"><img src="https://m.media-amazon.com/images/I/51YsdKn53VS._SL500_.jpg" alt="Product Image"></a><p>Quaker Chewy Granola Bars, Variety Pack, 18 Count</p><p> -20% 0FF </p><p>$3.97 ($0.26 / Ounce)</p><a href="https://www.amazon.com/dp/B00GHPC47O?tag=eloabder-20&linkCode=osi&th=1&psc=1">View Product</a></div><div class="product"><a href="https://www.amazon.com/dp/B0D9R1BMJR?tag=eloabder-20&linkCode=osi&th=1&psc=1"><img src="https://m.media-amazon.com/images/I/51ksmfNpCJL._SL500_.jpg" alt="Product Image"></a><p>Quaker Chewy Granola Bars, Chewy & Dipps Variety Pack, (58 Bars), Whole Grains, No Artificial Flavors, No Added Colors</p><p> -31% 0FF </p><p>$11.87 ($0.22 / Ounce)</p><a href="https://www.amazon.com/dp/B0D9R1BMJR?tag=eloabder-20&linkCode=osi&th=1&psc=1">View Product</a></div><div class="product"><a href="https://www.amazon.com/dp/B077KYKYKN?tag=eloabder-20&linkCode=osi&th=1&psc=1"><img src="https://m.media-amazon.com/images/I/51qz85lOK2S._SL500_.jpg" alt="Product Image"></a><p>Quaker Chewy Lower Sugar Granola Bars, Chocolate Chip, 58 Count</p><p> -35% 0FF </p><p>$11.19 ($0.23 / Ounce)</p><a href="https://www.amazon.com/dp/B077KYKYKN?tag=eloabder-20&linkCode=osi&th=1&psc=1">View Product</a></div>
<div class="product"><a href="https://www.amazon.com/dp/B07VVGKHLH?tag=eloabder-20&linkCode=osi&th=1&psc=1"><img src="https://m.media-amazon.com/images/I/31hbAFlUK6L._SL500_.jpg" alt="Product Image"></a><p>Amazon Grocery, Garlic Powder, 3.9 Oz (Previously Happy Belly, Packaging May Vary)</p><p> -17% 0FF </p><p>$1.30 ($0.33 / Ounce)</p><a href="https://www.amazon.com/dp/B07VVGKHLH?tag=eloabder-20&linkCode=osi&th=1&psc=1">View Product</a></div>
<div class="product"><a href="https://www.amazon.com/dp/B000WHSD5A?tag=eloabder-20&linkCode=osi&th=1&psc=1"><img src="https://m.media-amazon.com/images/I/41QwGSr0+IL._SL500_.jpg" alt="Product Image"></a><p>Heinz Tomato Ketchup, 20 oz Bottle</p><p> -36% 0FF </p><p>$2.23 ($0.11 / Ounce)</p><a href="https://www.amazon.com/dp/B000WHSD5A?tag=eloabder-20&linkCode=osi&th=1&psc=1">View Product</a></div><div class="product"><a href="https://www.amazon.com/dp/B0005YKO8E?tag=eloabder-20&linkCode=osi&th=1&psc=1"><img src="https://m.media-amazon.com/images/I/41AFhgJ5V7L._SL500_.jpg" alt="Product Image"></a><p>Heinz Tomato Ketchup, 14 oz Bottle</p><p> -36% 0FF </p><p>$1.56 ($0.11 / Ounce)</p><a href="https://www.amazon.com/dp/B0005YKO8E?tag=eloabder-20&linkCode=osi&th=1&psc=1">View Product</a></div><div class="product"><a href="https://www.amazon.com/dp/B01B2OVUAG?tag=eloabder-20&linkCode=osi&th=1&psc=1"><img src="https://m.media-amazon.com/images/I/41gaLzbBsDL._SL500_.jpg" alt="Product Image"></a><p>Heinz Organic Tomato Ketchup, 32 oz Bottle</p><p> -47% 0FF </p><p>$3.67 ($0.11 / Ounce)</p><a href="https://www.amazon.com/dp/B01B2OVUAG?tag=eloabder-20&linkCode=osi&th=1&psc=1">View Product</a></div>
<div class="product"><a href="https://www.amazon.com/dp/B015UBV4N0?tag=eloabder-20&linkCode=osi&th=1&psc=1"><img src="https://m.media-amazon.com/images/I/51NRndhNwoL._SL500_.jpg" alt="Product Image"></a><p>Crofters Organic Premium Spread, Strawberry, 16.5 oz</p><p> -20% 0FF </p><p>$4.96 ($0.30 / oz)</p><a href="https://www.amazon.com/dp/B015UBV4N0?tag=eloabder-20&linkCode=osi&th=1&psc=1">View Product</a></div>
<div class="product"><a href="https://www.amazon.com/dp/B097RW44HZ?tag=eloabder-20&linkCode=osi&th=1&psc=1"><img src="https://m.media-amazon.com/images/I/51OhVkU8+PL._SL500_.jpg" alt="Product Image"></a><p>Apexy Jelly Fruit Candy – Assorted Fruit Flavors, Halloween Treat Juicy Chewy Gel Snacks, Kids & Adults Party Favors, Fun Treats for Goodie Bags & Events 46.9oz (1330g)</p><p> -7% 0FF </p><p>$12.99 ($0.28 / Ounce)</p><a href="https://www.amazon.com/dp/B097RW44HZ?tag=eloabder-20&linkCode=osi&th=1&psc=1">View Product</a></div><div class="product"><a href="https://www.amazon.com/dp/B00099XN56?tag=eloabder-20&linkCode=osi&th=1&psc=1"><img src="https://m.media-amazon.com/images/I/41twfbi883L._SL500_.jpg" alt="Product Image"></a><p>Smucker's Jelly, Mixed Fruit, 12 oz (340 g)</p><p> -11% 0FF </p><p>$9.94 ($0.83 / Ounce)</p><a href="https://www.amazon.com/dp/B00099XN56?tag=eloabder-20&linkCode=osi&th=1&psc=1">View Product</a></div>
<div class="product"><a href="https://www.amazon.com/dp/B0005Z6ZK4?tag=eloabder-20&linkCode=osi&th=1&psc=1"><img src="https://m.media-amazon.com/images/I/31dtADxAZbL._SL500_.jpg" alt="Product Image"></a><p>Nutella Hazelnut Spread with Cocoa, Creamy Hazelnut Spread, Breakfast Favorite, 13 oz Jar</p><p> -30% 0FF </p><p>$3.48 ($0.27 / Ounce)</p><a href="https://www.amazon.com/dp/B0005Z6ZK4?tag=eloabder-20&linkCode=osi&th=1&psc=1">View Product</a></div><div class="product"><a href="https://www.amazon.com/dp/B09PN9S9D4?tag=eloabder-20&linkCode=osi&th=1&psc=1"><img src="https://m.media-amazon.com/images/I/41VpA06vqaL._SL500_.jpg" alt="Product Image"></a><p>Amazon Grocery, Hazelnut Spread With Cocoa, 26.5 Oz (Previously Amazon Fresh, Packaging May Vary)</p><p> -17% 0FF </p><p>$4.12 ($0.16 / Ounce)</p><a href="https://www.amazon.com/dp/B09PN9S9D4?tag=eloabder-20&linkCode=osi&th=1&psc=1">View Product</a></div>
<div class="product"><a href="https://www.amazon.com/dp/B0052BFNLS?tag=eloabder-20&linkCode=osi&th=1&psc=1"><img src="https://m.media-amazon.com/images/I/31Tfk-0-ybL._SL500_.jpg" alt="Product Image"></a><p>Pompeian Gourmet Red Wine Vinegar, Naturally Gluten-Free, 30 Fl Oz</p><p> -5% 0FF </p><p>$5.33 ($0.18 / Fl Oz)</p><a href="https://www.amazon.com/dp/B0052BFNLS?tag=eloabder-20&linkCode=osi&th=1&psc=1">View Product</a></div><div class="product"><a href="https://www.amazon.com/dp/B005AYB38O?tag=eloabder-20&linkCode=osi&th=1&psc=1"><img src="https://m.media-amazon.com/images/I/31tJRcbnsfL._SL500_.jpg" alt="Product Image"></a><p>Napa Valley Naturals Organic Red Wine Vinegar, 12.7 Ounces</p><p> -51% 0FF </p><p>$5.50 ($0.43 / Ounce)</p><a href="https://www.amazon.com/dp/B005AYB38O?tag=eloabder-20&linkCode=osi&th=1&psc=1">View Product</a></div><div class="product"><a href="https://www.amazon.com/dp/B00H1CJG00?tag=eloabder-20&linkCode=osi&th=1&psc=1"><img src="https://m.media-amazon.com/images/I/31pl1n1OONL._SL500_.jpg" alt="Product Image"></a><p>Colavita Wine Vinegar - Red Wine Vinegar, 17 Fl Oz</p><p> -21% 0FF </p><p>$9.51 ($0.56 / Fl Oz)</p><a href="https://www.amazon.com/dp/B00H1CJG00?tag=eloabder-20&linkCode=osi&th=1&psc=1">View Product</a></div>


<div class="product"><a href="https://www.amazon.com/dp/B0025W9A5C?tag=eloabder-20&linkCode=osi&th=1&psc=1"><img src="https://m.media-amazon.com/images/I/51Oz8SNo83L._SL500_.jpg" alt="Product Image"></a><p>Nature Valley Crunchy Oats 'n Honey Granola Bars, 60 Bars, 44.7 OZ (30 Pouches)</p><p> -33% 0FF </p><p>$7.49 ($0.17 / Ounce)</p><a href="https://www.amazon.com/dp/B0025W9A5C?tag=eloabder-20&linkCode=osi&th=1&psc=1">View Product</a></div><div class="product"><a href="https://www.amazon.com/dp/B01MRZZ3KC?tag=eloabder-20&linkCode=osi&th=1&psc=1"><img src="https://m.media-amazon.com/images/I/512IgtvlLyL._SL500_.jpg" alt="Product Image"></a><p>Quaker Chewy Granola Bars, Chocolate Chip, 58 Count - Packaging May Vary</p><p> -9% 0FF </p><p>$11.19 ($0.23 / Ounce)</p><a href="https://www.amazon.com/dp/B01MRZZ3KC?tag=eloabder-20&linkCode=osi&th=1&psc=1">View Product</a></div><div class="product"><a href="https://www.amazon.com/dp/B00GHPC47O?tag=eloabder-20&linkCode=osi&th=1&psc=1"><img src="https://m.media-amazon.com/images/I/51YsdKn53VS._SL500_.jpg" alt="Product Image"></a><p>Quaker Chewy Granola Bars, Variety Pack, 18 Count</p><p> -20% 0FF </p><p>$3.97 ($0.26 / Ounce)</p><a href="https://www.amazon.com/dp/B00GHPC47O?tag=eloabder-20&linkCode=osi&th=1&psc=1">View Product</a></div><div class="product"><a href="https://www.amazon.com/dp/B0D9R1BMJR?tag=eloabder-20&linkCode=osi&th=1&psc=1"><img src="https://m.media-amazon.com/images/I/51ksmfNpCJL._SL500_.jpg" alt="Product Image"></a><p>Quaker Chewy Granola Bars, Chewy & Dipps Variety Pack, (58 Bars), Whole Grains, No Artificial Flavors, No Added Colors</p><p> -31% 0FF </p><p>$11.87 ($0.22 / Ounce)</p><a href="https://www.amazon.com/dp/B0D9R1BMJR?tag=eloabder-20&linkCode=osi&th=1&psc=1">View Product</a></div><div class="product"><a href="https://www.amazon.com/dp/B077KYKYKN?tag=eloabder-20&linkCode=osi&th=1&psc=1"><img src="https://m.media-amazon.com/images/I/51qz85lOK2S._SL500_.jpg" alt="Product Image"></a><p>Quaker Chewy Lower Sugar Granola Bars, Chocolate Chip, 58 Count</p><p> -35% 0FF </p><p>$11.19 ($0.23 / Ounce)</p><a href="https://www.amazon.com/dp/B077KYKYKN?tag=eloabder-20&linkCode=osi&th=1&psc=1">View Product</a></div>
<div class="product"><a href="https://www.amazon.com/dp/B07VVGKHLH?tag=eloabder-20&linkCode=osi&th=1&psc=1"><img src="https://m.media-amazon.com/images/I/31hbAFlUK6L._SL500_.jpg" alt="Product Image"></a><p>Amazon Grocery, Garlic Powder, 3.9 Oz (Previously Happy Belly, Packaging May Vary)</p><p> -17% 0FF </p><p>$1.30 ($0.33 / Ounce)</p><a href="https://www.amazon.com/dp/B07VVGKHLH?tag=eloabder-20&linkCode=osi&th=1&psc=1">View Product</a></div>
<div class="product"><a href="https://www.amazon.com/dp/B000WHSD5A?tag=eloabder-20&linkCode=osi&th=1&psc=1"><img src="https://m.media-amazon.com/images/I/41QwGSr0+IL._SL500_.jpg" alt="Product Image"></a><p>Heinz Tomato Ketchup, 20 oz Bottle</p><p> -36% 0FF </p><p>$2.23 ($0.11 / Ounce)</p><a href="https://www.amazon.com/dp/B000WHSD5A?tag=eloabder-20&linkCode=osi&th=1&psc=1">View Product</a></div><div class="product"><a href="https://www.amazon.com/dp/B0005YKO8E?tag=eloabder-20&linkCode=osi&th=1&psc=1"><img src="https://m.media-amazon.com/images/I/41AFhgJ5V7L._SL500_.jpg" alt="Product Image"></a><p>Heinz Tomato Ketchup, 14 oz Bottle</p><p> -36% 0FF </p><p>$1.56 ($0.11 / Ounce)</p><a href="https://www.amazon.com/dp/B0005YKO8E?tag=eloabder-20&linkCode=osi&th=1&psc=1">View Product</a></div><div class="product"><a href="https://www.amazon.com/dp/B01B2OVUAG?tag=eloabder-20&linkCode=osi&th=1&psc=1"><img src="https://m.media-amazon.com/images/I/41gaLzbBsDL._SL500_.jpg" alt="Product Image"></a><p>Heinz Organic Tomato Ketchup, 32 oz Bottle</p><p> -47% 0FF </p><p>$3.67 ($0.11 / Ounce)</p><a href="https://www.amazon.com/dp/B01B2OVUAG?tag=eloabder-20&linkCode=osi&th=1&psc=1">View Product</a></div>
<div class="product"><a href="https://www.amazon.com/dp/B015UBV4N0?tag=eloabder-20&linkCode=osi&th=1&psc=1"><img src="https://m.media-amazon.com/images/I/51NRndhNwoL._SL500_.jpg" alt="Product Image"></a><p>Crofters Organic Premium Spread, Strawberry, 16.5 oz</p><p> -20% 0FF </p><p>$4.96 ($0.30 / oz)</p><a href="https://www.amazon.com/dp/B015UBV4N0?tag=eloabder-20&linkCode=osi&th=1&psc=1">View Product</a></div>
<div class="product"><a href="https://www.amazon.com/dp/B097RW44HZ?tag=eloabder-20&linkCode=osi&th=1&psc=1"><img src="https://m.media-amazon.com/images/I/51OhVkU8+PL._SL500_.jpg" alt="Product Image"></a><p>Apexy Jelly Fruit Candy – Assorted Fruit Flavors, Halloween Treat Juicy Chewy Gel Snacks, Kids & Adults Party Favors, Fun Treats for Goodie Bags & Events 46.9oz (1330g)</p><p> -7% 0FF </p><p>$12.99 ($0.28 / Ounce)</p><a href="https://www.amazon.com/dp/B097RW44HZ?tag=eloabder-20&linkCode=osi&th=1&psc=1">View Product</a></div><div class="product"><a href="https://www.amazon.com/dp/B00099XN56?tag=eloabder-20&linkCode=osi&th=1&psc=1"><img src="https://m.media-amazon.com/images/I/41twfbi883L._SL500_.jpg" alt="Product Image"></a><p>Smucker's Jelly, Mixed Fruit, 12 oz (340 g)</p><p> -11% 0FF </p><p>$9.94 ($0.83 / Ounce)</p><a href="https://www.amazon.com/dp/B00099XN56?tag=eloabder-20&linkCode=osi&th=1&psc=1">View Product</a></div>
<div class="product"><a href="https://www.amazon.com/dp/B0005Z6ZK4?tag=eloabder-20&linkCode=osi&th=1&psc=1"><img src="https://m.media-amazon.com/images/I/31dtADxAZbL._SL500_.jpg" alt="Product Image"></a><p>Nutella Hazelnut Spread with Cocoa, Creamy Hazelnut Spread, Breakfast Favorite, 13 oz Jar</p><p> -30% 0FF </p><p>$3.48 ($0.27 / Ounce)</p><a href="https://www.amazon.com/dp/B0005Z6ZK4?tag=eloabder-20&linkCode=osi&th=1&psc=1">View Product</a></div><div class="product"><a href="https://www.amazon.com/dp/B09PN9S9D4?tag=eloabder-20&linkCode=osi&th=1&psc=1"><img src="https://m.media-amazon.com/images/I/41VpA06vqaL._SL500_.jpg" alt="Product Image"></a><p>Amazon Grocery, Hazelnut Spread With Cocoa, 26.5 Oz (Previously Amazon Fresh, Packaging May Vary)</p><p> -17% 0FF </p><p>$4.12 ($0.16 / Ounce)</p><a href="https://www.amazon.com/dp/B09PN9S9D4?tag=eloabder-20&linkCode=osi&th=1&psc=1">View Product</a></div>
<div class="product"><a href="https://www.amazon.com/dp/B0052BFNLS?tag=eloabder-20&linkCode=osi&th=1&psc=1"><img src="https://m.media-amazon.com/images/I/31Tfk-0-ybL._SL500_.jpg" alt="Product Image"></a><p>Pompeian Gourmet Red Wine Vinegar, Naturally Gluten-Free, 30 Fl Oz</p><p> -5% 0FF </p><p>$5.33 ($0.18 / Fl Oz)</p><a href="https://www.amazon.com/dp/B0052BFNLS?tag=eloabder-20&linkCode=osi&th=1&psc=1">View Product</a></div><div class="product"><a href="https://www.amazon.com/dp/B005AYB38O?tag=eloabder-20&linkCode=osi&th=1&psc=1"><img src="https://m.media-amazon.com/images/I/31tJRcbnsfL._SL500_.jpg" alt="Product Image"></a><p>Napa Valley Naturals Organic Red Wine Vinegar, 12.7 Ounces</p><p> -51% 0FF </p><p>$5.50 ($0.43 / Ounce)</p><a href="https://www.amazon.com/dp/B005AYB38O?tag=eloabder-20&linkCode=osi&th=1&psc=1">View Product</a></div><div class="product"><a href="https://www.amazon.com/dp/B00H1CJG00?tag=eloabder-20&linkCode=osi&th=1&psc=1"><img src="https://m.media-amazon.com/images/I/31pl1n1OONL._SL500_.jpg" alt="Product Image"></a><p>Colavita Wine Vinegar - Red Wine Vinegar, 17 Fl Oz</p><p> -21% 0FF </p><p>$9.51 ($0.56 / Fl Oz)</p><a href="https://www.amazon.com/dp/B00H1CJG00?tag=eloabder-20&linkCode=osi&th=1&psc=1">View Product</a></div>



<div class="product"><a href="https://www.amazon.com/dp/B0025W9A5C?tag=eloabder-20&linkCode=osi&th=1&psc=1"><img src="https://m.media-amazon.com/images/I/51Oz8SNo83L._SL500_.jpg" alt="Product Image"></a><p>Nature Valley Crunchy Oats 'n Honey Granola Bars, 60 Bars, 44.7 OZ (30 Pouches)</p><p> -33% 0FF </p><p>$7.49 ($0.17 / Ounce)</p><a href="https://www.amazon.com/dp/B0025W9A5C?tag=eloabder-20&linkCode=osi&th=1&psc=1">View Product</a></div><div class="product"><a href="https://www.amazon.com/dp/B01MRZZ3KC?tag=eloabder-20&linkCode=osi&th=1&psc=1"><img src="https://m.media-amazon.com/images/I/512IgtvlLyL._SL500_.jpg" alt="Product Image"></a><p>Quaker Chewy Granola Bars, Chocolate Chip, 58 Count - Packaging May Vary</p><p> -9% 0FF </p><p>$11.19 ($0.23 / Ounce)</p><a href="https://www.amazon.com/dp/B01MRZZ3KC?tag=eloabder-20&linkCode=osi&th=1&psc=1">View Product</a></div><div class="product"><a href="https://www.amazon.com/dp/B00GHPC47O?tag=eloabder-20&linkCode=osi&th=1&psc=1"><img src="https://m.media-amazon.com/images/I/51YsdKn53VS._SL500_.jpg" alt="Product Image"></a><p>Quaker Chewy Granola Bars, Variety Pack, 18 Count</p><p> -20% 0FF </p><p>$3.97 ($0.26 / Ounce)</p><a href="https://www.amazon.com/dp/B00GHPC47O?tag=eloabder-20&linkCode=osi&th=1&psc=1">View Product</a></div><div class="product"><a href="https://www.amazon.com/dp/B0D9R1BMJR?tag=eloabder-20&linkCode=osi&th=1&psc=1"><img src="https://m.media-amazon.com/images/I/51ksmfNpCJL._SL500_.jpg" alt="Product Image"></a><p>Quaker Chewy Granola Bars, Chewy & Dipps Variety Pack, (58 Bars), Whole Grains, No Artificial Flavors, No Added Colors</p><p> -31% 0FF </p><p>$11.87 ($0.22 / Ounce)</p><a href="https://www.amazon.com/dp/B0D9R1BMJR?tag=eloabder-20&linkCode=osi&th=1&psc=1">View Product</a></div><div class="product"><a href="https://www.amazon.com/dp/B077KYKYKN?tag=eloabder-20&linkCode=osi&th=1&psc=1"><img src="https://m.media-amazon.com/images/I/51qz85lOK2S._SL500_.jpg" alt="Product Image"></a><p>Quaker Chewy Lower Sugar Granola Bars, Chocolate Chip, 58 Count</p><p> -35% 0FF </p><p>$11.19 ($0.23 / Ounce)</p><a href="https://www.amazon.com/dp/B077KYKYKN?tag=eloabder-20&linkCode=osi&th=1&psc=1">View Product</a></div>
<div class="product"><a href="https://www.amazon.com/dp/B07VVGKHLH?tag=eloabder-20&linkCode=osi&th=1&psc=1"><img src="https://m.media-amazon.com/images/I/31hbAFlUK6L._SL500_.jpg" alt="Product Image"></a><p>Amazon Grocery, Garlic Powder, 3.9 Oz (Previously Happy Belly, Packaging May Vary)</p><p> -17% 0FF </p><p>$1.30 ($0.33 / Ounce)</p><a href="https://www.amazon.com/dp/B07VVGKHLH?tag=eloabder-20&linkCode=osi&th=1&psc=1">View Product</a></div>
<div class="product"><a href="https://www.amazon.com/dp/B000WHSD5A?tag=eloabder-20&linkCode=osi&th=1&psc=1"><img src="https://m.media-amazon.com/images/I/41QwGSr0+IL._SL500_.jpg" alt="Product Image"></a><p>Heinz Tomato Ketchup, 20 oz Bottle</p><p> -36% 0FF </p><p>$2.23 ($0.11 / Ounce)</p><a href="https://www.amazon.com/dp/B000WHSD5A?tag=eloabder-20&linkCode=osi&th=1&psc=1">View Product</a></div><div class="product"><a href="https://www.amazon.com/dp/B0005YKO8E?tag=eloabder-20&linkCode=osi&th=1&psc=1"><img src="https://m.media-amazon.com/images/I/41AFhgJ5V7L._SL500_.jpg" alt="Product Image"></a><p>Heinz Tomato Ketchup, 14 oz Bottle</p><p> -36% 0FF </p><p>$1.56 ($0.11 / Ounce)</p><a href="https://www.amazon.com/dp/B0005YKO8E?tag=eloabder-20&linkCode=osi&th=1&psc=1">View Product</a></div><div class="product"><a href="https://www.amazon.com/dp/B01B2OVUAG?tag=eloabder-20&linkCode=osi&th=1&psc=1"><img src="https://m.media-amazon.com/images/I/41gaLzbBsDL._SL500_.jpg" alt="Product Image"></a><p>Heinz Organic Tomato Ketchup, 32 oz Bottle</p><p> -47% 0FF </p><p>$3.67 ($0.11 / Ounce)</p><a href="https://www.amazon.com/dp/B01B2OVUAG?tag=eloabder-20&linkCode=osi&th=1&psc=1">View Product</a></div>
<div class="product"><a href="https://www.amazon.com/dp/B015UBV4N0?tag=eloabder-20&linkCode=osi&th=1&psc=1"><img src="https://m.media-amazon.com/images/I/51NRndhNwoL._SL500_.jpg" alt="Product Image"></a><p>Crofters Organic Premium Spread, Strawberry, 16.5 oz</p><p> -20% 0FF </p><p>$4.96 ($0.30 / oz)</p><a href="https://www.amazon.com/dp/B015UBV4N0?tag=eloabder-20&linkCode=osi&th=1&psc=1">View Product</a></div>
<div class="product"><a href="https://www.amazon.com/dp/B097RW44HZ?tag=eloabder-20&linkCode=osi&th=1&psc=1"><img src="https://m.media-amazon.com/images/I/51OhVkU8+PL._SL500_.jpg" alt="Product Image"></a><p>Apexy Jelly Fruit Candy – Assorted Fruit Flavors, Halloween Treat Juicy Chewy Gel Snacks, Kids & Adults Party Favors, Fun Treats for Goodie Bags & Events 46.9oz (1330g)</p><p> -7% 0FF </p><p>$12.99 ($0.28 / Ounce)</p><a href="https://www.amazon.com/dp/B097RW44HZ?tag=eloabder-20&linkCode=osi&th=1&psc=1">View Product</a></div><div class="product"><a href="https://www.amazon.com/dp/B00099XN56?tag=eloabder-20&linkCode=osi&th=1&psc=1"><img src="https://m.media-amazon.com/images/I/41twfbi883L._SL500_.jpg" alt="Product Image"></a><p>Smucker's Jelly, Mixed Fruit, 12 oz (340 g)</p><p> -11% 0FF </p><p>$9.94 ($0.83 / Ounce)</p><a href="https://www.amazon.com/dp/B00099XN56?tag=eloabder-20&linkCode=osi&th=1&psc=1">View Product</a></div>
<div class="product"><a href="https://www.amazon.com/dp/B0005Z6ZK4?tag=eloabder-20&linkCode=osi&th=1&psc=1"><img src="https://m.media-amazon.com/images/I/31dtADxAZbL._SL500_.jpg" alt="Product Image"></a><p>Nutella Hazelnut Spread with Cocoa, Creamy Hazelnut Spread, Breakfast Favorite, 13 oz Jar</p><p> -30% 0FF </p><p>$3.48 ($0.27 / Ounce)</p><a href="https://www.amazon.com/dp/B0005Z6ZK4?tag=eloabder-20&linkCode=osi&th=1&psc=1">View Product</a></div><div class="product"><a href="https://www.amazon.com/dp/B09PN9S9D4?tag=eloabder-20&linkCode=osi&th=1&psc=1"><img src="https://m.media-amazon.com/images/I/41VpA06vqaL._SL500_.jpg" alt="Product Image"></a><p>Amazon Grocery, Hazelnut Spread With Cocoa, 26.5 Oz (Previously Amazon Fresh, Packaging May Vary)</p><p> -17% 0FF </p><p>$4.12 ($0.16 / Ounce)</p><a href="https://www.amazon.com/dp/B09PN9S9D4?tag=eloabder-20&linkCode=osi&th=1&psc=1">View Product</a></div>
<div class="product"><a href="https://www.amazon.com/dp/B0052BFNLS?tag=eloabder-20&linkCode=osi&th=1&psc=1"><img src="https://m.media-amazon.com/images/I/31Tfk-0-ybL._SL500_.jpg" alt="Product Image"></a><p>Pompeian Gourmet Red Wine Vinegar, Naturally Gluten-Free, 30 Fl Oz</p><p> -5% 0FF </p><p>$5.33 ($0.18 / Fl Oz)</p><a href="https://www.amazon.com/dp/B0052BFNLS?tag=eloabder-20&linkCode=osi&th=1&psc=1">View Product</a></div><div class="product"><a href="https://www.amazon.com/dp/B005AYB38O?tag=eloabder-20&linkCode=osi&th=1&psc=1"><img src="https://m.media-amazon.com/images/I/31tJRcbnsfL._SL500_.jpg" alt="Product Image"></a><p>Napa Valley Naturals Organic Red Wine Vinegar, 12.7 Ounces</p><p> -51% 0FF </p><p>$5.50 ($0.43 / Ounce)</p><a href="https://www.amazon.com/dp/B005AYB38O?tag=eloabder-20&linkCode=osi&th=1&psc=1">View Product</a></div><div class="product"><a href="https://www.amazon.com/dp/B00H1CJG00?tag=eloabder-20&linkCode=osi&th=1&psc=1"><img src="https://m.media-amazon.com/images/I/31pl1n1OONL._SL500_.jpg" alt="Product Image"></a><p>Colavita Wine Vinegar - Red Wine Vinegar, 17 Fl Oz</p><p> -21% 0FF </p><p>$9.51 ($0.56 / Fl Oz)</p><a href="https://www.amazon.com/dp/B00H1CJG00?tag=eloabder-20&linkCode=osi&th=1&psc=1">View Product</a></div>




<div class="product"><a href="https://www.amazon.com/dp/B0025W9A5C?tag=eloabder-20&linkCode=osi&th=1&psc=1"><img src="https://m.media-amazon.com/images/I/51Oz8SNo83L._SL500_.jpg" alt="Product Image"></a><p>Nature Valley Crunchy Oats 'n Honey Granola Bars, 60 Bars, 44.7 OZ (30 Pouches)</p><p> -33% 0FF </p><p>$7.49 ($0.17 / Ounce)</p><a href="https://www.amazon.com/dp/B0025W9A5C?tag=eloabder-20&linkCode=osi&th=1&psc=1">View Product</a></div><div class="product"><a href="https://www.amazon.com/dp/B01MRZZ3KC?tag=eloabder-20&linkCode=osi&th=1&psc=1"><img src="https://m.media-amazon.com/images/I/512IgtvlLyL._SL500_.jpg" alt="Product Image"></a><p>Quaker Chewy Granola Bars, Chocolate Chip, 58 Count - Packaging May Vary</p><p> -9% 0FF </p><p>$11.19 ($0.23 / Ounce)</p><a href="https://www.amazon.com/dp/B01MRZZ3KC?tag=eloabder-20&linkCode=osi&th=1&psc=1">View Product</a></div><div class="product"><a href="https://www.amazon.com/dp/B00GHPC47O?tag=eloabder-20&linkCode=osi&th=1&psc=1"><img src="https://m.media-amazon.com/images/I/51YsdKn53VS._SL500_.jpg" alt="Product Image"></a><p>Quaker Chewy Granola Bars, Variety Pack, 18 Count</p><p> -20% 0FF </p><p>$3.97 ($0.26 / Ounce)</p><a href="https://www.amazon.com/dp/B00GHPC47O?tag=eloabder-20&linkCode=osi&th=1&psc=1">View Product</a></div><div class="product"><a href="https://www.amazon.com/dp/B0D9R1BMJR?tag=eloabder-20&linkCode=osi&th=1&psc=1"><img src="https://m.media-amazon.com/images/I/51ksmfNpCJL._SL500_.jpg" alt="Product Image"></a><p>Quaker Chewy Granola Bars, Chewy & Dipps Variety Pack, (58 Bars), Whole Grains, No Artificial Flavors, No Added Colors</p><p> -31% 0FF </p><p>$11.87 ($0.22 / Ounce)</p><a href="https://www.amazon.com/dp/B0D9R1BMJR?tag=eloabder-20&linkCode=osi&th=1&psc=1">View Product</a></div><div class="product"><a href="https://www.amazon.com/dp/B077KYKYKN?tag=eloabder-20&linkCode=osi&th=1&psc=1"><img src="https://m.media-amazon.com/images/I/51qz85lOK2S._SL500_.jpg" alt="Product Image"></a><p>Quaker Chewy Lower Sugar Granola Bars, Chocolate Chip, 58 Count</p><p> -35% 0FF </p><p>$11.19 ($0.23 / Ounce)</p><a href="https://www.amazon.com/dp/B077KYKYKN?tag=eloabder-20&linkCode=osi&th=1&psc=1">View Product</a></div>
<div class="product"><a href="https://www.amazon.com/dp/B07VVGKHLH?tag=eloabder-20&linkCode=osi&th=1&psc=1"><img src="https://m.media-amazon.com/images/I/31hbAFlUK6L._SL500_.jpg" alt="Product Image"></a><p>Amazon Grocery, Garlic Powder, 3.9 Oz (Previously Happy Belly, Packaging May Vary)</p><p> -17% 0FF </p><p>$1.30 ($0.33 / Ounce)</p><a href="https://www.amazon.com/dp/B07VVGKHLH?tag=eloabder-20&linkCode=osi&th=1&psc=1">View Product</a></div>
<div class="product"><a href="https://www.amazon.com/dp/B000WHSD5A?tag=eloabder-20&linkCode=osi&th=1&psc=1"><img src="https://m.media-amazon.com/images/I/41QwGSr0+IL._SL500_.jpg" alt="Product Image"></a><p>Heinz Tomato Ketchup, 20 oz Bottle</p><p> -36% 0FF </p><p>$2.23 ($0.11 / Ounce)</p><a href="https://www.amazon.com/dp/B000WHSD5A?tag=eloabder-20&linkCode=osi&th=1&psc=1">View Product</a></div><div class="product"><a href="https://www.amazon.com/dp/B0005YKO8E?tag=eloabder-20&linkCode=osi&th=1&psc=1"><img src="https://m.media-amazon.com/images/I/41AFhgJ5V7L._SL500_.jpg" alt="Product Image"></a><p>Heinz Tomato Ketchup, 14 oz Bottle</p><p> -36% 0FF </p><p>$1.56 ($0.11 / Ounce)</p><a href="https://www.amazon.com/dp/B0005YKO8E?tag=eloabder-20&linkCode=osi&th=1&psc=1">View Product</a></div><div class="product"><a href="https://www.amazon.com/dp/B01B2OVUAG?tag=eloabder-20&linkCode=osi&th=1&psc=1"><img src="https://m.media-amazon.com/images/I/41gaLzbBsDL._SL500_.jpg" alt="Product Image"></a><p>Heinz Organic Tomato Ketchup, 32 oz Bottle</p><p> -47% 0FF </p><p>$3.67 ($0.11 / Ounce)</p><a href="https://www.amazon.com/dp/B01B2OVUAG?tag=eloabder-20&linkCode=osi&th=1&psc=1">View Product</a></div>
<div class="product"><a href="https://www.amazon.com/dp/B015UBV4N0?tag=eloabder-20&linkCode=osi&th=1&psc=1"><img src="https://m.media-amazon.com/images/I/51NRndhNwoL._SL500_.jpg" alt="Product Image"></a><p>Crofters Organic Premium Spread, Strawberry, 16.5 oz</p><p> -20% 0FF </p><p>$4.96 ($0.30 / oz)</p><a href="https://www.amazon.com/dp/B015UBV4N0?tag=eloabder-20&linkCode=osi&th=1&psc=1">View Product</a></div>
<div class="product"><a href="https://www.amazon.com/dp/B097RW44HZ?tag=eloabder-20&linkCode=osi&th=1&psc=1"><img src="https://m.media-amazon.com/images/I/51OhVkU8+PL._SL500_.jpg" alt="Product Image"></a><p>Apexy Jelly Fruit Candy – Assorted Fruit Flavors, Halloween Treat Juicy Chewy Gel Snacks, Kids & Adults Party Favors, Fun Treats for Goodie Bags & Events 46.9oz (1330g)</p><p> -7% 0FF </p><p>$12.99 ($0.28 / Ounce)</p><a href="https://www.amazon.com/dp/B097RW44HZ?tag=eloabder-20&linkCode=osi&th=1&psc=1">View Product</a></div><div class="product"><a href="https://www.amazon.com/dp/B00099XN56?tag=eloabder-20&linkCode=osi&th=1&psc=1"><img src="https://m.media-amazon.com/images/I/41twfbi883L._SL500_.jpg" alt="Product Image"></a><p>Smucker's Jelly, Mixed Fruit, 12 oz (340 g)</p><p> -11% 0FF </p><p>$9.94 ($0.83 / Ounce)</p><a href="https://www.amazon.com/dp/B00099XN56?tag=eloabder-20&linkCode=osi&th=1&psc=1">View Product</a></div>
<div class="product"><a href="https://www.amazon.com/dp/B0005Z6ZK4?tag=eloabder-20&linkCode=osi&th=1&psc=1"><img src="https://m.media-amazon.com/images/I/31dtADxAZbL._SL500_.jpg" alt="Product Image"></a><p>Nutella Hazelnut Spread with Cocoa, Creamy Hazelnut Spread, Breakfast Favorite, 13 oz Jar</p><p> -30% 0FF </p><p>$3.48 ($0.27 / Ounce)</p><a href="https://www.amazon.com/dp/B0005Z6ZK4?tag=eloabder-20&linkCode=osi&th=1&psc=1">View Product</a></div><div class="product"><a href="https://www.amazon.com/dp/B09PN9S9D4?tag=eloabder-20&linkCode=osi&th=1&psc=1"><img src="https://m.media-amazon.com/images/I/41VpA06vqaL._SL500_.jpg" alt="Product Image"></a><p>Amazon Grocery, Hazelnut Spread With Cocoa, 26.5 Oz (Previously Amazon Fresh, Packaging May Vary)</p><p> -17% 0FF </p><p>$4.12 ($0.16 / Ounce)</p><a href="https://www.amazon.com/dp/B09PN9S9D4?tag=eloabder-20&linkCode=osi&th=1&psc=1">View Product</a></div>
<div class="product"><a href="https://www.amazon.com/dp/B0052BFNLS?tag=eloabder-20&linkCode=osi&th=1&psc=1"><img src="https://m.media-amazon.com/images/I/31Tfk-0-ybL._SL500_.jpg" alt="Product Image"></a><p>Pompeian Gourmet Red Wine Vinegar, Naturally Gluten-Free, 30 Fl Oz</p><p> -5% 0FF </p><p>$5.33 ($0.18 / Fl Oz)</p><a href="https://www.amazon.com/dp/B0052BFNLS?tag=eloabder-20&linkCode=osi&th=1&psc=1">View Product</a></div><div class="product"><a href="https://www.amazon.com/dp/B005AYB38O?tag=eloabder-20&linkCode=osi&th=1&psc=1"><img src="https://m.media-amazon.com/images/I/31tJRcbnsfL._SL500_.jpg" alt="Product Image"></a><p>Napa Valley Naturals Organic Red Wine Vinegar, 12.7 Ounces</p><p> -51% 0FF </p><p>$5.50 ($0.43 / Ounce)</p><a href="https://www.amazon.com/dp/B005AYB38O?tag=eloabder-20&linkCode=osi&th=1&psc=1">View Product</a></div><div class="product"><a href="https://www.amazon.com/dp/B00H1CJG00?tag=eloabder-20&linkCode=osi&th=1&psc=1"><img src="https://m.media-amazon.com/images/I/31pl1n1OONL._SL500_.jpg" alt="Product Image"></a><p>Colavita Wine Vinegar - Red Wine Vinegar, 17 Fl Oz</p><p> -21% 0FF </p><p>$9.51 ($0.56 / Fl Oz)</p><a href="https://www.amazon.com/dp/B00H1CJG00?tag=eloabder-20&linkCode=osi&th=1&psc=1">View Product</a></div>





<div class="product"><a href="https://www.amazon.com/dp/B0025W9A5C?tag=eloabder-20&linkCode=osi&th=1&psc=1"><img src="https://m.media-amazon.com/images/I/51Oz8SNo83L._SL500_.jpg" alt="Product Image"></a><p>Nature Valley Crunchy Oats 'n Honey Granola Bars, 60 Bars, 44.7 OZ (30 Pouches)</p><p> -33% 0FF </p><p>$7.49 ($0.17 / Ounce)</p><a href="https://www.amazon.com/dp/B0025W9A5C?tag=eloabder-20&linkCode=osi&th=1&psc=1">View Product</a></div><div class="product"><a href="https://www.amazon.com/dp/B01MRZZ3KC?tag=eloabder-20&linkCode=osi&th=1&psc=1"><img src="https://m.media-amazon.com/images/I/512IgtvlLyL._SL500_.jpg" alt="Product Image"></a><p>Quaker Chewy Granola Bars, Chocolate Chip, 58 Count - Packaging May Vary</p><p> -9% 0FF </p><p>$11.19 ($0.23 / Ounce)</p><a href="https://www.amazon.com/dp/B01MRZZ3KC?tag=eloabder-20&linkCode=osi&th=1&psc=1">View Product</a></div><div class="product"><a href="https://www.amazon.com/dp/B00GHPC47O?tag=eloabder-20&linkCode=osi&th=1&psc=1"><img src="https://m.media-amazon.com/images/I/51YsdKn53VS._SL500_.jpg" alt="Product Image"></a><p>Quaker Chewy Granola Bars, Variety Pack, 18 Count</p><p> -20% 0FF </p><p>$3.97 ($0.26 / Ounce)</p><a href="https://www.amazon.com/dp/B00GHPC47O?tag=eloabder-20&linkCode=osi&th=1&psc=1">View Product</a></div><div class="product"><a href="https://www.amazon.com/dp/B0D9R1BMJR?tag=eloabder-20&linkCode=osi&th=1&psc=1"><img src="https://m.media-amazon.com/images/I/51ksmfNpCJL._SL500_.jpg" alt="Product Image"></a><p>Quaker Chewy Granola Bars, Chewy & Dipps Variety Pack, (58 Bars), Whole Grains, No Artificial Flavors, No Added Colors</p><p> -31% 0FF </p><p>$11.87 ($0.22 / Ounce)</p><a href="https://www.amazon.com/dp/B0D9R1BMJR?tag=eloabder-20&linkCode=osi&th=1&psc=1">View Product</a></div><div class="product"><a href="https://www.amazon.com/dp/B077KYKYKN?tag=eloabder-20&linkCode=osi&th=1&psc=1"><img src="https://m.media-amazon.com/images/I/51qz85lOK2S._SL500_.jpg" alt="Product Image"></a><p>Quaker Chewy Lower Sugar Granola Bars, Chocolate Chip, 58 Count</p><p> -35% 0FF </p><p>$11.19 ($0.23 / Ounce)</p><a href="https://www.amazon.com/dp/B077KYKYKN?tag=eloabder-20&linkCode=osi&th=1&psc=1">View Product</a></div>
<div class="product"><a href="https://www.amazon.com/dp/B07VVGKHLH?tag=eloabder-20&linkCode=osi&th=1&psc=1"><img src="https://m.media-amazon.com/images/I/31hbAFlUK6L._SL500_.jpg" alt="Product Image"></a><p>Amazon Grocery, Garlic Powder, 3.9 Oz (Previously Happy Belly, Packaging May Vary)</p><p> -17% 0FF </p><p>$1.30 ($0.33 / Ounce)</p><a href="https://www.amazon.com/dp/B07VVGKHLH?tag=eloabder-20&linkCode=osi&th=1&psc=1">View Product</a></div>
<div class="product"><a href="https://www.amazon.com/dp/B000WHSD5A?tag=eloabder-20&linkCode=osi&th=1&psc=1"><img src="https://m.media-amazon.com/images/I/41QwGSr0+IL._SL500_.jpg" alt="Product Image"></a><p>Heinz Tomato Ketchup, 20 oz Bottle</p><p> -36% 0FF </p><p>$2.23 ($0.11 / Ounce)</p><a href="https://www.amazon.com/dp/B000WHSD5A?tag=eloabder-20&linkCode=osi&th=1&psc=1">View Product</a></div><div class="product"><a href="https://www.amazon.com/dp/B0005YKO8E?tag=eloabder-20&linkCode=osi&th=1&psc=1"><img src="https://m.media-amazon.com/images/I/41AFhgJ5V7L._SL500_.jpg" alt="Product Image"></a><p>Heinz Tomato Ketchup, 14 oz Bottle</p><p> -36% 0FF </p><p>$1.56 ($0.11 / Ounce)</p><a href="https://www.amazon.com/dp/B0005YKO8E?tag=eloabder-20&linkCode=osi&th=1&psc=1">View Product</a></div><div class="product"><a href="https://www.amazon.com/dp/B01B2OVUAG?tag=eloabder-20&linkCode=osi&th=1&psc=1"><img src="https://m.media-amazon.com/images/I/41gaLzbBsDL._SL500_.jpg" alt="Product Image"></a><p>Heinz Organic Tomato Ketchup, 32 oz Bottle</p><p> -47% 0FF </p><p>$3.67 ($0.11 / Ounce)</p><a href="https://www.amazon.com/dp/B01B2OVUAG?tag=eloabder-20&linkCode=osi&th=1&psc=1">View Product</a></div>
<div class="product"><a href="https://www.amazon.com/dp/B015UBV4N0?tag=eloabder-20&linkCode=osi&th=1&psc=1"><img src="https://m.media-amazon.com/images/I/51NRndhNwoL._SL500_.jpg" alt="Product Image"></a><p>Crofters Organic Premium Spread, Strawberry, 16.5 oz</p><p> -20% 0FF </p><p>$4.96 ($0.30 / oz)</p><a href="https://www.amazon.com/dp/B015UBV4N0?tag=eloabder-20&linkCode=osi&th=1&psc=1">View Product</a></div>
<div class="product"><a href="https://www.amazon.com/dp/B097RW44HZ?tag=eloabder-20&linkCode=osi&th=1&psc=1"><img src="https://m.media-amazon.com/images/I/51OhVkU8+PL._SL500_.jpg" alt="Product Image"></a><p>Apexy Jelly Fruit Candy – Assorted Fruit Flavors, Halloween Treat Juicy Chewy Gel Snacks, Kids & Adults Party Favors, Fun Treats for Goodie Bags & Events 46.9oz (1330g)</p><p> -7% 0FF </p><p>$12.99 ($0.28 / Ounce)</p><a href="https://www.amazon.com/dp/B097RW44HZ?tag=eloabder-20&linkCode=osi&th=1&psc=1">View Product</a></div><div class="product"><a href="https://www.amazon.com/dp/B00099XN56?tag=eloabder-20&linkCode=osi&th=1&psc=1"><img src="https://m.media-amazon.com/images/I/41twfbi883L._SL500_.jpg" alt="Product Image"></a><p>Smucker's Jelly, Mixed Fruit, 12 oz (340 g)</p><p> -11% 0FF </p><p>$9.94 ($0.83 / Ounce)</p><a href="https://www.amazon.com/dp/B00099XN56?tag=eloabder-20&linkCode=osi&th=1&psc=1">View Product</a></div>
<div class="product"><a href="https://www.amazon.com/dp/B0005Z6ZK4?tag=eloabder-20&linkCode=osi&th=1&psc=1"><img src="https://m.media-amazon.com/images/I/31dtADxAZbL._SL500_.jpg" alt="Product Image"></a><p>Nutella Hazelnut Spread with Cocoa, Creamy Hazelnut Spread, Breakfast Favorite, 13 oz Jar</p><p> -30% 0FF </p><p>$3.48 ($0.27 / Ounce)</p><a href="https://www.amazon.com/dp/B0005Z6ZK4?tag=eloabder-20&linkCode=osi&th=1&psc=1">View Product</a></div><div class="product"><a href="https://www.amazon.com/dp/B09PN9S9D4?tag=eloabder-20&linkCode=osi&th=1&psc=1"><img src="https://m.media-amazon.com/images/I/41VpA06vqaL._SL500_.jpg" alt="Product Image"></a><p>Amazon Grocery, Hazelnut Spread With Cocoa, 26.5 Oz (Previously Amazon Fresh, Packaging May Vary)</p><p> -17% 0FF </p><p>$4.12 ($0.16 / Ounce)</p><a href="https://www.amazon.com/dp/B09PN9S9D4?tag=eloabder-20&linkCode=osi&th=1&psc=1">View Product</a></div>
<div class="product"><a href="https://www.amazon.com/dp/B0052BFNLS?tag=eloabder-20&linkCode=osi&th=1&psc=1"><img src="https://m.media-amazon.com/images/I/31Tfk-0-ybL._SL500_.jpg" alt="Product Image"></a><p>Pompeian Gourmet Red Wine Vinegar, Naturally Gluten-Free, 30 Fl Oz</p><p> -5% 0FF </p><p>$5.33 ($0.18 / Fl Oz)</p><a href="https://www.amazon.com/dp/B0052BFNLS?tag=eloabder-20&linkCode=osi&th=1&psc=1">View Product</a></div><div class="product"><a href="https://www.amazon.com/dp/B005AYB38O?tag=eloabder-20&linkCode=osi&th=1&psc=1"><img src="https://m.media-amazon.com/images/I/31tJRcbnsfL._SL500_.jpg" alt="Product Image"></a><p>Napa Valley Naturals Organic Red Wine Vinegar, 12.7 Ounces</p><p> -51% 0FF </p><p>$5.50 ($0.43 / Ounce)</p><a href="https://www.amazon.com/dp/B005AYB38O?tag=eloabder-20&linkCode=osi&th=1&psc=1">View Product</a></div><div class="product"><a href="https://www.amazon.com/dp/B00H1CJG00?tag=eloabder-20&linkCode=osi&th=1&psc=1"><img src="https://m.media-amazon.com/images/I/31pl1n1OONL._SL500_.jpg" alt="Product Image"></a><p>Colavita Wine Vinegar - Red Wine Vinegar, 17 Fl Oz</p><p> -21% 0FF </p><p>$9.51 ($0.56 / Fl Oz)</p><a href="https://www.amazon.com/dp/B00H1CJG00?tag=eloabder-20&linkCode=osi&th=1&psc=1">View Product</a></div>






<div class="product"><a href="https://www.amazon.com/dp/B0025W9A5C?tag=eloabder-20&linkCode=osi&th=1&psc=1"><img src="https://m.media-amazon.com/images/I/51Oz8SNo83L._SL500_.jpg" alt="Product Image"></a><p>Nature Valley Crunchy Oats 'n Honey Granola Bars, 60 Bars, 44.7 OZ (30 Pouches)</p><p> -33% 0FF </p><p>$7.49 ($0.17 / Ounce)</p><a href="https://www.amazon.com/dp/B0025W9A5C?tag=eloabder-20&linkCode=osi&th=1&psc=1">View Product</a></div><div class="product"><a href="https://www.amazon.com/dp/B01MRZZ3KC?tag=eloabder-20&linkCode=osi&th=1&psc=1"><img src="https://m.media-amazon.com/images/I/512IgtvlLyL._SL500_.jpg" alt="Product Image"></a><p>Quaker Chewy Granola Bars, Chocolate Chip, 58 Count - Packaging May Vary</p><p> -9% 0FF </p><p>$11.19 ($0.23 / Ounce)</p><a href="https://www.amazon.com/dp/B01MRZZ3KC?tag=eloabder-20&linkCode=osi&th=1&psc=1">View Product</a></div><div class="product"><a href="https://www.amazon.com/dp/B00GHPC47O?tag=eloabder-20&linkCode=osi&th=1&psc=1"><img src="https://m.media-amazon.com/images/I/51YsdKn53VS._SL500_.jpg" alt="Product Image"></a><p>Quaker Chewy Granola Bars, Variety Pack, 18 Count</p><p> -20% 0FF </p><p>$3.97 ($0.26 / Ounce)</p><a href="https://www.amazon.com/dp/B00GHPC47O?tag=eloabder-20&linkCode=osi&th=1&psc=1">View Product</a></div><div class="product"><a href="https://www.amazon.com/dp/B0D9R1BMJR?tag=eloabder-20&linkCode=osi&th=1&psc=1"><img src="https://m.media-amazon.com/images/I/51ksmfNpCJL._SL500_.jpg" alt="Product Image"></a><p>Quaker Chewy Granola Bars, Chewy & Dipps Variety Pack, (58 Bars), Whole Grains, No Artificial Flavors, No Added Colors</p><p> -31% 0FF </p><p>$11.87 ($0.22 / Ounce)</p><a href="https://www.amazon.com/dp/B0D9R1BMJR?tag=eloabder-20&linkCode=osi&th=1&psc=1">View Product</a></div><div class="product"><a href="https://www.amazon.com/dp/B077KYKYKN?tag=eloabder-20&linkCode=osi&th=1&psc=1"><img src="https://m.media-amazon.com/images/I/51qz85lOK2S._SL500_.jpg" alt="Product Image"></a><p>Quaker Chewy Lower Sugar Granola Bars, Chocolate Chip, 58 Count</p><p> -35% 0FF </p><p>$11.19 ($0.23 / Ounce)</p><a href="https://www.amazon.com/dp/B077KYKYKN?tag=eloabder-20&linkCode=osi&th=1&psc=1">View Product</a></div>
<div class="product"><a href="https://www.amazon.com/dp/B07VVGKHLH?tag=eloabder-20&linkCode=osi&th=1&psc=1"><img src="https://m.media-amazon.com/images/I/31hbAFlUK6L._SL500_.jpg" alt="Product Image"></a><p>Amazon Grocery, Garlic Powder, 3.9 Oz (Previously Happy Belly, Packaging May Vary)</p><p> -17% 0FF </p><p>$1.30 ($0.33 / Ounce)</p><a href="https://www.amazon.com/dp/B07VVGKHLH?tag=eloabder-20&linkCode=osi&th=1&psc=1">View Product</a></div>
<div class="product"><a href="https://www.amazon.com/dp/B000WHSD5A?tag=eloabder-20&linkCode=osi&th=1&psc=1"><img src="https://m.media-amazon.com/images/I/41QwGSr0+IL._SL500_.jpg" alt="Product Image"></a><p>Heinz Tomato Ketchup, 20 oz Bottle</p><p> -36% 0FF </p><p>$2.23 ($0.11 / Ounce)</p><a href="https://www.amazon.com/dp/B000WHSD5A?tag=eloabder-20&linkCode=osi&th=1&psc=1">View Product</a></div><div class="product"><a href="https://www.amazon.com/dp/B0005YKO8E?tag=eloabder-20&linkCode=osi&th=1&psc=1"><img src="https://m.media-amazon.com/images/I/41AFhgJ5V7L._SL500_.jpg" alt="Product Image"></a><p>Heinz Tomato Ketchup, 14 oz Bottle</p><p> -36% 0FF </p><p>$1.56 ($0.11 / Ounce)</p><a href="https://www.amazon.com/dp/B0005YKO8E?tag=eloabder-20&linkCode=osi&th=1&psc=1">View Product</a></div><div class="product"><a href="https://www.amazon.com/dp/B01B2OVUAG?tag=eloabder-20&linkCode=osi&th=1&psc=1"><img src="https://m.media-amazon.com/images/I/41gaLzbBsDL._SL500_.jpg" alt="Product Image"></a><p>Heinz Organic Tomato Ketchup, 32 oz Bottle</p><p> -47% 0FF </p><p>$3.67 ($0.11 / Ounce)</p><a href="https://www.amazon.com/dp/B01B2OVUAG?tag=eloabder-20&linkCode=osi&th=1&psc=1">View Product</a></div>
<div class="product"><a href="https://www.amazon.com/dp/B015UBV4N0?tag=eloabder-20&linkCode=osi&th=1&psc=1"><img src="https://m.media-amazon.com/images/I/51NRndhNwoL._SL500_.jpg" alt="Product Image"></a><p>Crofters Organic Premium Spread, Strawberry, 16.5 oz</p><p> -20% 0FF </p><p>$4.96 ($0.30 / oz)</p><a href="https://www.amazon.com/dp/B015UBV4N0?tag=eloabder-20&linkCode=osi&th=1&psc=1">View Product</a></div>
<div class="product"><a href="https://www.amazon.com/dp/B097RW44HZ?tag=eloabder-20&linkCode=osi&th=1&psc=1"><img src="https://m.media-amazon.com/images/I/51OhVkU8+PL._SL500_.jpg" alt="Product Image"></a><p>Apexy Jelly Fruit Candy – Assorted Fruit Flavors, Halloween Treat Juicy Chewy Gel Snacks, Kids & Adults Party Favors, Fun Treats for Goodie Bags & Events 46.9oz (1330g)</p><p> -7% 0FF </p><p>$12.99 ($0.28 / Ounce)</p><a href="https://www.amazon.com/dp/B097RW44HZ?tag=eloabder-20&linkCode=osi&th=1&psc=1">View Product</a></div><div class="product"><a href="https://www.amazon.com/dp/B00099XN56?tag=eloabder-20&linkCode=osi&th=1&psc=1"><img src="https://m.media-amazon.com/images/I/41twfbi883L._SL500_.jpg" alt="Product Image"></a><p>Smucker's Jelly, Mixed Fruit, 12 oz (340 g)</p><p> -11% 0FF </p><p>$9.94 ($0.83 / Ounce)</p><a href="https://www.amazon.com/dp/B00099XN56?tag=eloabder-20&linkCode=osi&th=1&psc=1">View Product</a></div>
<div class="product"><a href="https://www.amazon.com/dp/B0005Z6ZK4?tag=eloabder-20&linkCode=osi&th=1&psc=1"><img src="https://m.media-amazon.com/images/I/31dtADxAZbL._SL500_.jpg" alt="Product Image"></a><p>Nutella Hazelnut Spread with Cocoa, Creamy Hazelnut Spread, Breakfast Favorite, 13 oz Jar</p><p> -30% 0FF </p><p>$3.48 ($0.27 / Ounce)</p><a href="https://www.amazon.com/dp/B0005Z6ZK4?tag=eloabder-20&linkCode=osi&th=1&psc=1">View Product</a></div><div class="product"><a href="https://www.amazon.com/dp/B09PN9S9D4?tag=eloabder-20&linkCode=osi&th=1&psc=1"><img src="https://m.media-amazon.com/images/I/41VpA06vqaL._SL500_.jpg" alt="Product Image"></a><p>Amazon Grocery, Hazelnut Spread With Cocoa, 26.5 Oz (Previously Amazon Fresh, Packaging May Vary)</p><p> -17% 0FF </p><p>$4.12 ($0.16 / Ounce)</p><a href="https://www.amazon.com/dp/B09PN9S9D4?tag=eloabder-20&linkCode=osi&th=1&psc=1">View Product</a></div>
<div class="product"><a href="https://www.amazon.com/dp/B0052BFNLS?tag=eloabder-20&linkCode=osi&th=1&psc=1"><img src="https://m.media-amazon.com/images/I/31Tfk-0-ybL._SL500_.jpg" alt="Product Image"></a><p>Pompeian Gourmet Red Wine Vinegar, Naturally Gluten-Free, 30 Fl Oz</p><p> -5% 0FF </p><p>$5.33 ($0.18 / Fl Oz)</p><a href="https://www.amazon.com/dp/B0052BFNLS?tag=eloabder-20&linkCode=osi&th=1&psc=1">View Product</a></div><div class="product"><a href="https://www.amazon.com/dp/B005AYB38O?tag=eloabder-20&linkCode=osi&th=1&psc=1"><img src="https://m.media-amazon.com/images/I/31tJRcbnsfL._SL500_.jpg" alt="Product Image"></a><p>Napa Valley Naturals Organic Red Wine Vinegar, 12.7 Ounces</p><p> -51% 0FF </p><p>$5.50 ($0.43 / Ounce)</p><a href="https://www.amazon.com/dp/B005AYB38O?tag=eloabder-20&linkCode=osi&th=1&psc=1">View Product</a></div><div class="product"><a href="https://www.amazon.com/dp/B00H1CJG00?tag=eloabder-20&linkCode=osi&th=1&psc=1"><img src="https://m.media-amazon.com/images/I/31pl1n1OONL._SL500_.jpg" alt="Product Image"></a><p>Colavita Wine Vinegar - Red Wine Vinegar, 17 Fl Oz</p><p> -21% 0FF </p><p>$9.51 ($0.56 / Fl Oz)</p><a href="https://www.amazon.com/dp/B00H1CJG00?tag=eloabder-20&linkCode=osi&th=1&psc=1">View Product</a></div>







<div class="product"><a href="https://www.amazon.com/dp/B0025W9A5C?tag=eloabder-20&linkCode=osi&th=1&psc=1"><img src="https://m.media-amazon.com/images/I/51Oz8SNo83L._SL500_.jpg" alt="Product Image"></a><p>Nature Valley Crunchy Oats 'n Honey Granola Bars, 60 Bars, 44.7 OZ (30 Pouches)</p><p> -33% 0FF </p><p>$7.49 ($0.17 / Ounce)</p><a href="https://www.amazon.com/dp/B0025W9A5C?tag=eloabder-20&linkCode=osi&th=1&psc=1">View Product</a></div><div class="product"><a href="https://www.amazon.com/dp/B01MRZZ3KC?tag=eloabder-20&linkCode=osi&th=1&psc=1"><img src="https://m.media-amazon.com/images/I/512IgtvlLyL._SL500_.jpg" alt="Product Image"></a><p>Quaker Chewy Granola Bars, Chocolate Chip, 58 Count - Packaging May Vary</p><p> -9% 0FF </p><p>$11.19 ($0.23 / Ounce)</p><a href="https://www.amazon.com/dp/B01MRZZ3KC?tag=eloabder-20&linkCode=osi&th=1&psc=1">View Product</a></div><div class="product"><a href="https://www.amazon.com/dp/B00GHPC47O?tag=eloabder-20&linkCode=osi&th=1&psc=1"><img src="https://m.media-amazon.com/images/I/51YsdKn53VS._SL500_.jpg" alt="Product Image"></a><p>Quaker Chewy Granola Bars, Variety Pack, 18 Count</p><p> -20% 0FF </p><p>$3.97 ($0.26 / Ounce)</p><a href="https://www.amazon.com/dp/B00GHPC47O?tag=eloabder-20&linkCode=osi&th=1&psc=1">View Product</a></div><div class="product"><a href="https://www.amazon.com/dp/B0D9R1BMJR?tag=eloabder-20&linkCode=osi&th=1&psc=1"><img src="https://m.media-amazon.com/images/I/51ksmfNpCJL._SL500_.jpg" alt="Product Image"></a><p>Quaker Chewy Granola Bars, Chewy & Dipps Variety Pack, (58 Bars), Whole Grains, No Artificial Flavors, No Added Colors</p><p> -31% 0FF </p><p>$11.87 ($0.22 / Ounce)</p><a href="https://www.amazon.com/dp/B0D9R1BMJR?tag=eloabder-20&linkCode=osi&th=1&psc=1">View Product</a></div><div class="product"><a href="https://www.amazon.com/dp/B077KYKYKN?tag=eloabder-20&linkCode=osi&th=1&psc=1"><img src="https://m.media-amazon.com/images/I/51qz85lOK2S._SL500_.jpg" alt="Product Image"></a><p>Quaker Chewy Lower Sugar Granola Bars, Chocolate Chip, 58 Count</p><p> -35% 0FF </p><p>$11.19 ($0.23 / Ounce)</p><a href="https://www.amazon.com/dp/B077KYKYKN?tag=eloabder-20&linkCode=osi&th=1&psc=1">View Product</a></div>
<div class="product"><a href="https://www.amazon.com/dp/B07VVGKHLH?tag=eloabder-20&linkCode=osi&th=1&psc=1"><img src="https://m.media-amazon.com/images/I/31hbAFlUK6L._SL500_.jpg" alt="Product Image"></a><p>Amazon Grocery, Garlic Powder, 3.9 Oz (Previously Happy Belly, Packaging May Vary)</p><p> -17% 0FF </p><p>$1.30 ($0.33 / Ounce)</p><a href="https://www.amazon.com/dp/B07VVGKHLH?tag=eloabder-20&linkCode=osi&th=1&psc=1">View Product</a></div>
<div class="product"><a href="https://www.amazon.com/dp/B000WHSD5A?tag=eloabder-20&linkCode=osi&th=1&psc=1"><img src="https://m.media-amazon.com/images/I/41QwGSr0+IL._SL500_.jpg" alt="Product Image"></a><p>Heinz Tomato Ketchup, 20 oz Bottle</p><p> -36% 0FF </p><p>$2.23 ($0.11 / Ounce)</p><a href="https://www.amazon.com/dp/B000WHSD5A?tag=eloabder-20&linkCode=osi&th=1&psc=1">View Product</a></div><div class="product"><a href="https://www.amazon.com/dp/B0005YKO8E?tag=eloabder-20&linkCode=osi&th=1&psc=1"><img src="https://m.media-amazon.com/images/I/41AFhgJ5V7L._SL500_.jpg" alt="Product Image"></a><p>Heinz Tomato Ketchup, 14 oz Bottle</p><p> -36% 0FF </p><p>$1.56 ($0.11 / Ounce)</p><a href="https://www.amazon.com/dp/B0005YKO8E?tag=eloabder-20&linkCode=osi&th=1&psc=1">View Product</a></div><div class="product"><a href="https://www.amazon.com/dp/B01B2OVUAG?tag=eloabder-20&linkCode=osi&th=1&psc=1"><img src="https://m.media-amazon.com/images/I/41gaLzbBsDL._SL500_.jpg" alt="Product Image"></a><p>Heinz Organic Tomato Ketchup, 32 oz Bottle</p><p> -47% 0FF </p><p>$3.67 ($0.11 / Ounce)</p><a href="https://www.amazon.com/dp/B01B2OVUAG?tag=eloabder-20&linkCode=osi&th=1&psc=1">View Product</a></div>
<div class="product"><a href="https://www.amazon.com/dp/B015UBV4N0?tag=eloabder-20&linkCode=osi&th=1&psc=1"><img src="https://m.media-amazon.com/images/I/51NRndhNwoL._SL500_.jpg" alt="Product Image"></a><p>Crofters Organic Premium Spread, Strawberry, 16.5 oz</p><p> -20% 0FF </p><p>$4.96 ($0.30 / oz)</p><a href="https://www.amazon.com/dp/B015UBV4N0?tag=eloabder-20&linkCode=osi&th=1&psc=1">View Product</a></div>
<div class="product"><a href="https://www.amazon.com/dp/B097RW44HZ?tag=eloabder-20&linkCode=osi&th=1&psc=1"><img src="https://m.media-amazon.com/images/I/51OhVkU8+PL._SL500_.jpg" alt="Product Image"></a><p>Apexy Jelly Fruit Candy – Assorted Fruit Flavors, Halloween Treat Juicy Chewy Gel Snacks, Kids & Adults Party Favors, Fun Treats for Goodie Bags & Events 46.9oz (1330g)</p><p> -7% 0FF </p><p>$12.99 ($0.28 / Ounce)</p><a href="https://www.amazon.com/dp/B097RW44HZ?tag=eloabder-20&linkCode=osi&th=1&psc=1">View Product</a></div><div class="product"><a href="https://www.amazon.com/dp/B00099XN56?tag=eloabder-20&linkCode=osi&th=1&psc=1"><img src="https://m.media-amazon.com/images/I/41twfbi883L._SL500_.jpg" alt="Product Image"></a><p>Smucker's Jelly, Mixed Fruit, 12 oz (340 g)</p><p> -11% 0FF </p><p>$9.94 ($0.83 / Ounce)</p><a href="https://www.amazon.com/dp/B00099XN56?tag=eloabder-20&linkCode=osi&th=1&psc=1">View Product</a></div>
<div class="product"><a href="https://www.amazon.com/dp/B0005Z6ZK4?tag=eloabder-20&linkCode=osi&th=1&psc=1"><img src="https://m.media-amazon.com/images/I/31dtADxAZbL._SL500_.jpg" alt="Product Image"></a><p>Nutella Hazelnut Spread with Cocoa, Creamy Hazelnut Spread, Breakfast Favorite, 13 oz Jar</p><p> -30% 0FF </p><p>$3.48 ($0.27 / Ounce)</p><a href="https://www.amazon.com/dp/B0005Z6ZK4?tag=eloabder-20&linkCode=osi&th=1&psc=1">View Product</a></div><div class="product"><a href="https://www.amazon.com/dp/B09PN9S9D4?tag=eloabder-20&linkCode=osi&th=1&psc=1"><img src="https://m.media-amazon.com/images/I/41VpA06vqaL._SL500_.jpg" alt="Product Image"></a><p>Amazon Grocery, Hazelnut Spread With Cocoa, 26.5 Oz (Previously Amazon Fresh, Packaging May Vary)</p><p> -17% 0FF </p><p>$4.12 ($0.16 / Ounce)</p><a href="https://www.amazon.com/dp/B09PN9S9D4?tag=eloabder-20&linkCode=osi&th=1&psc=1">View Product</a></div>
<div class="product"><a href="https://www.amazon.com/dp/B0052BFNLS?tag=eloabder-20&linkCode=osi&th=1&psc=1"><img src="https://m.media-amazon.com/images/I/31Tfk-0-ybL._SL500_.jpg" alt="Product Image"></a><p>Pompeian Gourmet Red Wine Vinegar, Naturally Gluten-Free, 30 Fl Oz</p><p> -5% 0FF </p><p>$5.33 ($0.18 / Fl Oz)</p><a href="https://www.amazon.com/dp/B0052BFNLS?tag=eloabder-20&linkCode=osi&th=1&psc=1">View Product</a></div><div class="product"><a href="https://www.amazon.com/dp/B005AYB38O?tag=eloabder-20&linkCode=osi&th=1&psc=1"><img src="https://m.media-amazon.com/images/I/31tJRcbnsfL._SL500_.jpg" alt="Product Image"></a><p>Napa Valley Naturals Organic Red Wine Vinegar, 12.7 Ounces</p><p> -51% 0FF </p><p>$5.50 ($0.43 / Ounce)</p><a href="https://www.amazon.com/dp/B005AYB38O?tag=eloabder-20&linkCode=osi&th=1&psc=1">View Product</a></div><div class="product"><a href="https://www.amazon.com/dp/B00H1CJG00?tag=eloabder-20&linkCode=osi&th=1&psc=1"><img src="https://m.media-amazon.com/images/I/31pl1n1OONL._SL500_.jpg" alt="Product Image"></a><p>Colavita Wine Vinegar - Red Wine Vinegar, 17 Fl Oz</p><p> -21% 0FF </p><p>$9.51 ($0.56 / Fl Oz)</p><a href="https://www.amazon.com/dp/B00H1CJG00?tag=eloabder-20&linkCode=osi&th=1&psc=1">View Product</a></div>








<div class="product"><a href="https://www.amazon.com/dp/B0025W9A5C?tag=eloabder-20&linkCode=osi&th=1&psc=1"><img src="https://m.media-amazon.com/images/I/51Oz8SNo83L._SL500_.jpg" alt="Product Image"></a><p>Nature Valley Crunchy Oats 'n Honey Granola Bars, 60 Bars, 44.7 OZ (30 Pouches)</p><p> -33% 0FF </p><p>$7.49 ($0.17 / Ounce)</p><a href="https://www.amazon.com/dp/B0025W9A5C?tag=eloabder-20&linkCode=osi&th=1&psc=1">View Product</a></div><div class="product"><a href="https://www.amazon.com/dp/B01MRZZ3KC?tag=eloabder-20&linkCode=osi&th=1&psc=1"><img src="https://m.media-amazon.com/images/I/512IgtvlLyL._SL500_.jpg" alt="Product Image"></a><p>Quaker Chewy Granola Bars, Chocolate Chip, 58 Count - Packaging May Vary</p><p> -9% 0FF </p><p>$11.19 ($0.23 / Ounce)</p><a href="https://www.amazon.com/dp/B01MRZZ3KC?tag=eloabder-20&linkCode=osi&th=1&psc=1">View Product</a></div><div class="product"><a href="https://www.amazon.com/dp/B00GHPC47O?tag=eloabder-20&linkCode=osi&th=1&psc=1"><img src="https://m.media-amazon.com/images/I/51YsdKn53VS._SL500_.jpg" alt="Product Image"></a><p>Quaker Chewy Granola Bars, Variety Pack, 18 Count</p><p> -20% 0FF </p><p>$3.97 ($0.26 / Ounce)</p><a href="https://www.amazon.com/dp/B00GHPC47O?tag=eloabder-20&linkCode=osi&th=1&psc=1">View Product</a></div><div class="product"><a href="https://www.amazon.com/dp/B0D9R1BMJR?tag=eloabder-20&linkCode=osi&th=1&psc=1"><img src="https://m.media-amazon.com/images/I/51ksmfNpCJL._SL500_.jpg" alt="Product Image"></a><p>Quaker Chewy Granola Bars, Chewy & Dipps Variety Pack, (58 Bars), Whole Grains, No Artificial Flavors, No Added Colors</p><p> -31% 0FF </p><p>$11.87 ($0.22 / Ounce)</p><a href="https://www.amazon.com/dp/B0D9R1BMJR?tag=eloabder-20&linkCode=osi&th=1&psc=1">View Product</a></div><div class="product"><a href="https://www.amazon.com/dp/B077KYKYKN?tag=eloabder-20&linkCode=osi&th=1&psc=1"><img src="https://m.media-amazon.com/images/I/51qz85lOK2S._SL500_.jpg" alt="Product Image"></a><p>Quaker Chewy Lower Sugar Granola Bars, Chocolate Chip, 58 Count</p><p> -35% 0FF </p><p>$11.19 ($0.23 / Ounce)</p><a href="https://www.amazon.com/dp/B077KYKYKN?tag=eloabder-20&linkCode=osi&th=1&psc=1">View Product</a></div>
<div class="product"><a href="https://www.amazon.com/dp/B07VVGKHLH?tag=eloabder-20&linkCode=osi&th=1&psc=1"><img src="https://m.media-amazon.com/images/I/31hbAFlUK6L._SL500_.jpg" alt="Product Image"></a><p>Amazon Grocery, Garlic Powder, 3.9 Oz (Previously Happy Belly, Packaging May Vary)</p><p> -17% 0FF </p><p>$1.30 ($0.33 / Ounce)</p><a href="https://www.amazon.com/dp/B07VVGKHLH?tag=eloabder-20&linkCode=osi&th=1&psc=1">View Product</a></div>
<div class="product"><a href="https://www.amazon.com/dp/B000WHSD5A?tag=eloabder-20&linkCode=osi&th=1&psc=1"><img src="https://m.media-amazon.com/images/I/41QwGSr0+IL._SL500_.jpg" alt="Product Image"></a><p>Heinz Tomato Ketchup, 20 oz Bottle</p><p> -36% 0FF </p><p>$2.23 ($0.11 / Ounce)</p><a href="https://www.amazon.com/dp/B000WHSD5A?tag=eloabder-20&linkCode=osi&th=1&psc=1">View Product</a></div><div class="product"><a href="https://www.amazon.com/dp/B0005YKO8E?tag=eloabder-20&linkCode=osi&th=1&psc=1"><img src="https://m.media-amazon.com/images/I/41AFhgJ5V7L._SL500_.jpg" alt="Product Image"></a><p>Heinz Tomato Ketchup, 14 oz Bottle</p><p> -36% 0FF </p><p>$1.56 ($0.11 / Ounce)</p><a href="https://www.amazon.com/dp/B0005YKO8E?tag=eloabder-20&linkCode=osi&th=1&psc=1">View Product</a></div><div class="product"><a href="https://www.amazon.com/dp/B01B2OVUAG?tag=eloabder-20&linkCode=osi&th=1&psc=1"><img src="https://m.media-amazon.com/images/I/41gaLzbBsDL._SL500_.jpg" alt="Product Image"></a><p>Heinz Organic Tomato Ketchup, 32 oz Bottle</p><p> -47% 0FF </p><p>$3.67 ($0.11 / Ounce)</p><a href="https://www.amazon.com/dp/B01B2OVUAG?tag=eloabder-20&linkCode=osi&th=1&psc=1">View Product</a></div>
<div class="product"><a href="https://www.amazon.com/dp/B015UBV4N0?tag=eloabder-20&linkCode=osi&th=1&psc=1"><img src="https://m.media-amazon.com/images/I/51NRndhNwoL._SL500_.jpg" alt="Product Image"></a><p>Crofters Organic Premium Spread, Strawberry, 16.5 oz</p><p> -20% 0FF </p><p>$4.96 ($0.30 / oz)</p><a href="https://www.amazon.com/dp/B015UBV4N0?tag=eloabder-20&linkCode=osi&th=1&psc=1">View Product</a></div>
<div class="product"><a href="https://www.amazon.com/dp/B097RW44HZ?tag=eloabder-20&linkCode=osi&th=1&psc=1"><img src="https://m.media-amazon.com/images/I/51OhVkU8+PL._SL500_.jpg" alt="Product Image"></a><p>Apexy Jelly Fruit Candy – Assorted Fruit Flavors, Halloween Treat Juicy Chewy Gel Snacks, Kids & Adults Party Favors, Fun Treats for Goodie Bags & Events 46.9oz (1330g)</p><p> -7% 0FF </p><p>$12.99 ($0.28 / Ounce)</p><a href="https://www.amazon.com/dp/B097RW44HZ?tag=eloabder-20&linkCode=osi&th=1&psc=1">View Product</a></div><div class="product"><a href="https://www.amazon.com/dp/B00099XN56?tag=eloabder-20&linkCode=osi&th=1&psc=1"><img src="https://m.media-amazon.com/images/I/41twfbi883L._SL500_.jpg" alt="Product Image"></a><p>Smucker's Jelly, Mixed Fruit, 12 oz (340 g)</p><p> -11% 0FF </p><p>$9.94 ($0.83 / Ounce)</p><a href="https://www.amazon.com/dp/B00099XN56?tag=eloabder-20&linkCode=osi&th=1&psc=1">View Product</a></div>
<div class="product"><a href="https://www.amazon.com/dp/B0005Z6ZK4?tag=eloabder-20&linkCode=osi&th=1&psc=1"><img src="https://m.media-amazon.com/images/I/31dtADxAZbL._SL500_.jpg" alt="Product Image"></a><p>Nutella Hazelnut Spread with Cocoa, Creamy Hazelnut Spread, Breakfast Favorite, 13 oz Jar</p><p> -30% 0FF </p><p>$3.48 ($0.27 / Ounce)</p><a href="https://www.amazon.com/dp/B0005Z6ZK4?tag=eloabder-20&linkCode=osi&th=1&psc=1">View Product</a></div><div class="product"><a href="https://www.amazon.com/dp/B09PN9S9D4?tag=eloabder-20&linkCode=osi&th=1&psc=1"><img src="https://m.media-amazon.com/images/I/41VpA06vqaL._SL500_.jpg" alt="Product Image"></a><p>Amazon Grocery, Hazelnut Spread With Cocoa, 26.5 Oz (Previously Amazon Fresh, Packaging May Vary)</p><p> -17% 0FF </p><p>$4.12 ($0.16 / Ounce)</p><a href="https://www.amazon.com/dp/B09PN9S9D4?tag=eloabder-20&linkCode=osi&th=1&psc=1">View Product</a></div>
<div class="product"><a href="https://www.amazon.com/dp/B0052BFNLS?tag=eloabder-20&linkCode=osi&th=1&psc=1"><img src="https://m.media-amazon.com/images/I/31Tfk-0-ybL._SL500_.jpg" alt="Product Image"></a><p>Pompeian Gourmet Red Wine Vinegar, Naturally Gluten-Free, 30 Fl Oz</p><p> -5% 0FF </p><p>$5.33 ($0.18 / Fl Oz)</p><a href="https://www.amazon.com/dp/B0052BFNLS?tag=eloabder-20&linkCode=osi&th=1&psc=1">View Product</a></div><div class="product"><a href="https://www.amazon.com/dp/B005AYB38O?tag=eloabder-20&linkCode=osi&th=1&psc=1"><img src="https://m.media-amazon.com/images/I/31tJRcbnsfL._SL500_.jpg" alt="Product Image"></a><p>Napa Valley Naturals Organic Red Wine Vinegar, 12.7 Ounces</p><p> -51% 0FF </p><p>$5.50 ($0.43 / Ounce)</p><a href="https://www.amazon.com/dp/B005AYB38O?tag=eloabder-20&linkCode=osi&th=1&psc=1">View Product</a></div><div class="product"><a href="https://www.amazon.com/dp/B00H1CJG00?tag=eloabder-20&linkCode=osi&th=1&psc=1"><img src="https://m.media-amazon.com/images/I/31pl1n1OONL._SL500_.jpg" alt="Product Image"></a><p>Colavita Wine Vinegar - Red Wine Vinegar, 17 Fl Oz</p><p> -21% 0FF </p><p>$9.51 ($0.56 / Fl Oz)</p><a href="https://www.amazon.com/dp/B00H1CJG00?tag=eloabder-20&linkCode=osi&th=1&psc=1">View Product</a></div>









<div class="product"><a href="https://www.amazon.com/dp/B0025W9A5C?tag=eloabder-20&linkCode=osi&th=1&psc=1"><img src="https://m.media-amazon.com/images/I/51Oz8SNo83L._SL500_.jpg" alt="Product Image"></a><p>Nature Valley Crunchy Oats 'n Honey Granola Bars, 60 Bars, 44.7 OZ (30 Pouches)</p><p> -33% 0FF </p><p>$7.49 ($0.17 / Ounce)</p><a href="https://www.amazon.com/dp/B0025W9A5C?tag=eloabder-20&linkCode=osi&th=1&psc=1">View Product</a></div><div class="product"><a href="https://www.amazon.com/dp/B01MRZZ3KC?tag=eloabder-20&linkCode=osi&th=1&psc=1"><img src="https://m.media-amazon.com/images/I/512IgtvlLyL._SL500_.jpg" alt="Product Image"></a><p>Quaker Chewy Granola Bars, Chocolate Chip, 58 Count - Packaging May Vary</p><p> -9% 0FF </p><p>$11.19 ($0.23 / Ounce)</p><a href="https://www.amazon.com/dp/B01MRZZ3KC?tag=eloabder-20&linkCode=osi&th=1&psc=1">View Product</a></div><div class="product"><a href="https://www.amazon.com/dp/B00GHPC47O?tag=eloabder-20&linkCode=osi&th=1&psc=1"><img src="https://m.media-amazon.com/images/I/51YsdKn53VS._SL500_.jpg" alt="Product Image"></a><p>Quaker Chewy Granola Bars, Variety Pack, 18 Count</p><p> -20% 0FF </p><p>$3.97 ($0.26 / Ounce)</p><a href="https://www.amazon.com/dp/B00GHPC47O?tag=eloabder-20&linkCode=osi&th=1&psc=1">View Product</a></div><div class="product"><a href="https://www.amazon.com/dp/B0D9R1BMJR?tag=eloabder-20&linkCode=osi&th=1&psc=1"><img src="https://m.media-amazon.com/images/I/51ksmfNpCJL._SL500_.jpg" alt="Product Image"></a><p>Quaker Chewy Granola Bars, Chewy & Dipps Variety Pack, (58 Bars), Whole Grains, No Artificial Flavors, No Added Colors</p><p> -31% 0FF </p><p>$11.87 ($0.22 / Ounce)</p><a href="https://www.amazon.com/dp/B0D9R1BMJR?tag=eloabder-20&linkCode=osi&th=1&psc=1">View Product</a></div><div class="product"><a href="https://www.amazon.com/dp/B077KYKYKN?tag=eloabder-20&linkCode=osi&th=1&psc=1"><img src="https://m.media-amazon.com/images/I/51qz85lOK2S._SL500_.jpg" alt="Product Image"></a><p>Quaker Chewy Lower Sugar Granola Bars, Chocolate Chip, 58 Count</p><p> -35% 0FF </p><p>$11.19 ($0.23 / Ounce)</p><a href="https://www.amazon.com/dp/B077KYKYKN?tag=eloabder-20&linkCode=osi&th=1&psc=1">View Product</a></div>
<div class="product"><a href="https://www.amazon.com/dp/B07VVGKHLH?tag=eloabder-20&linkCode=osi&th=1&psc=1"><img src="https://m.media-amazon.com/images/I/31hbAFlUK6L._SL500_.jpg" alt="Product Image"></a><p>Amazon Grocery, Garlic Powder, 3.9 Oz (Previously Happy Belly, Packaging May Vary)</p><p> -17% 0FF </p><p>$1.30 ($0.33 / Ounce)</p><a href="https://www.amazon.com/dp/B07VVGKHLH?tag=eloabder-20&linkCode=osi&th=1&psc=1">View Product</a></div>
<div class="product"><a href="https://www.amazon.com/dp/B000WHSD5A?tag=eloabder-20&linkCode=osi&th=1&psc=1"><img src="https://m.media-amazon.com/images/I/41QwGSr0+IL._SL500_.jpg" alt="Product Image"></a><p>Heinz Tomato Ketchup, 20 oz Bottle</p><p> -36% 0FF </p><p>$2.23 ($0.11 / Ounce)</p><a href="https://www.amazon.com/dp/B000WHSD5A?tag=eloabder-20&linkCode=osi&th=1&psc=1">View Product</a></div><div class="product"><a href="https://www.amazon.com/dp/B0005YKO8E?tag=eloabder-20&linkCode=osi&th=1&psc=1"><img src="https://m.media-amazon.com/images/I/41AFhgJ5V7L._SL500_.jpg" alt="Product Image"></a><p>Heinz Tomato Ketchup, 14 oz Bottle</p><p> -36% 0FF </p><p>$1.56 ($0.11 / Ounce)</p><a href="https://www.amazon.com/dp/B0005YKO8E?tag=eloabder-20&linkCode=osi&th=1&psc=1">View Product</a></div><div class="product"><a href="https://www.amazon.com/dp/B01B2OVUAG?tag=eloabder-20&linkCode=osi&th=1&psc=1"><img src="https://m.media-amazon.com/images/I/41gaLzbBsDL._SL500_.jpg" alt="Product Image"></a><p>Heinz Organic Tomato Ketchup, 32 oz Bottle</p><p> -47% 0FF </p><p>$3.67 ($0.11 / Ounce)</p><a href="https://www.amazon.com/dp/B01B2OVUAG?tag=eloabder-20&linkCode=osi&th=1&psc=1">View Product</a></div>
<div class="product"><a href="https://www.amazon.com/dp/B015UBV4N0?tag=eloabder-20&linkCode=osi&th=1&psc=1"><img src="https://m.media-amazon.com/images/I/51NRndhNwoL._SL500_.jpg" alt="Product Image"></a><p>Crofters Organic Premium Spread, Strawberry, 16.5 oz</p><p> -20% 0FF </p><p>$4.96 ($0.30 / oz)</p><a href="https://www.amazon.com/dp/B015UBV4N0?tag=eloabder-20&linkCode=osi&th=1&psc=1">View Product</a></div>
<div class="product"><a href="https://www.amazon.com/dp/B097RW44HZ?tag=eloabder-20&linkCode=osi&th=1&psc=1"><img src="https://m.media-amazon.com/images/I/51OhVkU8+PL._SL500_.jpg" alt="Product Image"></a><p>Apexy Jelly Fruit Candy – Assorted Fruit Flavors, Halloween Treat Juicy Chewy Gel Snacks, Kids & Adults Party Favors, Fun Treats for Goodie Bags & Events 46.9oz (1330g)</p><p> -7% 0FF </p><p>$12.99 ($0.28 / Ounce)</p><a href="https://www.amazon.com/dp/B097RW44HZ?tag=eloabder-20&linkCode=osi&th=1&psc=1">View Product</a></div><div class="product"><a href="https://www.amazon.com/dp/B00099XN56?tag=eloabder-20&linkCode=osi&th=1&psc=1"><img src="https://m.media-amazon.com/images/I/41twfbi883L._SL500_.jpg" alt="Product Image"></a><p>Smucker's Jelly, Mixed Fruit, 12 oz (340 g)</p><p> -11% 0FF </p><p>$9.94 ($0.83 / Ounce)</p><a href="https://www.amazon.com/dp/B00099XN56?tag=eloabder-20&linkCode=osi&th=1&psc=1">View Product</a></div>
<div class="product"><a href="https://www.amazon.com/dp/B0005Z6ZK4?tag=eloabder-20&linkCode=osi&th=1&psc=1"><img src="https://m.media-amazon.com/images/I/31dtADxAZbL._SL500_.jpg" alt="Product Image"></a><p>Nutella Hazelnut Spread with Cocoa, Creamy Hazelnut Spread, Breakfast Favorite, 13 oz Jar</p><p> -30% 0FF </p><p>$3.48 ($0.27 / Ounce)</p><a href="https://www.amazon.com/dp/B0005Z6ZK4?tag=eloabder-20&linkCode=osi&th=1&psc=1">View Product</a></div><div class="product"><a href="https://www.amazon.com/dp/B09PN9S9D4?tag=eloabder-20&linkCode=osi&th=1&psc=1"><img src="https://m.media-amazon.com/images/I/41VpA06vqaL._SL500_.jpg" alt="Product Image"></a><p>Amazon Grocery, Hazelnut Spread With Cocoa, 26.5 Oz (Previously Amazon Fresh, Packaging May Vary)</p><p> -17% 0FF </p><p>$4.12 ($0.16 / Ounce)</p><a href="https://www.amazon.com/dp/B09PN9S9D4?tag=eloabder-20&linkCode=osi&th=1&psc=1">View Product</a></div>
<div class="product"><a href="https://www.amazon.com/dp/B0052BFNLS?tag=eloabder-20&linkCode=osi&th=1&psc=1"><img src="https://m.media-amazon.com/images/I/31Tfk-0-ybL._SL500_.jpg" alt="Product Image"></a><p>Pompeian Gourmet Red Wine Vinegar, Naturally Gluten-Free, 30 Fl Oz</p><p> -5% 0FF </p><p>$5.33 ($0.18 / Fl Oz)</p><a href="https://www.amazon.com/dp/B0052BFNLS?tag=eloabder-20&linkCode=osi&th=1&psc=1">View Product</a></div><div class="product"><a href="https://www.amazon.com/dp/B005AYB38O?tag=eloabder-20&linkCode=osi&th=1&psc=1"><img src="https://m.media-amazon.com/images/I/31tJRcbnsfL._SL500_.jpg" alt="Product Image"></a><p>Napa Valley Naturals Organic Red Wine Vinegar, 12.7 Ounces</p><p> -51% 0FF </p><p>$5.50 ($0.43 / Ounce)</p><a href="https://www.amazon.com/dp/B005AYB38O?tag=eloabder-20&linkCode=osi&th=1&psc=1">View Product</a></div><div class="product"><a href="https://www.amazon.com/dp/B00H1CJG00?tag=eloabder-20&linkCode=osi&th=1&psc=1"><img src="https://m.media-amazon.com/images/I/31pl1n1OONL._SL500_.jpg" alt="Product Image"></a><p>Colavita Wine Vinegar - Red Wine Vinegar, 17 Fl Oz</p><p> -21% 0FF </p><p>$9.51 ($0.56 / Fl Oz)</p><a href="https://www.amazon.com/dp/B00H1CJG00?tag=eloabder-20&linkCode=osi&th=1&psc=1">View Product</a></div>










<div class="product"><a href="https://www.amazon.com/dp/B0025W9A5C?tag=eloabder-20&linkCode=osi&th=1&psc=1"><img src="https://m.media-amazon.com/images/I/51Oz8SNo83L._SL500_.jpg" alt="Product Image"></a><p>Nature Valley Crunchy Oats 'n Honey Granola Bars, 60 Bars, 44.7 OZ (30 Pouches)</p><p> -33% 0FF </p><p>$7.49 ($0.17 / Ounce)</p><a href="https://www.amazon.com/dp/B0025W9A5C?tag=eloabder-20&linkCode=osi&th=1&psc=1">View Product</a></div><div class="product"><a href="https://www.amazon.com/dp/B01MRZZ3KC?tag=eloabder-20&linkCode=osi&th=1&psc=1"><img src="https://m.media-amazon.com/images/I/512IgtvlLyL._SL500_.jpg" alt="Product Image"></a><p>Quaker Chewy Granola Bars, Chocolate Chip, 58 Count - Packaging May Vary</p><p> -9% 0FF </p><p>$11.19 ($0.23 / Ounce)</p><a href="https://www.amazon.com/dp/B01MRZZ3KC?tag=eloabder-20&linkCode=osi&th=1&psc=1">View Product</a></div><div class="product"><a href="https://www.amazon.com/dp/B00GHPC47O?tag=eloabder-20&linkCode=osi&th=1&psc=1"><img src="https://m.media-amazon.com/images/I/51YsdKn53VS._SL500_.jpg" alt="Product Image"></a><p>Quaker Chewy Granola Bars, Variety Pack, 18 Count</p><p> -20% 0FF </p><p>$3.97 ($0.26 / Ounce)</p><a href="https://www.amazon.com/dp/B00GHPC47O?tag=eloabder-20&linkCode=osi&th=1&psc=1">View Product</a></div><div class="product"><a href="https://www.amazon.com/dp/B0D9R1BMJR?tag=eloabder-20&linkCode=osi&th=1&psc=1"><img src="https://m.media-amazon.com/images/I/51ksmfNpCJL._SL500_.jpg" alt="Product Image"></a><p>Quaker Chewy Granola Bars, Chewy & Dipps Variety Pack, (58 Bars), Whole Grains, No Artificial Flavors, No Added Colors</p><p> -31% 0FF </p><p>$11.87 ($0.22 / Ounce)</p><a href="https://www.amazon.com/dp/B0D9R1BMJR?tag=eloabder-20&linkCode=osi&th=1&psc=1">View Product</a></div><div class="product"><a href="https://www.amazon.com/dp/B077KYKYKN?tag=eloabder-20&linkCode=osi&th=1&psc=1"><img src="https://m.media-amazon.com/images/I/51qz85lOK2S._SL500_.jpg" alt="Product Image"></a><p>Quaker Chewy Lower Sugar Granola Bars, Chocolate Chip, 58 Count</p><p> -35% 0FF </p><p>$11.19 ($0.23 / Ounce)</p><a href="https://www.amazon.com/dp/B077KYKYKN?tag=eloabder-20&linkCode=osi&th=1&psc=1">View Product</a></div>
<div class="product"><a href="https://www.amazon.com/dp/B07VVGKHLH?tag=eloabder-20&linkCode=osi&th=1&psc=1"><img src="https://m.media-amazon.com/images/I/31hbAFlUK6L._SL500_.jpg" alt="Product Image"></a><p>Amazon Grocery, Garlic Powder, 3.9 Oz (Previously Happy Belly, Packaging May Vary)</p><p> -17% 0FF </p><p>$1.30 ($0.33 / Ounce)</p><a href="https://www.amazon.com/dp/B07VVGKHLH?tag=eloabder-20&linkCode=osi&th=1&psc=1">View Product</a></div>
<div class="product"><a href="https://www.amazon.com/dp/B000WHSD5A?tag=eloabder-20&linkCode=osi&th=1&psc=1"><img src="https://m.media-amazon.com/images/I/41QwGSr0+IL._SL500_.jpg" alt="Product Image"></a><p>Heinz Tomato Ketchup, 20 oz Bottle</p><p> -36% 0FF </p><p>$2.23 ($0.11 / Ounce)</p><a href="https://www.amazon.com/dp/B000WHSD5A?tag=eloabder-20&linkCode=osi&th=1&psc=1">View Product</a></div><div class="product"><a href="https://www.amazon.com/dp/B0005YKO8E?tag=eloabder-20&linkCode=osi&th=1&psc=1"><img src="https://m.media-amazon.com/images/I/41AFhgJ5V7L._SL500_.jpg" alt="Product Image"></a><p>Heinz Tomato Ketchup, 14 oz Bottle</p><p> -36% 0FF </p><p>$1.56 ($0.11 / Ounce)</p><a href="https://www.amazon.com/dp/B0005YKO8E?tag=eloabder-20&linkCode=osi&th=1&psc=1">View Product</a></div><div class="product"><a href="https://www.amazon.com/dp/B01B2OVUAG?tag=eloabder-20&linkCode=osi&th=1&psc=1"><img src="https://m.media-amazon.com/images/I/41gaLzbBsDL._SL500_.jpg" alt="Product Image"></a><p>Heinz Organic Tomato Ketchup, 32 oz Bottle</p><p> -47% 0FF </p><p>$3.67 ($0.11 / Ounce)</p><a href="https://www.amazon.com/dp/B01B2OVUAG?tag=eloabder-20&linkCode=osi&th=1&psc=1">View Product</a></div>
<div class="product"><a href="https://www.amazon.com/dp/B015UBV4N0?tag=eloabder-20&linkCode=osi&th=1&psc=1"><img src="https://m.media-amazon.com/images/I/51NRndhNwoL._SL500_.jpg" alt="Product Image"></a><p>Crofters Organic Premium Spread, Strawberry, 16.5 oz</p><p> -20% 0FF </p><p>$4.96 ($0.30 / oz)</p><a href="https://www.amazon.com/dp/B015UBV4N0?tag=eloabder-20&linkCode=osi&th=1&psc=1">View Product</a></div>
<div class="product"><a href="https://www.amazon.com/dp/B097RW44HZ?tag=eloabder-20&linkCode=osi&th=1&psc=1"><img src="https://m.media-amazon.com/images/I/51OhVkU8+PL._SL500_.jpg" alt="Product Image"></a><p>Apexy Jelly Fruit Candy – Assorted Fruit Flavors, Halloween Treat Juicy Chewy Gel Snacks, Kids & Adults Party Favors, Fun Treats for Goodie Bags & Events 46.9oz (1330g)</p><p> -7% 0FF </p><p>$12.99 ($0.28 / Ounce)</p><a href="https://www.amazon.com/dp/B097RW44HZ?tag=eloabder-20&linkCode=osi&th=1&psc=1">View Product</a></div><div class="product"><a href="https://www.amazon.com/dp/B00099XN56?tag=eloabder-20&linkCode=osi&th=1&psc=1"><img src="https://m.media-amazon.com/images/I/41twfbi883L._SL500_.jpg" alt="Product Image"></a><p>Smucker's Jelly, Mixed Fruit, 12 oz (340 g)</p><p> -11% 0FF </p><p>$9.94 ($0.83 / Ounce)</p><a href="https://www.amazon.com/dp/B00099XN56?tag=eloabder-20&linkCode=osi&th=1&psc=1">View Product</a></div>
<div class="product"><a href="https://www.amazon.com/dp/B0005Z6ZK4?tag=eloabder-20&linkCode=osi&th=1&psc=1"><img src="https://m.media-amazon.com/images/I/31dtADxAZbL._SL500_.jpg" alt="Product Image"></a><p>Nutella Hazelnut Spread with Cocoa, Creamy Hazelnut Spread, Breakfast Favorite, 13 oz Jar</p><p> -30% 0FF </p><p>$3.48 ($0.27 / Ounce)</p><a href="https://www.amazon.com/dp/B0005Z6ZK4?tag=eloabder-20&linkCode=osi&th=1&psc=1">View Product</a></div><div class="product"><a href="https://www.amazon.com/dp/B09PN9S9D4?tag=eloabder-20&linkCode=osi&th=1&psc=1"><img src="https://m.media-amazon.com/images/I/41VpA06vqaL._SL500_.jpg" alt="Product Image"></a><p>Amazon Grocery, Hazelnut Spread With Cocoa, 26.5 Oz (Previously Amazon Fresh, Packaging May Vary)</p><p> -17% 0FF </p><p>$4.12 ($0.16 / Ounce)</p><a href="https://www.amazon.com/dp/B09PN9S9D4?tag=eloabder-20&linkCode=osi&th=1&psc=1">View Product</a></div>
<div class="product"><a href="https://www.amazon.com/dp/B0052BFNLS?tag=eloabder-20&linkCode=osi&th=1&psc=1"><img src="https://m.media-amazon.com/images/I/31Tfk-0-ybL._SL500_.jpg" alt="Product Image"></a><p>Pompeian Gourmet Red Wine Vinegar, Naturally Gluten-Free, 30 Fl Oz</p><p> -5% 0FF </p><p>$5.33 ($0.18 / Fl Oz)</p><a href="https://www.amazon.com/dp/B0052BFNLS?tag=eloabder-20&linkCode=osi&th=1&psc=1">View Product</a></div><div class="product"><a href="https://www.amazon.com/dp/B005AYB38O?tag=eloabder-20&linkCode=osi&th=1&psc=1"><img src="https://m.media-amazon.com/images/I/31tJRcbnsfL._SL500_.jpg" alt="Product Image"></a><p>Napa Valley Naturals Organic Red Wine Vinegar, 12.7 Ounces</p><p> -51% 0FF </p><p>$5.50 ($0.43 / Ounce)</p><a href="https://www.amazon.com/dp/B005AYB38O?tag=eloabder-20&linkCode=osi&th=1&psc=1">View Product</a></div><div class="product"><a href="https://www.amazon.com/dp/B00H1CJG00?tag=eloabder-20&linkCode=osi&th=1&psc=1"><img src="https://m.media-amazon.com/images/I/31pl1n1OONL._SL500_.jpg" alt="Product Image"></a><p>Colavita Wine Vinegar - Red Wine Vinegar, 17 Fl Oz</p><p> -21% 0FF </p><p>$9.51 ($0.56 / Fl Oz)</p><a href="https://www.amazon.com/dp/B00H1CJG00?tag=eloabder-20&linkCode=osi&th=1&psc=1">View Product</a></div>









<div class="product"><a href="https://www.amazon.com/dp/B074H5ZHFH?tag=eloabder-20&linkCode=osi&th=1&psc=1"><img src="https://m.media-amazon.com/images/I/410ymBds87L._SL500_.jpg" alt="Product Image"></a><p>365 by Whole Foods Market, Organic Penne Rigate, 16 Ounce</p><p> -10% 0FF </p><p>$1.97 ($0.12 / Ounce)</p><a href="https://www.amazon.com/dp/B074H5ZHFH?tag=eloabder-20&linkCode=osi&th=1&psc=1">View Product</a></div><div class="product"><a href="https://www.amazon.com/dp/B007MNYZ2M?tag=eloabder-20&linkCode=osi&th=1&psc=1"><img src="https://m.media-amazon.com/images/I/41dAZBCU7kS._SL500_.jpg" alt="Product Image"></a><p>Rummo Italian Pasta Penne Rigate No. 66, Always Al Dente (1lb Package)</p><p> -32% 0FF </p><p>$7.12 ($0.44 / Ounce)</p><a href="https://www.amazon.com/dp/B007MNYZ2M?tag=eloabder-20&linkCode=osi&th=1&psc=1">View Product</a></div><div class="product"><a href="https://www.amazon.com/dp/B07NSRQYNP?tag=eloabder-20&linkCode=osi&th=1&psc=1"><img src="https://m.media-amazon.com/images/I/413HwweC7iL._SL500_.jpg" alt="Product Image"></a><p>Rao's Homemade Penne Pasta, 16oz, Traditionally Crafted, Premium Quality, From Durum Semolina Flour, Traditional Bronze Die Cut, Imported from Italy</p><p> -24% 0FF </p><p>$2.18 ($0.14 / Fl Oz)</p><a href="https://www.amazon.com/dp/B07NSRQYNP?tag=eloabder-20&linkCode=osi&th=1&psc=1">View Product</a></div>

<div class="product"><a href="https://www.amazon.com/dp/B0025W9A5C?tag=eloabder-20&linkCode=osi&th=1&psc=1"><img src="https://m.media-amazon.com/images/I/51Oz8SNo83L._SL500_.jpg" alt="Product Image"></a><p>Nature Valley Crunchy Oats 'n Honey Granola Bars, 60 Bars, 44.7 OZ (30 Pouches)</p><p> -33% 0FF </p><p>$7.49 ($0.17 / Ounce)</p><a href="https://www.amazon.com/dp/B0025W9A5C?tag=eloabder-20&linkCode=osi&th=1&psc=1">View Product</a></div><div class="product"><a href="https://www.amazon.com/dp/B01MRZZ3KC?tag=eloabder-20&linkCode=osi&th=1&psc=1"><img src="https://m.media-amazon.com/images/I/512IgtvlLyL._SL500_.jpg" alt="Product Image"></a><p>Quaker Chewy Granola Bars, Chocolate Chip, 58 Count - Packaging May Vary</p><p> -9% 0FF </p><p>$11.19 ($0.23 / Ounce)</p><a href="https://www.amazon.com/dp/B01MRZZ3KC?tag=eloabder-20&linkCode=osi&th=1&psc=1">View Product</a></div><div class="product"><a href="https://www.amazon.com/dp/B00GHPC47O?tag=eloabder-20&linkCode=osi&th=1&psc=1"><img src="https://m.media-amazon.com/images/I/51YsdKn53VS._SL500_.jpg" alt="Product Image"></a><p>Quaker Chewy Granola Bars, Variety Pack, 18 Count</p><p> -20% 0FF </p><p>$3.97 ($0.26 / Ounce)</p><a href="https://www.amazon.com/dp/B00GHPC47O?tag=eloabder-20&linkCode=osi&th=1&psc=1">View Product</a></div><div class="product"><a href="https://www.amazon.com/dp/B0D9R1BMJR?tag=eloabder-20&linkCode=osi&th=1&psc=1"><img src="https://m.media-amazon.com/images/I/51ksmfNpCJL._SL500_.jpg" alt="Product Image"></a><p>Quaker Chewy Granola Bars, Chewy & Dipps Variety Pack, (58 Bars), Whole Grains, No Artificial Flavors, No Added Colors</p><p> -31% 0FF </p><p>$11.87 ($0.22 / Ounce)</p><a href="https://www.amazon.com/dp/B0D9R1BMJR?tag=eloabder-20&linkCode=osi&th=1&psc=1">View Product</a></div><div class="product"><a href="https://www.amazon.com/dp/B077KYKYKN?tag=eloabder-20&linkCode=osi&th=1&psc=1"><img src="https://m.media-amazon.com/images/I/51qz85lOK2S._SL500_.jpg" alt="Product Image"></a><p>Quaker Chewy Lower Sugar Granola Bars, Chocolate Chip, 58 Count</p><p> -35% 0FF </p><p>$11.19 ($0.23 / Ounce)</p><a href="https://www.amazon.com/dp/B077KYKYKN?tag=eloabder-20&linkCode=osi&th=1&psc=1">View Product</a></div>
<div class="product"><a href="https://www.amazon.com/dp/B07VVGKHLH?tag=eloabder-20&linkCode=osi&th=1&psc=1"><img src="https://m.media-amazon.com/images/I/31hbAFlUK6L._SL500_.jpg" alt="Product Image"></a><p>Amazon Grocery, Garlic Powder, 3.9 Oz (Previously Happy Belly, Packaging May Vary)</p><p> -17% 0FF </p><p>$1.30 ($0.33 / Ounce)</p><a href="https://www.amazon.com/dp/B07VVGKHLH?tag=eloabder-20&linkCode=osi&th=1&psc=1">View Product</a></div>
<div class="product"><a href="https://www.amazon.com/dp/B000WHSD5A?tag=eloabder-20&linkCode=osi&th=1&psc=1"><img src="https://m.media-amazon.com/images/I/41QwGSr0+IL._SL500_.jpg" alt="Product Image"></a><p>Heinz Tomato Ketchup, 20 oz Bottle</p><p> -36% 0FF </p><p>$2.23 ($0.11 / Ounce)</p><a href="https://www.amazon.com/dp/B000WHSD5A?tag=eloabder-20&linkCode=osi&th=1&psc=1">View Product</a></div><div class="product"><a href="https://www.amazon.com/dp/B0005YKO8E?tag=eloabder-20&linkCode=osi&th=1&psc=1"><img src="https://m.media-amazon.com/images/I/41AFhgJ5V7L._SL500_.jpg" alt="Product Image"></a><p>Heinz Tomato Ketchup, 14 oz Bottle</p><p> -36% 0FF </p><p>$1.56 ($0.11 / Ounce)</p><a href="https://www.amazon.com/dp/B0005YKO8E?tag=eloabder-20&linkCode=osi&th=1&psc=1">View Product</a></div><div class="product"><a href="https://www.amazon.com/dp/B01B2OVUAG?tag=eloabder-20&linkCode=osi&th=1&psc=1"><img src="https://m.media-amazon.com/images/I/41gaLzbBsDL._SL500_.jpg" alt="Product Image"></a><p>Heinz Organic Tomato Ketchup, 32 oz Bottle</p><p> -47% 0FF </p><p>$3.67 ($0.11 / Ounce)</p><a href="https://www.amazon.com/dp/B01B2OVUAG?tag=eloabder-20&linkCode=osi&th=1&psc=1">View Product</a></div>
<div class="product"><a href="https://www.amazon.com/dp/B015UBV4N0?tag=eloabder-20&linkCode=osi&th=1&psc=1"><img src="https://m.media-amazon.com/images/I/51NRndhNwoL._SL500_.jpg" alt="Product Image"></a><p>Crofters Organic Premium Spread, Strawberry, 16.5 oz</p><p> -20% 0FF </p><p>$4.96 ($0.30 / oz)</p><a href="https://www.amazon.com/dp/B015UBV4N0?tag=eloabder-20&linkCode=osi&th=1&psc=1">View Product</a></div>
<div class="product"><a href="https://www.amazon.com/dp/B097RW44HZ?tag=eloabder-20&linkCode=osi&th=1&psc=1"><img src="https://m.media-amazon.com/images/I/51OhVkU8+PL._SL500_.jpg" alt="Product Image"></a><p>Apexy Jelly Fruit Candy – Assorted Fruit Flavors, Halloween Treat Juicy Chewy Gel Snacks, Kids & Adults Party Favors, Fun Treats for Goodie Bags & Events 46.9oz (1330g)</p><p> -7% 0FF </p><p>$12.99 ($0.28 / Ounce)</p><a href="https://www.amazon.com/dp/B097RW44HZ?tag=eloabder-20&linkCode=osi&th=1&psc=1">View Product</a></div><div class="product"><a href="https://www.amazon.com/dp/B00099XN56?tag=eloabder-20&linkCode=osi&th=1&psc=1"><img src="https://m.media-amazon.com/images/I/41twfbi883L._SL500_.jpg" alt="Product Image"></a><p>Smucker's Jelly, Mixed Fruit, 12 oz (340 g)</p><p> -11% 0FF </p><p>$9.94 ($0.83 / Ounce)</p><a href="https://www.amazon.com/dp/B00099XN56?tag=eloabder-20&linkCode=osi&th=1&psc=1">View Product</a></div>
<div class="product"><a href="https://www.amazon.com/dp/B0005Z6ZK4?tag=eloabder-20&linkCode=osi&th=1&psc=1"><img src="https://m.media-amazon.com/images/I/31dtADxAZbL._SL500_.jpg" alt="Product Image"></a><p>Nutella Hazelnut Spread with Cocoa, Creamy Hazelnut Spread, Breakfast Favorite, 13 oz Jar</p><p> -30% 0FF </p><p>$3.48 ($0.27 / Ounce)</p><a href="https://www.amazon.com/dp/B0005Z6ZK4?tag=eloabder-20&linkCode=osi&th=1&psc=1">View Product</a></div><div class="product"><a href="https://www.amazon.com/dp/B09PN9S9D4?tag=eloabder-20&linkCode=osi&th=1&psc=1"><img src="https://m.media-amazon.com/images/I/41VpA06vqaL._SL500_.jpg" alt="Product Image"></a><p>Amazon Grocery, Hazelnut Spread With Cocoa, 26.5 Oz (Previously Amazon Fresh, Packaging May Vary)</p><p> -17% 0FF </p><p>$4.12 ($0.16 / Ounce)</p><a href="https://www.amazon.com/dp/B09PN9S9D4?tag=eloabder-20&linkCode=osi&th=1&psc=1">View Product</a></div>
<div class="product"><a href="https://www.amazon.com/dp/B0052BFNLS?tag=eloabder-20&linkCode=osi&th=1&psc=1"><img src="https://m.media-amazon.com/images/I/31Tfk-0-ybL._SL500_.jpg" alt="Product Image"></a><p>Pompeian Gourmet Red Wine Vinegar, Naturally Gluten-Free, 30 Fl Oz</p><p> -5% 0FF </p><p>$5.33 ($0.18 / Fl Oz)</p><a href="https://www.amazon.com/dp/B0052BFNLS?tag=eloabder-20&linkCode=osi&th=1&psc=1">View Product</a></div><div class="product"><a href="https://www.amazon.com/dp/B005AYB38O?tag=eloabder-20&linkCode=osi&th=1&psc=1"><img src="https://m.media-amazon.com/images/I/31tJRcbnsfL._SL500_.jpg" alt="Product Image"></a><p>Napa Valley Naturals Organic Red Wine Vinegar, 12.7 Ounces</p><p> -51% 0FF </p><p>$5.50 ($0.43 / Ounce)</p><a href="https://www.amazon.com/dp/B005AYB38O?tag=eloabder-20&linkCode=osi&th=1&psc=1">View Product</a></div><div class="product"><a href="https://www.amazon.com/dp/B00H1CJG00?tag=eloabder-20&linkCode=osi&th=1&psc=1"><img src="https://m.media-amazon.com/images/I/31pl1n1OONL._SL500_.jpg" alt="Product Image"></a><p>Colavita Wine Vinegar - Red Wine Vinegar, 17 Fl Oz</p><p> -21% 0FF </p><p>$9.51 ($0.56 / Fl Oz)</p><a href="https://www.amazon.com/dp/B00H1CJG00?tag=eloabder-20&linkCode=osi&th=1&psc=1">View Product</a></div>









<div class="product"><a href="https://www.amazon.com/dp/B074H5ZHFH?tag=eloabder-20&linkCode=osi&th=1&psc=1"><img src="https://m.media-amazon.com/images/I/410ymBds87L._SL500_.jpg" alt="Product Image"></a><p>365 by Whole Foods Market, Organic Penne Rigate, 16 Ounce</p><p> -10% 0FF </p><p>$1.97 ($0.12 / Ounce)</p><a href="https://www.amazon.com/dp/B074H5ZHFH?tag=eloabder-20&linkCode=osi&th=1&psc=1">View Product</a></div><div class="product"><a href="https://www.amazon.com/dp/B007MNYZ2M?tag=eloabder-20&linkCode=osi&th=1&psc=1"><img src="https://m.media-amazon.com/images/I/41dAZBCU7kS._SL500_.jpg" alt="Product Image"></a><p>Rummo Italian Pasta Penne Rigate No. 66, Always Al Dente (1lb Package)</p><p> -32% 0FF </p><p>$7.12 ($0.44 / Ounce)</p><a href="https://www.amazon.com/dp/B007MNYZ2M?tag=eloabder-20&linkCode=osi&th=1&psc=1">View Product</a></div><div class="product"><a href="https://www.amazon.com/dp/B07NSRQYNP?tag=eloabder-20&linkCode=osi&th=1&psc=1"><img src="https://m.media-amazon.com/images/I/413HwweC7iL._SL500_.jpg" alt="Product Image"></a><p>Rao's Homemade Penne Pasta, 16oz, Traditionally Crafted, Premium Quality, From Durum Semolina Flour, Traditional Bronze Die Cut, Imported from Italy</p><p> -24% 0FF </p><p>$2.18 ($0.14 / Fl Oz)</p><a href="https://www.amazon.com/dp/B07NSRQYNP?tag=eloabder-20&linkCode=osi&th=1&psc=1">View Product</a></div>
<div class="product"><a href="https://www.amazon.com/dp/B00112UBOG?tag=eloabder-20&linkCode=osi&th=1&psc=1"><img src="https://m.media-amazon.com/images/I/51coh9-N5gL._SL500_.jpg" alt="Product Image"></a><p>RiceSelect Arborio Rice for Italian Risotto, Premium Gluten-Free Rice, Non-GMO, 32-Ounce Jar, (Pack of 1)</p><p> -21% 0FF </p><p>$5.99 ($0.19 / Ounces)</p><a href="https://www.amazon.com/dp/B00112UBOG?tag=eloabder-20&linkCode=osi&th=1&psc=1">View Product</a></div>

<div class="product"><a href="https://www.amazon.com/dp/B0025W9A5C?tag=eloabder-20&linkCode=osi&th=1&psc=1"><img src="https://m.media-amazon.com/images/I/51Oz8SNo83L._SL500_.jpg" alt="Product Image"></a><p>Nature Valley Crunchy Oats 'n Honey Granola Bars, 60 Bars, 44.7 OZ (30 Pouches)</p><p> -33% 0FF </p><p>$7.49 ($0.17 / Ounce)</p><a href="https://www.amazon.com/dp/B0025W9A5C?tag=eloabder-20&linkCode=osi&th=1&psc=1">View Product</a></div><div class="product"><a href="https://www.amazon.com/dp/B01MRZZ3KC?tag=eloabder-20&linkCode=osi&th=1&psc=1"><img src="https://m.media-amazon.com/images/I/512IgtvlLyL._SL500_.jpg" alt="Product Image"></a><p>Quaker Chewy Granola Bars, Chocolate Chip, 58 Count - Packaging May Vary</p><p> -9% 0FF </p><p>$11.19 ($0.23 / Ounce)</p><a href="https://www.amazon.com/dp/B01MRZZ3KC?tag=eloabder-20&linkCode=osi&th=1&psc=1">View Product</a></div><div class="product"><a href="https://www.amazon.com/dp/B00GHPC47O?tag=eloabder-20&linkCode=osi&th=1&psc=1"><img src="https://m.media-amazon.com/images/I/51YsdKn53VS._SL500_.jpg" alt="Product Image"></a><p>Quaker Chewy Granola Bars, Variety Pack, 18 Count</p><p> -20% 0FF </p><p>$3.97 ($0.26 / Ounce)</p><a href="https://www.amazon.com/dp/B00GHPC47O?tag=eloabder-20&linkCode=osi&th=1&psc=1">View Product</a></div><div class="product"><a href="https://www.amazon.com/dp/B0D9R1BMJR?tag=eloabder-20&linkCode=osi&th=1&psc=1"><img src="https://m.media-amazon.com/images/I/51ksmfNpCJL._SL500_.jpg" alt="Product Image"></a><p>Quaker Chewy Granola Bars, Chewy & Dipps Variety Pack, (58 Bars), Whole Grains, No Artificial Flavors, No Added Colors</p><p> -31% 0FF </p><p>$11.87 ($0.22 / Ounce)</p><a href="https://www.amazon.com/dp/B0D9R1BMJR?tag=eloabder-20&linkCode=osi&th=1&psc=1">View Product</a></div><div class="product"><a href="https://www.amazon.com/dp/B077KYKYKN?tag=eloabder-20&linkCode=osi&th=1&psc=1"><img src="https://m.media-amazon.com/images/I/51qz85lOK2S._SL500_.jpg" alt="Product Image"></a><p>Quaker Chewy Lower Sugar Granola Bars, Chocolate Chip, 58 Count</p><p> -35% 0FF </p><p>$11.19 ($0.23 / Ounce)</p><a href="https://www.amazon.com/dp/B077KYKYKN?tag=eloabder-20&linkCode=osi&th=1&psc=1">View Product</a></div>
<div class="product"><a href="https://www.amazon.com/dp/B07VVGKHLH?tag=eloabder-20&linkCode=osi&th=1&psc=1"><img src="https://m.media-amazon.com/images/I/31hbAFlUK6L._SL500_.jpg" alt="Product Image"></a><p>Amazon Grocery, Garlic Powder, 3.9 Oz (Previously Happy Belly, Packaging May Vary)</p><p> -17% 0FF </p><p>$1.30 ($0.33 / Ounce)</p><a href="https://www.amazon.com/dp/B07VVGKHLH?tag=eloabder-20&linkCode=osi&th=1&psc=1">View Product</a></div>
<div class="product"><a href="https://www.amazon.com/dp/B000WHSD5A?tag=eloabder-20&linkCode=osi&th=1&psc=1"><img src="https://m.media-amazon.com/images/I/41QwGSr0+IL._SL500_.jpg" alt="Product Image"></a><p>Heinz Tomato Ketchup, 20 oz Bottle</p><p> -36% 0FF </p><p>$2.23 ($0.11 / Ounce)</p><a href="https://www.amazon.com/dp/B000WHSD5A?tag=eloabder-20&linkCode=osi&th=1&psc=1">View Product</a></div><div class="product"><a href="https://www.amazon.com/dp/B0005YKO8E?tag=eloabder-20&linkCode=osi&th=1&psc=1"><img src="https://m.media-amazon.com/images/I/41AFhgJ5V7L._SL500_.jpg" alt="Product Image"></a><p>Heinz Tomato Ketchup, 14 oz Bottle</p><p> -36% 0FF </p><p>$1.56 ($0.11 / Ounce)</p><a href="https://www.amazon.com/dp/B0005YKO8E?tag=eloabder-20&linkCode=osi&th=1&psc=1">View Product</a></div><div class="product"><a href="https://www.amazon.com/dp/B01B2OVUAG?tag=eloabder-20&linkCode=osi&th=1&psc=1"><img src="https://m.media-amazon.com/images/I/41gaLzbBsDL._SL500_.jpg" alt="Product Image"></a><p>Heinz Organic Tomato Ketchup, 32 oz Bottle</p><p> -47% 0FF </p><p>$3.67 ($0.11 / Ounce)</p><a href="https://www.amazon.com/dp/B01B2OVUAG?tag=eloabder-20&linkCode=osi&th=1&psc=1">View Product</a></div>
<div class="product"><a href="https://www.amazon.com/dp/B015UBV4N0?tag=eloabder-20&linkCode=osi&th=1&psc=1"><img src="https://m.media-amazon.com/images/I/51NRndhNwoL._SL500_.jpg" alt="Product Image"></a><p>Crofters Organic Premium Spread, Strawberry, 16.5 oz</p><p> -20% 0FF </p><p>$4.96 ($0.30 / oz)</p><a href="https://www.amazon.com/dp/B015UBV4N0?tag=eloabder-20&linkCode=osi&th=1&psc=1">View Product</a></div>
<div class="product"><a href="https://www.amazon.com/dp/B097RW44HZ?tag=eloabder-20&linkCode=osi&th=1&psc=1"><img src="https://m.media-amazon.com/images/I/51OhVkU8+PL._SL500_.jpg" alt="Product Image"></a><p>Apexy Jelly Fruit Candy – Assorted Fruit Flavors, Halloween Treat Juicy Chewy Gel Snacks, Kids & Adults Party Favors, Fun Treats for Goodie Bags & Events 46.9oz (1330g)</p><p> -7% 0FF </p><p>$12.99 ($0.28 / Ounce)</p><a href="https://www.amazon.com/dp/B097RW44HZ?tag=eloabder-20&linkCode=osi&th=1&psc=1">View Product</a></div><div class="product"><a href="https://www.amazon.com/dp/B00099XN56?tag=eloabder-20&linkCode=osi&th=1&psc=1"><img src="https://m.media-amazon.com/images/I/41twfbi883L._SL500_.jpg" alt="Product Image"></a><p>Smucker's Jelly, Mixed Fruit, 12 oz (340 g)</p><p> -11% 0FF </p><p>$9.94 ($0.83 / Ounce)</p><a href="https://www.amazon.com/dp/B00099XN56?tag=eloabder-20&linkCode=osi&th=1&psc=1">View Product</a></div>
<div class="product"><a href="https://www.amazon.com/dp/B0005Z6ZK4?tag=eloabder-20&linkCode=osi&th=1&psc=1"><img src="https://m.media-amazon.com/images/I/31dtADxAZbL._SL500_.jpg" alt="Product Image"></a><p>Nutella Hazelnut Spread with Cocoa, Creamy Hazelnut Spread, Breakfast Favorite, 13 oz Jar</p><p> -30% 0FF </p><p>$3.48 ($0.27 / Ounce)</p><a href="https://www.amazon.com/dp/B0005Z6ZK4?tag=eloabder-20&linkCode=osi&th=1&psc=1">View Product</a></div><div class="product"><a href="https://www.amazon.com/dp/B09PN9S9D4?tag=eloabder-20&linkCode=osi&th=1&psc=1"><img src="https://m.media-amazon.com/images/I/41VpA06vqaL._SL500_.jpg" alt="Product Image"></a><p>Amazon Grocery, Hazelnut Spread With Cocoa, 26.5 Oz (Previously Amazon Fresh, Packaging May Vary)</p><p> -17% 0FF </p><p>$4.12 ($0.16 / Ounce)</p><a href="https://www.amazon.com/dp/B09PN9S9D4?tag=eloabder-20&linkCode=osi&th=1&psc=1">View Product</a></div>
<div class="product"><a href="https://www.amazon.com/dp/B0052BFNLS?tag=eloabder-20&linkCode=osi&th=1&psc=1"><img src="https://m.media-amazon.com/images/I/31Tfk-0-ybL._SL500_.jpg" alt="Product Image"></a><p>Pompeian Gourmet Red Wine Vinegar, Naturally Gluten-Free, 30 Fl Oz</p><p> -5% 0FF </p><p>$5.33 ($0.18 / Fl Oz)</p><a href="https://www.amazon.com/dp/B0052BFNLS?tag=eloabder-20&linkCode=osi&th=1&psc=1">View Product</a></div><div class="product"><a href="https://www.amazon.com/dp/B005AYB38O?tag=eloabder-20&linkCode=osi&th=1&psc=1"><img src="https://m.media-amazon.com/images/I/31tJRcbnsfL._SL500_.jpg" alt="Product Image"></a><p>Napa Valley Naturals Organic Red Wine Vinegar, 12.7 Ounces</p><p> -51% 0FF </p><p>$5.50 ($0.43 / Ounce)</p><a href="https://www.amazon.com/dp/B005AYB38O?tag=eloabder-20&linkCode=osi&th=1&psc=1">View Product</a></div><div class="product"><a href="https://www.amazon.com/dp/B00H1CJG00?tag=eloabder-20&linkCode=osi&th=1&psc=1"><img src="https://m.media-amazon.com/images/I/31pl1n1OONL._SL500_.jpg" alt="Product Image"></a><p>Colavita Wine Vinegar - Red Wine Vinegar, 17 Fl Oz</p><p> -21% 0FF </p><p>$9.51 ($0.56 / Fl Oz)</p><a href="https://www.amazon.com/dp/B00H1CJG00?tag=eloabder-20&linkCode=osi&th=1&psc=1">View Product</a></div>









<div class="product"><a href="https://www.amazon.com/dp/B074H5ZHFH?tag=eloabder-20&linkCode=osi&th=1&psc=1"><img src="https://m.media-amazon.com/images/I/410ymBds87L._SL500_.jpg" alt="Product Image"></a><p>365 by Whole Foods Market, Organic Penne Rigate, 16 Ounce</p><p> -10% 0FF </p><p>$1.97 ($0.12 / Ounce)</p><a href="https://www.amazon.com/dp/B074H5ZHFH?tag=eloabder-20&linkCode=osi&th=1&psc=1">View Product</a></div><div class="product"><a href="https://www.amazon.com/dp/B007MNYZ2M?tag=eloabder-20&linkCode=osi&th=1&psc=1"><img src="https://m.media-amazon.com/images/I/41dAZBCU7kS._SL500_.jpg" alt="Product Image"></a><p>Rummo Italian Pasta Penne Rigate No. 66, Always Al Dente (1lb Package)</p><p> -32% 0FF </p><p>$7.12 ($0.44 / Ounce)</p><a href="https://www.amazon.com/dp/B007MNYZ2M?tag=eloabder-20&linkCode=osi&th=1&psc=1">View Product</a></div><div class="product"><a href="https://www.amazon.com/dp/B07NSRQYNP?tag=eloabder-20&linkCode=osi&th=1&psc=1"><img src="https://m.media-amazon.com/images/I/413HwweC7iL._SL500_.jpg" alt="Product Image"></a><p>Rao's Homemade Penne Pasta, 16oz, Traditionally Crafted, Premium Quality, From Durum Semolina Flour, Traditional Bronze Die Cut, Imported from Italy</p><p> -24% 0FF </p><p>$2.18 ($0.14 / Fl Oz)</p><a href="https://www.amazon.com/dp/B07NSRQYNP?tag=eloabder-20&linkCode=osi&th=1&psc=1">View Product</a></div>
<div class="product"><a href="https://www.amazon.com/dp/B00112UBOG?tag=eloabder-20&linkCode=osi&th=1&psc=1"><img src="https://m.media-amazon.com/images/I/51coh9-N5gL._SL500_.jpg" alt="Product Image"></a><p>RiceSelect Arborio Rice for Italian Risotto, Premium Gluten-Free Rice, Non-GMO, 32-Ounce Jar, (Pack of 1)</p><p> -21% 0FF </p><p>$5.99 ($0.19 / Ounces)</p><a href="https://www.amazon.com/dp/B00112UBOG?tag=eloabder-20&linkCode=osi&th=1&psc=1">View Product</a></div>


<div class="product"><a href="https://www.amazon.com/dp/B0025W9A5C?tag=eloabder-20&linkCode=osi&th=1&psc=1"><img src="https://m.media-amazon.com/images/I/51Oz8SNo83L._SL500_.jpg" alt="Product Image"></a><p>Nature Valley Crunchy Oats 'n Honey Granola Bars, 60 Bars, 44.7 OZ (30 Pouches)</p><p> -33% 0FF </p><p>$7.49 ($0.17 / Ounce)</p><a href="https://www.amazon.com/dp/B0025W9A5C?tag=eloabder-20&linkCode=osi&th=1&psc=1">View Product</a></div><div class="product"><a href="https://www.amazon.com/dp/B01MRZZ3KC?tag=eloabder-20&linkCode=osi&th=1&psc=1"><img src="https://m.media-amazon.com/images/I/512IgtvlLyL._SL500_.jpg" alt="Product Image"></a><p>Quaker Chewy Granola Bars, Chocolate Chip, 58 Count - Packaging May Vary</p><p> -9% 0FF </p><p>$11.19 ($0.23 / Ounce)</p><a href="https://www.amazon.com/dp/B01MRZZ3KC?tag=eloabder-20&linkCode=osi&th=1&psc=1">View Product</a></div><div class="product"><a href="https://www.amazon.com/dp/B00GHPC47O?tag=eloabder-20&linkCode=osi&th=1&psc=1"><img src="https://m.media-amazon.com/images/I/51YsdKn53VS._SL500_.jpg" alt="Product Image"></a><p>Quaker Chewy Granola Bars, Variety Pack, 18 Count</p><p> -20% 0FF </p><p>$3.97 ($0.26 / Ounce)</p><a href="https://www.amazon.com/dp/B00GHPC47O?tag=eloabder-20&linkCode=osi&th=1&psc=1">View Product</a></div><div class="product"><a href="https://www.amazon.com/dp/B0D9R1BMJR?tag=eloabder-20&linkCode=osi&th=1&psc=1"><img src="https://m.media-amazon.com/images/I/51ksmfNpCJL._SL500_.jpg" alt="Product Image"></a><p>Quaker Chewy Granola Bars, Chewy & Dipps Variety Pack, (58 Bars), Whole Grains, No Artificial Flavors, No Added Colors</p><p> -31% 0FF </p><p>$11.87 ($0.22 / Ounce)</p><a href="https://www.amazon.com/dp/B0D9R1BMJR?tag=eloabder-20&linkCode=osi&th=1&psc=1">View Product</a></div><div class="product"><a href="https://www.amazon.com/dp/B077KYKYKN?tag=eloabder-20&linkCode=osi&th=1&psc=1"><img src="https://m.media-amazon.com/images/I/51qz85lOK2S._SL500_.jpg" alt="Product Image"></a><p>Quaker Chewy Lower Sugar Granola Bars, Chocolate Chip, 58 Count</p><p> -35% 0FF </p><p>$11.19 ($0.23 / Ounce)</p><a href="https://www.amazon.com/dp/B077KYKYKN?tag=eloabder-20&linkCode=osi&th=1&psc=1">View Product</a></div>
<div class="product"><a href="https://www.amazon.com/dp/B07VVGKHLH?tag=eloabder-20&linkCode=osi&th=1&psc=1"><img src="https://m.media-amazon.com/images/I/31hbAFlUK6L._SL500_.jpg" alt="Product Image"></a><p>Amazon Grocery, Garlic Powder, 3.9 Oz (Previously Happy Belly, Packaging May Vary)</p><p> -17% 0FF </p><p>$1.30 ($0.33 / Ounce)</p><a href="https://www.amazon.com/dp/B07VVGKHLH?tag=eloabder-20&linkCode=osi&th=1&psc=1">View Product</a></div>
<div class="product"><a href="https://www.amazon.com/dp/B000WHSD5A?tag=eloabder-20&linkCode=osi&th=1&psc=1"><img src="https://m.media-amazon.com/images/I/41QwGSr0+IL._SL500_.jpg" alt="Product Image"></a><p>Heinz Tomato Ketchup, 20 oz Bottle</p><p> -36% 0FF </p><p>$2.23 ($0.11 / Ounce)</p><a href="https://www.amazon.com/dp/B000WHSD5A?tag=eloabder-20&linkCode=osi&th=1&psc=1">View Product</a></div><div class="product"><a href="https://www.amazon.com/dp/B0005YKO8E?tag=eloabder-20&linkCode=osi&th=1&psc=1"><img src="https://m.media-amazon.com/images/I/41AFhgJ5V7L._SL500_.jpg" alt="Product Image"></a><p>Heinz Tomato Ketchup, 14 oz Bottle</p><p> -36% 0FF </p><p>$1.56 ($0.11 / Ounce)</p><a href="https://www.amazon.com/dp/B0005YKO8E?tag=eloabder-20&linkCode=osi&th=1&psc=1">View Product</a></div><div class="product"><a href="https://www.amazon.com/dp/B01B2OVUAG?tag=eloabder-20&linkCode=osi&th=1&psc=1"><img src="https://m.media-amazon.com/images/I/41gaLzbBsDL._SL500_.jpg" alt="Product Image"></a><p>Heinz Organic Tomato Ketchup, 32 oz Bottle</p><p> -47% 0FF </p><p>$3.67 ($0.11 / Ounce)</p><a href="https://www.amazon.com/dp/B01B2OVUAG?tag=eloabder-20&linkCode=osi&th=1&psc=1">View Product</a></div>
<div class="product"><a href="https://www.amazon.com/dp/B015UBV4N0?tag=eloabder-20&linkCode=osi&th=1&psc=1"><img src="https://m.media-amazon.com/images/I/51NRndhNwoL._SL500_.jpg" alt="Product Image"></a><p>Crofters Organic Premium Spread, Strawberry, 16.5 oz</p><p> -20% 0FF </p><p>$4.96 ($0.30 / oz)</p><a href="https://www.amazon.com/dp/B015UBV4N0?tag=eloabder-20&linkCode=osi&th=1&psc=1">View Product</a></div>
<div class="product"><a href="https://www.amazon.com/dp/B097RW44HZ?tag=eloabder-20&linkCode=osi&th=1&psc=1"><img src="https://m.media-amazon.com/images/I/51OhVkU8+PL._SL500_.jpg" alt="Product Image"></a><p>Apexy Jelly Fruit Candy – Assorted Fruit Flavors, Halloween Treat Juicy Chewy Gel Snacks, Kids & Adults Party Favors, Fun Treats for Goodie Bags & Events 46.9oz (1330g)</p><p> -7% 0FF </p><p>$12.99 ($0.28 / Ounce)</p><a href="https://www.amazon.com/dp/B097RW44HZ?tag=eloabder-20&linkCode=osi&th=1&psc=1">View Product</a></div><div class="product"><a href="https://www.amazon.com/dp/B00099XN56?tag=eloabder-20&linkCode=osi&th=1&psc=1"><img src="https://m.media-amazon.com/images/I/41twfbi883L._SL500_.jpg" alt="Product Image"></a><p>Smucker's Jelly, Mixed Fruit, 12 oz (340 g)</p><p> -11% 0FF </p><p>$9.94 ($0.83 / Ounce)</p><a href="https://www.amazon.com/dp/B00099XN56?tag=eloabder-20&linkCode=osi&th=1&psc=1">View Product</a></div>
<div class="product"><a href="https://www.amazon.com/dp/B0005Z6ZK4?tag=eloabder-20&linkCode=osi&th=1&psc=1"><img src="https://m.media-amazon.com/images/I/31dtADxAZbL._SL500_.jpg" alt="Product Image"></a><p>Nutella Hazelnut Spread with Cocoa, Creamy Hazelnut Spread, Breakfast Favorite, 13 oz Jar</p><p> -30% 0FF </p><p>$3.48 ($0.27 / Ounce)</p><a href="https://www.amazon.com/dp/B0005Z6ZK4?tag=eloabder-20&linkCode=osi&th=1&psc=1">View Product</a></div><div class="product"><a href="https://www.amazon.com/dp/B09PN9S9D4?tag=eloabder-20&linkCode=osi&th=1&psc=1"><img src="https://m.media-amazon.com/images/I/41VpA06vqaL._SL500_.jpg" alt="Product Image"></a><p>Amazon Grocery, Hazelnut Spread With Cocoa, 26.5 Oz (Previously Amazon Fresh, Packaging May Vary)</p><p> -17% 0FF </p><p>$4.12 ($0.16 / Ounce)</p><a href="https://www.amazon.com/dp/B09PN9S9D4?tag=eloabder-20&linkCode=osi&th=1&psc=1">View Product</a></div>
<div class="product"><a href="https://www.amazon.com/dp/B0052BFNLS?tag=eloabder-20&linkCode=osi&th=1&psc=1"><img src="https://m.media-amazon.com/images/I/31Tfk-0-ybL._SL500_.jpg" alt="Product Image"></a><p>Pompeian Gourmet Red Wine Vinegar, Naturally Gluten-Free, 30 Fl Oz</p><p> -5% 0FF </p><p>$5.33 ($0.18 / Fl Oz)</p><a href="https://www.amazon.com/dp/B0052BFNLS?tag=eloabder-20&linkCode=osi&th=1&psc=1">View Product</a></div><div class="product"><a href="https://www.amazon.com/dp/B005AYB38O?tag=eloabder-20&linkCode=osi&th=1&psc=1"><img src="https://m.media-amazon.com/images/I/31tJRcbnsfL._SL500_.jpg" alt="Product Image"></a><p>Napa Valley Naturals Organic Red Wine Vinegar, 12.7 Ounces</p><p> -51% 0FF </p><p>$5.50 ($0.43 / Ounce)</p><a href="https://www.amazon.com/dp/B005AYB38O?tag=eloabder-20&linkCode=osi&th=1&psc=1">View Product</a></div><div class="product"><a href="https://www.amazon.com/dp/B00H1CJG00?tag=eloabder-20&linkCode=osi&th=1&psc=1"><img src="https://m.media-amazon.com/images/I/31pl1n1OONL._SL500_.jpg" alt="Product Image"></a><p>Colavita Wine Vinegar - Red Wine Vinegar, 17 Fl Oz</p><p> -21% 0FF </p><p>$9.51 ($0.56 / Fl Oz)</p><a href="https://www.amazon.com/dp/B00H1CJG00?tag=eloabder-20&linkCode=osi&th=1&psc=1">View Product</a></div>









<div class="product"><a href="https://www.amazon.com/dp/B074H5ZHFH?tag=eloabder-20&linkCode=osi&th=1&psc=1"><img src="https://m.media-amazon.com/images/I/410ymBds87L._SL500_.jpg" alt="Product Image"></a><p>365 by Whole Foods Market, Organic Penne Rigate, 16 Ounce</p><p> -10% 0FF </p><p>$1.97 ($0.12 / Ounce)</p><a href="https://www.amazon.com/dp/B074H5ZHFH?tag=eloabder-20&linkCode=osi&th=1&psc=1">View Product</a></div><div class="product"><a href="https://www.amazon.com/dp/B007MNYZ2M?tag=eloabder-20&linkCode=osi&th=1&psc=1"><img src="https://m.media-amazon.com/images/I/41dAZBCU7kS._SL500_.jpg" alt="Product Image"></a><p>Rummo Italian Pasta Penne Rigate No. 66, Always Al Dente (1lb Package)</p><p> -32% 0FF </p><p>$7.12 ($0.44 / Ounce)</p><a href="https://www.amazon.com/dp/B007MNYZ2M?tag=eloabder-20&linkCode=osi&th=1&psc=1">View Product</a></div><div class="product"><a href="https://www.amazon.com/dp/B07NSRQYNP?tag=eloabder-20&linkCode=osi&th=1&psc=1"><img src="https://m.media-amazon.com/images/I/413HwweC7iL._SL500_.jpg" alt="Product Image"></a><p>Rao's Homemade Penne Pasta, 16oz, Traditionally Crafted, Premium Quality, From Durum Semolina Flour, Traditional Bronze Die Cut, Imported from Italy</p><p> -24% 0FF </p><p>$2.18 ($0.14 / Fl Oz)</p><a href="https://www.amazon.com/dp/B07NSRQYNP?tag=eloabder-20&linkCode=osi&th=1&psc=1">View Product</a></div>
<div class="product"><a href="https://www.amazon.com/dp/B00112UBOG?tag=eloabder-20&linkCode=osi&th=1&psc=1"><img src="https://m.media-amazon.com/images/I/51coh9-N5gL._SL500_.jpg" alt="Product Image"></a><p>RiceSelect Arborio Rice for Italian Risotto, Premium Gluten-Free Rice, Non-GMO, 32-Ounce Jar, (Pack of 1)</p><p> -21% 0FF </p><p>$5.99 ($0.19 / Ounces)</p><a href="https://www.amazon.com/dp/B00112UBOG?tag=eloabder-20&linkCode=osi&th=1&psc=1">View Product</a></div>



<div class="product"><a href="https://www.amazon.com/dp/B0025W9A5C?tag=eloabder-20&linkCode=osi&th=1&psc=1"><img src="https://m.media-amazon.com/images/I/51Oz8SNo83L._SL500_.jpg" alt="Product Image"></a><p>Nature Valley Crunchy Oats 'n Honey Granola Bars, 60 Bars, 44.7 OZ (30 Pouches)</p><p> -33% 0FF </p><p>$7.49 ($0.17 / Ounce)</p><a href="https://www.amazon.com/dp/B0025W9A5C?tag=eloabder-20&linkCode=osi&th=1&psc=1">View Product</a></div><div class="product"><a href="https://www.amazon.com/dp/B01MRZZ3KC?tag=eloabder-20&linkCode=osi&th=1&psc=1"><img src="https://m.media-amazon.com/images/I/512IgtvlLyL._SL500_.jpg" alt="Product Image"></a><p>Quaker Chewy Granola Bars, Chocolate Chip, 58 Count - Packaging May Vary</p><p> -9% 0FF </p><p>$11.19 ($0.23 / Ounce)</p><a href="https://www.amazon.com/dp/B01MRZZ3KC?tag=eloabder-20&linkCode=osi&th=1&psc=1">View Product</a></div><div class="product"><a href="https://www.amazon.com/dp/B00GHPC47O?tag=eloabder-20&linkCode=osi&th=1&psc=1"><img src="https://m.media-amazon.com/images/I/51YsdKn53VS._SL500_.jpg" alt="Product Image"></a><p>Quaker Chewy Granola Bars, Variety Pack, 18 Count</p><p> -20% 0FF </p><p>$3.97 ($0.26 / Ounce)</p><a href="https://www.amazon.com/dp/B00GHPC47O?tag=eloabder-20&linkCode=osi&th=1&psc=1">View Product</a></div><div class="product"><a href="https://www.amazon.com/dp/B0D9R1BMJR?tag=eloabder-20&linkCode=osi&th=1&psc=1"><img src="https://m.media-amazon.com/images/I/51ksmfNpCJL._SL500_.jpg" alt="Product Image"></a><p>Quaker Chewy Granola Bars, Chewy & Dipps Variety Pack, (58 Bars), Whole Grains, No Artificial Flavors, No Added Colors</p><p> -31% 0FF </p><p>$11.87 ($0.22 / Ounce)</p><a href="https://www.amazon.com/dp/B0D9R1BMJR?tag=eloabder-20&linkCode=osi&th=1&psc=1">View Product</a></div><div class="product"><a href="https://www.amazon.com/dp/B077KYKYKN?tag=eloabder-20&linkCode=osi&th=1&psc=1"><img src="https://m.media-amazon.com/images/I/51qz85lOK2S._SL500_.jpg" alt="Product Image"></a><p>Quaker Chewy Lower Sugar Granola Bars, Chocolate Chip, 58 Count</p><p> -35% 0FF </p><p>$11.19 ($0.23 / Ounce)</p><a href="https://www.amazon.com/dp/B077KYKYKN?tag=eloabder-20&linkCode=osi&th=1&psc=1">View Product</a></div>
<div class="product"><a href="https://www.amazon.com/dp/B07VVGKHLH?tag=eloabder-20&linkCode=osi&th=1&psc=1"><img src="https://m.media-amazon.com/images/I/31hbAFlUK6L._SL500_.jpg" alt="Product Image"></a><p>Amazon Grocery, Garlic Powder, 3.9 Oz (Previously Happy Belly, Packaging May Vary)</p><p> -17% 0FF </p><p>$1.30 ($0.33 / Ounce)</p><a href="https://www.amazon.com/dp/B07VVGKHLH?tag=eloabder-20&linkCode=osi&th=1&psc=1">View Product</a></div>
<div class="product"><a href="https://www.amazon.com/dp/B000WHSD5A?tag=eloabder-20&linkCode=osi&th=1&psc=1"><img src="https://m.media-amazon.com/images/I/41QwGSr0+IL._SL500_.jpg" alt="Product Image"></a><p>Heinz Tomato Ketchup, 20 oz Bottle</p><p> -36% 0FF </p><p>$2.23 ($0.11 / Ounce)</p><a href="https://www.amazon.com/dp/B000WHSD5A?tag=eloabder-20&linkCode=osi&th=1&psc=1">View Product</a></div><div class="product"><a href="https://www.amazon.com/dp/B0005YKO8E?tag=eloabder-20&linkCode=osi&th=1&psc=1"><img src="https://m.media-amazon.com/images/I/41AFhgJ5V7L._SL500_.jpg" alt="Product Image"></a><p>Heinz Tomato Ketchup, 14 oz Bottle</p><p> -36% 0FF </p><p>$1.56 ($0.11 / Ounce)</p><a href="https://www.amazon.com/dp/B0005YKO8E?tag=eloabder-20&linkCode=osi&th=1&psc=1">View Product</a></div><div class="product"><a href="https://www.amazon.com/dp/B01B2OVUAG?tag=eloabder-20&linkCode=osi&th=1&psc=1"><img src="https://m.media-amazon.com/images/I/41gaLzbBsDL._SL500_.jpg" alt="Product Image"></a><p>Heinz Organic Tomato Ketchup, 32 oz Bottle</p><p> -47% 0FF </p><p>$3.67 ($0.11 / Ounce)</p><a href="https://www.amazon.com/dp/B01B2OVUAG?tag=eloabder-20&linkCode=osi&th=1&psc=1">View Product</a></div>
<div class="product"><a href="https://www.amazon.com/dp/B015UBV4N0?tag=eloabder-20&linkCode=osi&th=1&psc=1"><img src="https://m.media-amazon.com/images/I/51NRndhNwoL._SL500_.jpg" alt="Product Image"></a><p>Crofters Organic Premium Spread, Strawberry, 16.5 oz</p><p> -20% 0FF </p><p>$4.96 ($0.30 / oz)</p><a href="https://www.amazon.com/dp/B015UBV4N0?tag=eloabder-20&linkCode=osi&th=1&psc=1">View Product</a></div>
<div class="product"><a href="https://www.amazon.com/dp/B097RW44HZ?tag=eloabder-20&linkCode=osi&th=1&psc=1"><img src="https://m.media-amazon.com/images/I/51OhVkU8+PL._SL500_.jpg" alt="Product Image"></a><p>Apexy Jelly Fruit Candy – Assorted Fruit Flavors, Halloween Treat Juicy Chewy Gel Snacks, Kids & Adults Party Favors, Fun Treats for Goodie Bags & Events 46.9oz (1330g)</p><p> -7% 0FF </p><p>$12.99 ($0.28 / Ounce)</p><a href="https://www.amazon.com/dp/B097RW44HZ?tag=eloabder-20&linkCode=osi&th=1&psc=1">View Product</a></div><div class="product"><a href="https://www.amazon.com/dp/B00099XN56?tag=eloabder-20&linkCode=osi&th=1&psc=1"><img src="https://m.media-amazon.com/images/I/41twfbi883L._SL500_.jpg" alt="Product Image"></a><p>Smucker's Jelly, Mixed Fruit, 12 oz (340 g)</p><p> -11% 0FF </p><p>$9.94 ($0.83 / Ounce)</p><a href="https://www.amazon.com/dp/B00099XN56?tag=eloabder-20&linkCode=osi&th=1&psc=1">View Product</a></div>
<div class="product"><a href="https://www.amazon.com/dp/B0005Z6ZK4?tag=eloabder-20&linkCode=osi&th=1&psc=1"><img src="https://m.media-amazon.com/images/I/31dtADxAZbL._SL500_.jpg" alt="Product Image"></a><p>Nutella Hazelnut Spread with Cocoa, Creamy Hazelnut Spread, Breakfast Favorite, 13 oz Jar</p><p> -30% 0FF </p><p>$3.48 ($0.27 / Ounce)</p><a href="https://www.amazon.com/dp/B0005Z6ZK4?tag=eloabder-20&linkCode=osi&th=1&psc=1">View Product</a></div><div class="product"><a href="https://www.amazon.com/dp/B09PN9S9D4?tag=eloabder-20&linkCode=osi&th=1&psc=1"><img src="https://m.media-amazon.com/images/I/41VpA06vqaL._SL500_.jpg" alt="Product Image"></a><p>Amazon Grocery, Hazelnut Spread With Cocoa, 26.5 Oz (Previously Amazon Fresh, Packaging May Vary)</p><p> -17% 0FF </p><p>$4.12 ($0.16 / Ounce)</p><a href="https://www.amazon.com/dp/B09PN9S9D4?tag=eloabder-20&linkCode=osi&th=1&psc=1">View Product</a></div>
<div class="product"><a href="https://www.amazon.com/dp/B0052BFNLS?tag=eloabder-20&linkCode=osi&th=1&psc=1"><img src="https://m.media-amazon.com/images/I/31Tfk-0-ybL._SL500_.jpg" alt="Product Image"></a><p>Pompeian Gourmet Red Wine Vinegar, Naturally Gluten-Free, 30 Fl Oz</p><p> -5% 0FF </p><p>$5.33 ($0.18 / Fl Oz)</p><a href="https://www.amazon.com/dp/B0052BFNLS?tag=eloabder-20&linkCode=osi&th=1&psc=1">View Product</a></div><div class="product"><a href="https://www.amazon.com/dp/B005AYB38O?tag=eloabder-20&linkCode=osi&th=1&psc=1"><img src="https://m.media-amazon.com/images/I/31tJRcbnsfL._SL500_.jpg" alt="Product Image"></a><p>Napa Valley Naturals Organic Red Wine Vinegar, 12.7 Ounces</p><p> -51% 0FF </p><p>$5.50 ($0.43 / Ounce)</p><a href="https://www.amazon.com/dp/B005AYB38O?tag=eloabder-20&linkCode=osi&th=1&psc=1">View Product</a></div><div class="product"><a href="https://www.amazon.com/dp/B00H1CJG00?tag=eloabder-20&linkCode=osi&th=1&psc=1"><img src="https://m.media-amazon.com/images/I/31pl1n1OONL._SL500_.jpg" alt="Product Image"></a><p>Colavita Wine Vinegar - Red Wine Vinegar, 17 Fl Oz</p><p> -21% 0FF </p><p>$9.51 ($0.56 / Fl Oz)</p><a href="https://www.amazon.com/dp/B00H1CJG00?tag=eloabder-20&linkCode=osi&th=1&psc=1">View Product</a></div>









<div class="product"><a href="https://www.amazon.com/dp/B074H5ZHFH?tag=eloabder-20&linkCode=osi&th=1&psc=1"><img src="https://m.media-amazon.com/images/I/410ymBds87L._SL500_.jpg" alt="Product Image"></a><p>365 by Whole Foods Market, Organic Penne Rigate, 16 Ounce</p><p> -10% 0FF </p><p>$1.97 ($0.12 / Ounce)</p><a href="https://www.amazon.com/dp/B074H5ZHFH?tag=eloabder-20&linkCode=osi&th=1&psc=1">View Product</a></div><div class="product"><a href="https://www.amazon.com/dp/B007MNYZ2M?tag=eloabder-20&linkCode=osi&th=1&psc=1"><img src="https://m.media-amazon.com/images/I/41dAZBCU7kS._SL500_.jpg" alt="Product Image"></a><p>Rummo Italian Pasta Penne Rigate No. 66, Always Al Dente (1lb Package)</p><p> -32% 0FF </p><p>$7.12 ($0.44 / Ounce)</p><a href="https://www.amazon.com/dp/B007MNYZ2M?tag=eloabder-20&linkCode=osi&th=1&psc=1">View Product</a></div><div class="product"><a href="https://www.amazon.com/dp/B07NSRQYNP?tag=eloabder-20&linkCode=osi&th=1&psc=1"><img src="https://m.media-amazon.com/images/I/413HwweC7iL._SL500_.jpg" alt="Product Image"></a><p>Rao's Homemade Penne Pasta, 16oz, Traditionally Crafted, Premium Quality, From Durum Semolina Flour, Traditional Bronze Die Cut, Imported from Italy</p><p> -24% 0FF </p><p>$2.18 ($0.14 / Fl Oz)</p><a href="https://www.amazon.com/dp/B07NSRQYNP?tag=eloabder-20&linkCode=osi&th=1&psc=1">View Product</a></div>
<div class="product"><a href="https://www.amazon.com/dp/B00112UBOG?tag=eloabder-20&linkCode=osi&th=1&psc=1"><img src="https://m.media-amazon.com/images/I/51coh9-N5gL._SL500_.jpg" alt="Product Image"></a><p>RiceSelect Arborio Rice for Italian Risotto, Premium Gluten-Free Rice, Non-GMO, 32-Ounce Jar, (Pack of 1)</p><p> -21% 0FF </p><p>$5.99 ($0.19 / Ounces)</p><a href="https://www.amazon.com/dp/B00112UBOG?tag=eloabder-20&linkCode=osi&th=1&psc=1">View Product</a></div>


<div class="product"><a href="https://www.amazon.com/dp/B0BZB9D92K?tag=eloabder-20&linkCode=osi&th=1&psc=1"><img src="https://m.media-amazon.com/images/I/41q74mciXOL._SL500_.jpg" alt="Product Image"></a><p>Amazon Grocery, Canned Pinto Beans, 15.5 Oz (Previously Amazon Fresh, Packaging May Vary)</p><p> -34% 0FF </p><p>$0.55 ($0.04 / Ounce)</p><a href="https://www.amazon.com/dp/B0BZB9D92K?tag=eloabder-20&linkCode=osi&th=1&psc=1">View Product</a></div>

<div class="product"><a href="https://www.amazon.com/dp/B0025W9A5C?tag=eloabder-20&linkCode=osi&th=1&psc=1"><img src="https://m.media-amazon.com/images/I/51Oz8SNo83L._SL500_.jpg" alt="Product Image"></a><p>Nature Valley Crunchy Oats 'n Honey Granola Bars, 60 Bars, 44.7 OZ (30 Pouches)</p><p> -33% 0FF </p><p>$7.49 ($0.17 / Ounce)</p><a href="https://www.amazon.com/dp/B0025W9A5C?tag=eloabder-20&linkCode=osi&th=1&psc=1">View Product</a></div><div class="product"><a href="https://www.amazon.com/dp/B01MRZZ3KC?tag=eloabder-20&linkCode=osi&th=1&psc=1"><img src="https://m.media-amazon.com/images/I/512IgtvlLyL._SL500_.jpg" alt="Product Image"></a><p>Quaker Chewy Granola Bars, Chocolate Chip, 58 Count - Packaging May Vary</p><p> -9% 0FF </p><p>$11.19 ($0.23 / Ounce)</p><a href="https://www.amazon.com/dp/B01MRZZ3KC?tag=eloabder-20&linkCode=osi&th=1&psc=1">View Product</a></div><div class="product"><a href="https://www.amazon.com/dp/B00GHPC47O?tag=eloabder-20&linkCode=osi&th=1&psc=1"><img src="https://m.media-amazon.com/images/I/51YsdKn53VS._SL500_.jpg" alt="Product Image"></a><p>Quaker Chewy Granola Bars, Variety Pack, 18 Count</p><p> -20% 0FF </p><p>$3.97 ($0.26 / Ounce)</p><a href="https://www.amazon.com/dp/B00GHPC47O?tag=eloabder-20&linkCode=osi&th=1&psc=1">View Product</a></div><div class="product"><a href="https://www.amazon.com/dp/B0D9R1BMJR?tag=eloabder-20&linkCode=osi&th=1&psc=1"><img src="https://m.media-amazon.com/images/I/51ksmfNpCJL._SL500_.jpg" alt="Product Image"></a><p>Quaker Chewy Granola Bars, Chewy & Dipps Variety Pack, (58 Bars), Whole Grains, No Artificial Flavors, No Added Colors</p><p> -31% 0FF </p><p>$11.87 ($0.22 / Ounce)</p><a href="https://www.amazon.com/dp/B0D9R1BMJR?tag=eloabder-20&linkCode=osi&th=1&psc=1">View Product</a></div><div class="product"><a href="https://www.amazon.com/dp/B077KYKYKN?tag=eloabder-20&linkCode=osi&th=1&psc=1"><img src="https://m.media-amazon.com/images/I/51qz85lOK2S._SL500_.jpg" alt="Product Image"></a><p>Quaker Chewy Lower Sugar Granola Bars, Chocolate Chip, 58 Count</p><p> -35% 0FF </p><p>$11.19 ($0.23 / Ounce)</p><a href="https://www.amazon.com/dp/B077KYKYKN?tag=eloabder-20&linkCode=osi&th=1&psc=1">View Product</a></div>
<div class="product"><a href="https://www.amazon.com/dp/B07VVGKHLH?tag=eloabder-20&linkCode=osi&th=1&psc=1"><img src="https://m.media-amazon.com/images/I/31hbAFlUK6L._SL500_.jpg" alt="Product Image"></a><p>Amazon Grocery, Garlic Powder, 3.9 Oz (Previously Happy Belly, Packaging May Vary)</p><p> -17% 0FF </p><p>$1.30 ($0.33 / Ounce)</p><a href="https://www.amazon.com/dp/B07VVGKHLH?tag=eloabder-20&linkCode=osi&th=1&psc=1">View Product</a></div>
<div class="product"><a href="https://www.amazon.com/dp/B000WHSD5A?tag=eloabder-20&linkCode=osi&th=1&psc=1"><img src="https://m.media-amazon.com/images/I/41QwGSr0+IL._SL500_.jpg" alt="Product Image"></a><p>Heinz Tomato Ketchup, 20 oz Bottle</p><p> -36% 0FF </p><p>$2.23 ($0.11 / Ounce)</p><a href="https://www.amazon.com/dp/B000WHSD5A?tag=eloabder-20&linkCode=osi&th=1&psc=1">View Product</a></div><div class="product"><a href="https://www.amazon.com/dp/B0005YKO8E?tag=eloabder-20&linkCode=osi&th=1&psc=1"><img src="https://m.media-amazon.com/images/I/41AFhgJ5V7L._SL500_.jpg" alt="Product Image"></a><p>Heinz Tomato Ketchup, 14 oz Bottle</p><p> -36% 0FF </p><p>$1.56 ($0.11 / Ounce)</p><a href="https://www.amazon.com/dp/B0005YKO8E?tag=eloabder-20&linkCode=osi&th=1&psc=1">View Product</a></div><div class="product"><a href="https://www.amazon.com/dp/B01B2OVUAG?tag=eloabder-20&linkCode=osi&th=1&psc=1"><img src="https://m.media-amazon.com/images/I/41gaLzbBsDL._SL500_.jpg" alt="Product Image"></a><p>Heinz Organic Tomato Ketchup, 32 oz Bottle</p><p> -47% 0FF </p><p>$3.67 ($0.11 / Ounce)</p><a href="https://www.amazon.com/dp/B01B2OVUAG?tag=eloabder-20&linkCode=osi&th=1&psc=1">View Product</a></div>
<div class="product"><a href="https://www.amazon.com/dp/B015UBV4N0?tag=eloabder-20&linkCode=osi&th=1&psc=1"><img src="https://m.media-amazon.com/images/I/51NRndhNwoL._SL500_.jpg" alt="Product Image"></a><p>Crofters Organic Premium Spread, Strawberry, 16.5 oz</p><p> -20% 0FF </p><p>$4.96 ($0.30 / oz)</p><a href="https://www.amazon.com/dp/B015UBV4N0?tag=eloabder-20&linkCode=osi&th=1&psc=1">View Product</a></div>
<div class="product"><a href="https://www.amazon.com/dp/B097RW44HZ?tag=eloabder-20&linkCode=osi&th=1&psc=1"><img src="https://m.media-amazon.com/images/I/51OhVkU8+PL._SL500_.jpg" alt="Product Image"></a><p>Apexy Jelly Fruit Candy – Assorted Fruit Flavors, Halloween Treat Juicy Chewy Gel Snacks, Kids & Adults Party Favors, Fun Treats for Goodie Bags & Events 46.9oz (1330g)</p><p> -7% 0FF </p><p>$12.99 ($0.28 / Ounce)</p><a href="https://www.amazon.com/dp/B097RW44HZ?tag=eloabder-20&linkCode=osi&th=1&psc=1">View Product</a></div><div class="product"><a href="https://www.amazon.com/dp/B00099XN56?tag=eloabder-20&linkCode=osi&th=1&psc=1"><img src="https://m.media-amazon.com/images/I/41twfbi883L._SL500_.jpg" alt="Product Image"></a><p>Smucker's Jelly, Mixed Fruit, 12 oz (340 g)</p><p> -11% 0FF </p><p>$9.94 ($0.83 / Ounce)</p><a href="https://www.amazon.com/dp/B00099XN56?tag=eloabder-20&linkCode=osi&th=1&psc=1">View Product</a></div>
<div class="product"><a href="https://www.amazon.com/dp/B0005Z6ZK4?tag=eloabder-20&linkCode=osi&th=1&psc=1"><img src="https://m.media-amazon.com/images/I/31dtADxAZbL._SL500_.jpg" alt="Product Image"></a><p>Nutella Hazelnut Spread with Cocoa, Creamy Hazelnut Spread, Breakfast Favorite, 13 oz Jar</p><p> -30% 0FF </p><p>$3.48 ($0.27 / Ounce)</p><a href="https://www.amazon.com/dp/B0005Z6ZK4?tag=eloabder-20&linkCode=osi&th=1&psc=1">View Product</a></div><div class="product"><a href="https://www.amazon.com/dp/B09PN9S9D4?tag=eloabder-20&linkCode=osi&th=1&psc=1"><img src="https://m.media-amazon.com/images/I/41VpA06vqaL._SL500_.jpg" alt="Product Image"></a><p>Amazon Grocery, Hazelnut Spread With Cocoa, 26.5 Oz (Previously Amazon Fresh, Packaging May Vary)</p><p> -17% 0FF </p><p>$4.12 ($0.16 / Ounce)</p><a href="https://www.amazon.com/dp/B09PN9S9D4?tag=eloabder-20&linkCode=osi&th=1&psc=1">View Product</a></div>
<div class="product"><a href="https://www.amazon.com/dp/B0052BFNLS?tag=eloabder-20&linkCode=osi&th=1&psc=1"><img src="https://m.media-amazon.com/images/I/31Tfk-0-ybL._SL500_.jpg" alt="Product Image"></a><p>Pompeian Gourmet Red Wine Vinegar, Naturally Gluten-Free, 30 Fl Oz</p><p> -5% 0FF </p><p>$5.33 ($0.18 / Fl Oz)</p><a href="https://www.amazon.com/dp/B0052BFNLS?tag=eloabder-20&linkCode=osi&th=1&psc=1">View Product</a></div><div class="product"><a href="https://www.amazon.com/dp/B005AYB38O?tag=eloabder-20&linkCode=osi&th=1&psc=1"><img src="https://m.media-amazon.com/images/I/31tJRcbnsfL._SL500_.jpg" alt="Product Image"></a><p>Napa Valley Naturals Organic Red Wine Vinegar, 12.7 Ounces</p><p> -51% 0FF </p><p>$5.50 ($0.43 / Ounce)</p><a href="https://www.amazon.com/dp/B005AYB38O?tag=eloabder-20&linkCode=osi&th=1&psc=1">View Product</a></div><div class="product"><a href="https://www.amazon.com/dp/B00H1CJG00?tag=eloabder-20&linkCode=osi&th=1&psc=1"><img src="https://m.media-amazon.com/images/I/31pl1n1OONL._SL500_.jpg" alt="Product Image"></a><p>Colavita Wine Vinegar - Red Wine Vinegar, 17 Fl Oz</p><p> -21% 0FF </p><p>$9.51 ($0.56 / Fl Oz)</p><a href="https://www.amazon.com/dp/B00H1CJG00?tag=eloabder-20&linkCode=osi&th=1&psc=1">View Product</a></div>









<div class="product"><a href="https://www.amazon.com/dp/B074H5ZHFH?tag=eloabder-20&linkCode=osi&th=1&psc=1"><img src="https://m.media-amazon.com/images/I/410ymBds87L._SL500_.jpg" alt="Product Image"></a><p>365 by Whole Foods Market, Organic Penne Rigate, 16 Ounce</p><p> -10% 0FF </p><p>$1.97 ($0.12 / Ounce)</p><a href="https://www.amazon.com/dp/B074H5ZHFH?tag=eloabder-20&linkCode=osi&th=1&psc=1">View Product</a></div><div class="product"><a href="https://www.amazon.com/dp/B007MNYZ2M?tag=eloabder-20&linkCode=osi&th=1&psc=1"><img src="https://m.media-amazon.com/images/I/41dAZBCU7kS._SL500_.jpg" alt="Product Image"></a><p>Rummo Italian Pasta Penne Rigate No. 66, Always Al Dente (1lb Package)</p><p> -32% 0FF </p><p>$7.12 ($0.44 / Ounce)</p><a href="https://www.amazon.com/dp/B007MNYZ2M?tag=eloabder-20&linkCode=osi&th=1&psc=1">View Product</a></div><div class="product"><a href="https://www.amazon.com/dp/B07NSRQYNP?tag=eloabder-20&linkCode=osi&th=1&psc=1"><img src="https://m.media-amazon.com/images/I/413HwweC7iL._SL500_.jpg" alt="Product Image"></a><p>Rao's Homemade Penne Pasta, 16oz, Traditionally Crafted, Premium Quality, From Durum Semolina Flour, Traditional Bronze Die Cut, Imported from Italy</p><p> -24% 0FF </p><p>$2.18 ($0.14 / Fl Oz)</p><a href="https://www.amazon.com/dp/B07NSRQYNP?tag=eloabder-20&linkCode=osi&th=1&psc=1">View Product</a></div>
<div class="product"><a href="https://www.amazon.com/dp/B00112UBOG?tag=eloabder-20&linkCode=osi&th=1&psc=1"><img src="https://m.media-amazon.com/images/I/51coh9-N5gL._SL500_.jpg" alt="Product Image"></a><p>RiceSelect Arborio Rice for Italian Risotto, Premium Gluten-Free Rice, Non-GMO, 32-Ounce Jar, (Pack of 1)</p><p> -21% 0FF </p><p>$5.99 ($0.19 / Ounces)</p><a href="https://www.amazon.com/dp/B00112UBOG?tag=eloabder-20&linkCode=osi&th=1&psc=1">View Product</a></div>


<div class="product"><a href="https://www.amazon.com/dp/B0BZB9D92K?tag=eloabder-20&linkCode=osi&th=1&psc=1"><img src="https://m.media-amazon.com/images/I/41q74mciXOL._SL500_.jpg" alt="Product Image"></a><p>Amazon Grocery, Canned Pinto Beans, 15.5 Oz (Previously Amazon Fresh, Packaging May Vary)</p><p> -34% 0FF </p><p>$0.55 ($0.04 / Ounce)</p><a href="https://www.amazon.com/dp/B0BZB9D92K?tag=eloabder-20&linkCode=osi&th=1&psc=1">View Product</a></div>
<div class="product"><a href="https://www.amazon.com/dp/B0BZJNJTYV?tag=eloabder-20&linkCode=osi&th=1&psc=1"><img src="https://m.media-amazon.com/images/I/41lSsx2pjSL._SL500_.jpg" alt="Product Image"></a><p>Amazon Grocery, Sweet Peas, 15 Oz (Previously Amazon Fresh, Packaging May Vary)</p><p> -56% 0FF </p><p>$0.71 ($0.05 / Ounce)</p><a href="https://www.amazon.com/dp/B0BZJNJTYV?tag=eloabder-20&linkCode=osi&th=1&psc=1">View Product</a></div><div class="product"><a href="https://www.amazon.com/dp/B078T19Y9X?tag=eloabder-20&linkCode=osi&th=1&psc=1"><img src="https://m.media-amazon.com/images/I/51z+piSY1JL._SL500_.jpg" alt="Product Image"></a><p>DEL MONTE Sweet Peas Canned Vegetables, 12 Pack, 15 oz Can</p><p> -36% 0FF </p><p>$10.08 ($0.06 / Ounce)</p><a href="https://www.amazon.com/dp/B078T19Y9X?tag=eloabder-20&linkCode=osi&th=1&psc=1">View Product</a></div>

<div class="product"><a href="https://www.amazon.com/dp/B0025W9A5C?tag=eloabder-20&linkCode=osi&th=1&psc=1"><img src="https://m.media-amazon.com/images/I/51Oz8SNo83L._SL500_.jpg" alt="Product Image"></a><p>Nature Valley Crunchy Oats 'n Honey Granola Bars, 60 Bars, 44.7 OZ (30 Pouches)</p><p> -33% 0FF </p><p>$7.49 ($0.17 / Ounce)</p><a href="https://www.amazon.com/dp/B0025W9A5C?tag=eloabder-20&linkCode=osi&th=1&psc=1">View Product</a></div><div class="product"><a href="https://www.amazon.com/dp/B01MRZZ3KC?tag=eloabder-20&linkCode=osi&th=1&psc=1"><img src="https://m.media-amazon.com/images/I/512IgtvlLyL._SL500_.jpg" alt="Product Image"></a><p>Quaker Chewy Granola Bars, Chocolate Chip, 58 Count - Packaging May Vary</p><p> -9% 0FF </p><p>$11.19 ($0.23 / Ounce)</p><a href="https://www.amazon.com/dp/B01MRZZ3KC?tag=eloabder-20&linkCode=osi&th=1&psc=1">View Product</a></div><div class="product"><a href="https://www.amazon.com/dp/B00GHPC47O?tag=eloabder-20&linkCode=osi&th=1&psc=1"><img src="https://m.media-amazon.com/images/I/51YsdKn53VS._SL500_.jpg" alt="Product Image"></a><p>Quaker Chewy Granola Bars, Variety Pack, 18 Count</p><p> -20% 0FF </p><p>$3.97 ($0.26 / Ounce)</p><a href="https://www.amazon.com/dp/B00GHPC47O?tag=eloabder-20&linkCode=osi&th=1&psc=1">View Product</a></div><div class="product"><a href="https://www.amazon.com/dp/B0D9R1BMJR?tag=eloabder-20&linkCode=osi&th=1&psc=1"><img src="https://m.media-amazon.com/images/I/51ksmfNpCJL._SL500_.jpg" alt="Product Image"></a><p>Quaker Chewy Granola Bars, Chewy & Dipps Variety Pack, (58 Bars), Whole Grains, No Artificial Flavors, No Added Colors</p><p> -31% 0FF </p><p>$11.87 ($0.22 / Ounce)</p><a href="https://www.amazon.com/dp/B0D9R1BMJR?tag=eloabder-20&linkCode=osi&th=1&psc=1">View Product</a></div><div class="product"><a href="https://www.amazon.com/dp/B077KYKYKN?tag=eloabder-20&linkCode=osi&th=1&psc=1"><img src="https://m.media-amazon.com/images/I/51qz85lOK2S._SL500_.jpg" alt="Product Image"></a><p>Quaker Chewy Lower Sugar Granola Bars, Chocolate Chip, 58 Count</p><p> -35% 0FF </p><p>$11.19 ($0.23 / Ounce)</p><a href="https://www.amazon.com/dp/B077KYKYKN?tag=eloabder-20&linkCode=osi&th=1&psc=1">View Product</a></div>
<div class="product"><a href="https://www.amazon.com/dp/B07VVGKHLH?tag=eloabder-20&linkCode=osi&th=1&psc=1"><img src="https://m.media-amazon.com/images/I/31hbAFlUK6L._SL500_.jpg" alt="Product Image"></a><p>Amazon Grocery, Garlic Powder, 3.9 Oz (Previously Happy Belly, Packaging May Vary)</p><p> -17% 0FF </p><p>$1.30 ($0.33 / Ounce)</p><a href="https://www.amazon.com/dp/B07VVGKHLH?tag=eloabder-20&linkCode=osi&th=1&psc=1">View Product</a></div>
<div class="product"><a href="https://www.amazon.com/dp/B000WHSD5A?tag=eloabder-20&linkCode=osi&th=1&psc=1"><img src="https://m.media-amazon.com/images/I/41QwGSr0+IL._SL500_.jpg" alt="Product Image"></a><p>Heinz Tomato Ketchup, 20 oz Bottle</p><p> -36% 0FF </p><p>$2.23 ($0.11 / Ounce)</p><a href="https://www.amazon.com/dp/B000WHSD5A?tag=eloabder-20&linkCode=osi&th=1&psc=1">View Product</a></div><div class="product"><a href="https://www.amazon.com/dp/B0005YKO8E?tag=eloabder-20&linkCode=osi&th=1&psc=1"><img src="https://m.media-amazon.com/images/I/41AFhgJ5V7L._SL500_.jpg" alt="Product Image"></a><p>Heinz Tomato Ketchup, 14 oz Bottle</p><p> -36% 0FF </p><p>$1.56 ($0.11 / Ounce)</p><a href="https://www.amazon.com/dp/B0005YKO8E?tag=eloabder-20&linkCode=osi&th=1&psc=1">View Product</a></div><div class="product"><a href="https://www.amazon.com/dp/B01B2OVUAG?tag=eloabder-20&linkCode=osi&th=1&psc=1"><img src="https://m.media-amazon.com/images/I/41gaLzbBsDL._SL500_.jpg" alt="Product Image"></a><p>Heinz Organic Tomato Ketchup, 32 oz Bottle</p><p> -47% 0FF </p><p>$3.67 ($0.11 / Ounce)</p><a href="https://www.amazon.com/dp/B01B2OVUAG?tag=eloabder-20&linkCode=osi&th=1&psc=1">View Product</a></div>
<div class="product"><a href="https://www.amazon.com/dp/B015UBV4N0?tag=eloabder-20&linkCode=osi&th=1&psc=1"><img src="https://m.media-amazon.com/images/I/51NRndhNwoL._SL500_.jpg" alt="Product Image"></a><p>Crofters Organic Premium Spread, Strawberry, 16.5 oz</p><p> -20% 0FF </p><p>$4.96 ($0.30 / oz)</p><a href="https://www.amazon.com/dp/B015UBV4N0?tag=eloabder-20&linkCode=osi&th=1&psc=1">View Product</a></div>
<div class="product"><a href="https://www.amazon.com/dp/B097RW44HZ?tag=eloabder-20&linkCode=osi&th=1&psc=1"><img src="https://m.media-amazon.com/images/I/51OhVkU8+PL._SL500_.jpg" alt="Product Image"></a><p>Apexy Jelly Fruit Candy – Assorted Fruit Flavors, Halloween Treat Juicy Chewy Gel Snacks, Kids & Adults Party Favors, Fun Treats for Goodie Bags & Events 46.9oz (1330g)</p><p> -7% 0FF </p><p>$12.99 ($0.28 / Ounce)</p><a href="https://www.amazon.com/dp/B097RW44HZ?tag=eloabder-20&linkCode=osi&th=1&psc=1">View Product</a></div><div class="product"><a href="https://www.amazon.com/dp/B00099XN56?tag=eloabder-20&linkCode=osi&th=1&psc=1"><img src="https://m.media-amazon.com/images/I/41twfbi883L._SL500_.jpg" alt="Product Image"></a><p>Smucker's Jelly, Mixed Fruit, 12 oz (340 g)</p><p> -11% 0FF </p><p>$9.94 ($0.83 / Ounce)</p><a href="https://www.amazon.com/dp/B00099XN56?tag=eloabder-20&linkCode=osi&th=1&psc=1">View Product</a></div>
<div class="product"><a href="https://www.amazon.com/dp/B0005Z6ZK4?tag=eloabder-20&linkCode=osi&th=1&psc=1"><img src="https://m.media-amazon.com/images/I/31dtADxAZbL._SL500_.jpg" alt="Product Image"></a><p>Nutella Hazelnut Spread with Cocoa, Creamy Hazelnut Spread, Breakfast Favorite, 13 oz Jar</p><p> -30% 0FF </p><p>$3.48 ($0.27 / Ounce)</p><a href="https://www.amazon.com/dp/B0005Z6ZK4?tag=eloabder-20&linkCode=osi&th=1&psc=1">View Product</a></div><div class="product"><a href="https://www.amazon.com/dp/B09PN9S9D4?tag=eloabder-20&linkCode=osi&th=1&psc=1"><img src="https://m.media-amazon.com/images/I/41VpA06vqaL._SL500_.jpg" alt="Product Image"></a><p>Amazon Grocery, Hazelnut Spread With Cocoa, 26.5 Oz (Previously Amazon Fresh, Packaging May Vary)</p><p> -17% 0FF </p><p>$4.12 ($0.16 / Ounce)</p><a href="https://www.amazon.com/dp/B09PN9S9D4?tag=eloabder-20&linkCode=osi&th=1&psc=1">View Product</a></div>
<div class="product"><a href="https://www.amazon.com/dp/B0052BFNLS?tag=eloabder-20&linkCode=osi&th=1&psc=1"><img src="https://m.media-amazon.com/images/I/31Tfk-0-ybL._SL500_.jpg" alt="Product Image"></a><p>Pompeian Gourmet Red Wine Vinegar, Naturally Gluten-Free, 30 Fl Oz</p><p> -5% 0FF </p><p>$5.33 ($0.18 / Fl Oz)</p><a href="https://www.amazon.com/dp/B0052BFNLS?tag=eloabder-20&linkCode=osi&th=1&psc=1">View Product</a></div><div class="product"><a href="https://www.amazon.com/dp/B005AYB38O?tag=eloabder-20&linkCode=osi&th=1&psc=1"><img src="https://m.media-amazon.com/images/I/31tJRcbnsfL._SL500_.jpg" alt="Product Image"></a><p>Napa Valley Naturals Organic Red Wine Vinegar, 12.7 Ounces</p><p> -51% 0FF </p><p>$5.50 ($0.43 / Ounce)</p><a href="https://www.amazon.com/dp/B005AYB38O?tag=eloabder-20&linkCode=osi&th=1&psc=1">View Product</a></div><div class="product"><a href="https://www.amazon.com/dp/B00H1CJG00?tag=eloabder-20&linkCode=osi&th=1&psc=1"><img src="https://m.media-amazon.com/images/I/31pl1n1OONL._SL500_.jpg" alt="Product Image"></a><p>Colavita Wine Vinegar - Red Wine Vinegar, 17 Fl Oz</p><p> -21% 0FF </p><p>$9.51 ($0.56 / Fl Oz)</p><a href="https://www.amazon.com/dp/B00H1CJG00?tag=eloabder-20&linkCode=osi&th=1&psc=1">View Product</a></div>









<div class="product"><a href="https://www.amazon.com/dp/B074H5ZHFH?tag=eloabder-20&linkCode=osi&th=1&psc=1"><img src="https://m.media-amazon.com/images/I/410ymBds87L._SL500_.jpg" alt="Product Image"></a><p>365 by Whole Foods Market, Organic Penne Rigate, 16 Ounce</p><p> -10% 0FF </p><p>$1.97 ($0.12 / Ounce)</p><a href="https://www.amazon.com/dp/B074H5ZHFH?tag=eloabder-20&linkCode=osi&th=1&psc=1">View Product</a></div><div class="product"><a href="https://www.amazon.com/dp/B007MNYZ2M?tag=eloabder-20&linkCode=osi&th=1&psc=1"><img src="https://m.media-amazon.com/images/I/41dAZBCU7kS._SL500_.jpg" alt="Product Image"></a><p>Rummo Italian Pasta Penne Rigate No. 66, Always Al Dente (1lb Package)</p><p> -32% 0FF </p><p>$7.12 ($0.44 / Ounce)</p><a href="https://www.amazon.com/dp/B007MNYZ2M?tag=eloabder-20&linkCode=osi&th=1&psc=1">View Product</a></div><div class="product"><a href="https://www.amazon.com/dp/B07NSRQYNP?tag=eloabder-20&linkCode=osi&th=1&psc=1"><img src="https://m.media-amazon.com/images/I/413HwweC7iL._SL500_.jpg" alt="Product Image"></a><p>Rao's Homemade Penne Pasta, 16oz, Traditionally Crafted, Premium Quality, From Durum Semolina Flour, Traditional Bronze Die Cut, Imported from Italy</p><p> -24% 0FF </p><p>$2.18 ($0.14 / Fl Oz)</p><a href="https://www.amazon.com/dp/B07NSRQYNP?tag=eloabder-20&linkCode=osi&th=1&psc=1">View Product</a></div>
<div class="product"><a href="https://www.amazon.com/dp/B00112UBOG?tag=eloabder-20&linkCode=osi&th=1&psc=1"><img src="https://m.media-amazon.com/images/I/51coh9-N5gL._SL500_.jpg" alt="Product Image"></a><p>RiceSelect Arborio Rice for Italian Risotto, Premium Gluten-Free Rice, Non-GMO, 32-Ounce Jar, (Pack of 1)</p><p> -21% 0FF </p><p>$5.99 ($0.19 / Ounces)</p><a href="https://www.amazon.com/dp/B00112UBOG?tag=eloabder-20&linkCode=osi&th=1&psc=1">View Product</a></div>


<div class="product"><a href="https://www.amazon.com/dp/B0BZB9D92K?tag=eloabder-20&linkCode=osi&th=1&psc=1"><img src="https://m.media-amazon.com/images/I/41q74mciXOL._SL500_.jpg" alt="Product Image"></a><p>Amazon Grocery, Canned Pinto Beans, 15.5 Oz (Previously Amazon Fresh, Packaging May Vary)</p><p> -34% 0FF </p><p>$0.55 ($0.04 / Ounce)</p><a href="https://www.amazon.com/dp/B0BZB9D92K?tag=eloabder-20&linkCode=osi&th=1&psc=1">View Product</a></div>
<div class="product"><a href="https://www.amazon.com/dp/B0BZJNJTYV?tag=eloabder-20&linkCode=osi&th=1&psc=1"><img src="https://m.media-amazon.com/images/I/41lSsx2pjSL._SL500_.jpg" alt="Product Image"></a><p>Amazon Grocery, Sweet Peas, 15 Oz (Previously Amazon Fresh, Packaging May Vary)</p><p> -56% 0FF </p><p>$0.71 ($0.05 / Ounce)</p><a href="https://www.amazon.com/dp/B0BZJNJTYV?tag=eloabder-20&linkCode=osi&th=1&psc=1">View Product</a></div><div class="product"><a href="https://www.amazon.com/dp/B078T19Y9X?tag=eloabder-20&linkCode=osi&th=1&psc=1"><img src="https://m.media-amazon.com/images/I/51z+piSY1JL._SL500_.jpg" alt="Product Image"></a><p>DEL MONTE Sweet Peas Canned Vegetables, 12 Pack, 15 oz Can</p><p> -36% 0FF </p><p>$10.08 ($0.06 / Ounce)</p><a href="https://www.amazon.com/dp/B078T19Y9X?tag=eloabder-20&linkCode=osi&th=1&psc=1">View Product</a></div>
<div class="product"><a href="https://www.amazon.com/dp/B00GDVBHU2?tag=eloabder-20&linkCode=osi&th=1&psc=1"><img src="https://m.media-amazon.com/images/I/51BjG0g4q5L._SL500_.jpg" alt="Product Image"></a><p>Blue Diamond Almonds, Raw Whole Natural, 16 Ounce</p><p> -12% 0FF </p><p>$5.99 ($0.37 / Ounce)</p><a href="https://www.amazon.com/dp/B00GDVBHU2?tag=eloabder-20&linkCode=osi&th=1&psc=1">View Product</a></div>

<div class="product"><a href="https://www.amazon.com/dp/B0025W9A5C?tag=eloabder-20&linkCode=osi&th=1&psc=1"><img src="https://m.media-amazon.com/images/I/51Oz8SNo83L._SL500_.jpg" alt="Product Image"></a><p>Nature Valley Crunchy Oats 'n Honey Granola Bars, 60 Bars, 44.7 OZ (30 Pouches)</p><p> -33% 0FF </p><p>$7.49 ($0.17 / Ounce)</p><a href="https://www.amazon.com/dp/B0025W9A5C?tag=eloabder-20&linkCode=osi&th=1&psc=1">View Product</a></div><div class="product"><a href="https://www.amazon.com/dp/B01MRZZ3KC?tag=eloabder-20&linkCode=osi&th=1&psc=1"><img src="https://m.media-amazon.com/images/I/512IgtvlLyL._SL500_.jpg" alt="Product Image"></a><p>Quaker Chewy Granola Bars, Chocolate Chip, 58 Count - Packaging May Vary</p><p> -9% 0FF </p><p>$11.19 ($0.23 / Ounce)</p><a href="https://www.amazon.com/dp/B01MRZZ3KC?tag=eloabder-20&linkCode=osi&th=1&psc=1">View Product</a></div><div class="product"><a href="https://www.amazon.com/dp/B00GHPC47O?tag=eloabder-20&linkCode=osi&th=1&psc=1"><img src="https://m.media-amazon.com/images/I/51YsdKn53VS._SL500_.jpg" alt="Product Image"></a><p>Quaker Chewy Granola Bars, Variety Pack, 18 Count</p><p> -20% 0FF </p><p>$3.97 ($0.26 / Ounce)</p><a href="https://www.amazon.com/dp/B00GHPC47O?tag=eloabder-20&linkCode=osi&th=1&psc=1">View Product</a></div><div class="product"><a href="https://www.amazon.com/dp/B0D9R1BMJR?tag=eloabder-20&linkCode=osi&th=1&psc=1"><img src="https://m.media-amazon.com/images/I/51ksmfNpCJL._SL500_.jpg" alt="Product Image"></a><p>Quaker Chewy Granola Bars, Chewy & Dipps Variety Pack, (58 Bars), Whole Grains, No Artificial Flavors, No Added Colors</p><p> -31% 0FF </p><p>$11.87 ($0.22 / Ounce)</p><a href="https://www.amazon.com/dp/B0D9R1BMJR?tag=eloabder-20&linkCode=osi&th=1&psc=1">View Product</a></div><div class="product"><a href="https://www.amazon.com/dp/B077KYKYKN?tag=eloabder-20&linkCode=osi&th=1&psc=1"><img src="https://m.media-amazon.com/images/I/51qz85lOK2S._SL500_.jpg" alt="Product Image"></a><p>Quaker Chewy Lower Sugar Granola Bars, Chocolate Chip, 58 Count</p><p> -35% 0FF </p><p>$11.19 ($0.23 / Ounce)</p><a href="https://www.amazon.com/dp/B077KYKYKN?tag=eloabder-20&linkCode=osi&th=1&psc=1">View Product</a></div>
<div class="product"><a href="https://www.amazon.com/dp/B07VVGKHLH?tag=eloabder-20&linkCode=osi&th=1&psc=1"><img src="https://m.media-amazon.com/images/I/31hbAFlUK6L._SL500_.jpg" alt="Product Image"></a><p>Amazon Grocery, Garlic Powder, 3.9 Oz (Previously Happy Belly, Packaging May Vary)</p><p> -17% 0FF </p><p>$1.30 ($0.33 / Ounce)</p><a href="https://www.amazon.com/dp/B07VVGKHLH?tag=eloabder-20&linkCode=osi&th=1&psc=1">View Product</a></div>
<div class="product"><a href="https://www.amazon.com/dp/B000WHSD5A?tag=eloabder-20&linkCode=osi&th=1&psc=1"><img src="https://m.media-amazon.com/images/I/41QwGSr0+IL._SL500_.jpg" alt="Product Image"></a><p>Heinz Tomato Ketchup, 20 oz Bottle</p><p> -36% 0FF </p><p>$2.23 ($0.11 / Ounce)</p><a href="https://www.amazon.com/dp/B000WHSD5A?tag=eloabder-20&linkCode=osi&th=1&psc=1">View Product</a></div><div class="product"><a href="https://www.amazon.com/dp/B0005YKO8E?tag=eloabder-20&linkCode=osi&th=1&psc=1"><img src="https://m.media-amazon.com/images/I/41AFhgJ5V7L._SL500_.jpg" alt="Product Image"></a><p>Heinz Tomato Ketchup, 14 oz Bottle</p><p> -36% 0FF </p><p>$1.56 ($0.11 / Ounce)</p><a href="https://www.amazon.com/dp/B0005YKO8E?tag=eloabder-20&linkCode=osi&th=1&psc=1">View Product</a></div><div class="product"><a href="https://www.amazon.com/dp/B01B2OVUAG?tag=eloabder-20&linkCode=osi&th=1&psc=1"><img src="https://m.media-amazon.com/images/I/41gaLzbBsDL._SL500_.jpg" alt="Product Image"></a><p>Heinz Organic Tomato Ketchup, 32 oz Bottle</p><p> -47% 0FF </p><p>$3.67 ($0.11 / Ounce)</p><a href="https://www.amazon.com/dp/B01B2OVUAG?tag=eloabder-20&linkCode=osi&th=1&psc=1">View Product</a></div>
<div class="product"><a href="https://www.amazon.com/dp/B015UBV4N0?tag=eloabder-20&linkCode=osi&th=1&psc=1"><img src="https://m.media-amazon.com/images/I/51NRndhNwoL._SL500_.jpg" alt="Product Image"></a><p>Crofters Organic Premium Spread, Strawberry, 16.5 oz</p><p> -20% 0FF </p><p>$4.96 ($0.30 / oz)</p><a href="https://www.amazon.com/dp/B015UBV4N0?tag=eloabder-20&linkCode=osi&th=1&psc=1">View Product</a></div>
<div class="product"><a href="https://www.amazon.com/dp/B097RW44HZ?tag=eloabder-20&linkCode=osi&th=1&psc=1"><img src="https://m.media-amazon.com/images/I/51OhVkU8+PL._SL500_.jpg" alt="Product Image"></a><p>Apexy Jelly Fruit Candy – Assorted Fruit Flavors, Halloween Treat Juicy Chewy Gel Snacks, Kids & Adults Party Favors, Fun Treats for Goodie Bags & Events 46.9oz (1330g)</p><p> -7% 0FF </p><p>$12.99 ($0.28 / Ounce)</p><a href="https://www.amazon.com/dp/B097RW44HZ?tag=eloabder-20&linkCode=osi&th=1&psc=1">View Product</a></div><div class="product"><a href="https://www.amazon.com/dp/B00099XN56?tag=eloabder-20&linkCode=osi&th=1&psc=1"><img src="https://m.media-amazon.com/images/I/41twfbi883L._SL500_.jpg" alt="Product Image"></a><p>Smucker's Jelly, Mixed Fruit, 12 oz (340 g)</p><p> -11% 0FF </p><p>$9.94 ($0.83 / Ounce)</p><a href="https://www.amazon.com/dp/B00099XN56?tag=eloabder-20&linkCode=osi&th=1&psc=1">View Product</a></div>
<div class="product"><a href="https://www.amazon.com/dp/B0005Z6ZK4?tag=eloabder-20&linkCode=osi&th=1&psc=1"><img src="https://m.media-amazon.com/images/I/31dtADxAZbL._SL500_.jpg" alt="Product Image"></a><p>Nutella Hazelnut Spread with Cocoa, Creamy Hazelnut Spread, Breakfast Favorite, 13 oz Jar</p><p> -30% 0FF </p><p>$3.48 ($0.27 / Ounce)</p><a href="https://www.amazon.com/dp/B0005Z6ZK4?tag=eloabder-20&linkCode=osi&th=1&psc=1">View Product</a></div><div class="product"><a href="https://www.amazon.com/dp/B09PN9S9D4?tag=eloabder-20&linkCode=osi&th=1&psc=1"><img src="https://m.media-amazon.com/images/I/41VpA06vqaL._SL500_.jpg" alt="Product Image"></a><p>Amazon Grocery, Hazelnut Spread With Cocoa, 26.5 Oz (Previously Amazon Fresh, Packaging May Vary)</p><p> -17% 0FF </p><p>$4.12 ($0.16 / Ounce)</p><a href="https://www.amazon.com/dp/B09PN9S9D4?tag=eloabder-20&linkCode=osi&th=1&psc=1">View Product</a></div>
<div class="product"><a href="https://www.amazon.com/dp/B0052BFNLS?tag=eloabder-20&linkCode=osi&th=1&psc=1"><img src="https://m.media-amazon.com/images/I/31Tfk-0-ybL._SL500_.jpg" alt="Product Image"></a><p>Pompeian Gourmet Red Wine Vinegar, Naturally Gluten-Free, 30 Fl Oz</p><p> -5% 0FF </p><p>$5.33 ($0.18 / Fl Oz)</p><a href="https://www.amazon.com/dp/B0052BFNLS?tag=eloabder-20&linkCode=osi&th=1&psc=1">View Product</a></div><div class="product"><a href="https://www.amazon.com/dp/B005AYB38O?tag=eloabder-20&linkCode=osi&th=1&psc=1"><img src="https://m.media-amazon.com/images/I/31tJRcbnsfL._SL500_.jpg" alt="Product Image"></a><p>Napa Valley Naturals Organic Red Wine Vinegar, 12.7 Ounces</p><p> -51% 0FF </p><p>$5.50 ($0.43 / Ounce)</p><a href="https://www.amazon.com/dp/B005AYB38O?tag=eloabder-20&linkCode=osi&th=1&psc=1">View Product</a></div><div class="product"><a href="https://www.amazon.com/dp/B00H1CJG00?tag=eloabder-20&linkCode=osi&th=1&psc=1"><img src="https://m.media-amazon.com/images/I/31pl1n1OONL._SL500_.jpg" alt="Product Image"></a><p>Colavita Wine Vinegar - Red Wine Vinegar, 17 Fl Oz</p><p> -21% 0FF </p><p>$9.51 ($0.56 / Fl Oz)</p><a href="https://www.amazon.com/dp/B00H1CJG00?tag=eloabder-20&linkCode=osi&th=1&psc=1">View Product</a></div>









<div class="product"><a href="https://www.amazon.com/dp/B074H5ZHFH?tag=eloabder-20&linkCode=osi&th=1&psc=1"><img src="https://m.media-amazon.com/images/I/410ymBds87L._SL500_.jpg" alt="Product Image"></a><p>365 by Whole Foods Market, Organic Penne Rigate, 16 Ounce</p><p> -10% 0FF </p><p>$1.97 ($0.12 / Ounce)</p><a href="https://www.amazon.com/dp/B074H5ZHFH?tag=eloabder-20&linkCode=osi&th=1&psc=1">View Product</a></div><div class="product"><a href="https://www.amazon.com/dp/B007MNYZ2M?tag=eloabder-20&linkCode=osi&th=1&psc=1"><img src="https://m.media-amazon.com/images/I/41dAZBCU7kS._SL500_.jpg" alt="Product Image"></a><p>Rummo Italian Pasta Penne Rigate No. 66, Always Al Dente (1lb Package)</p><p> -32% 0FF </p><p>$7.12 ($0.44 / Ounce)</p><a href="https://www.amazon.com/dp/B007MNYZ2M?tag=eloabder-20&linkCode=osi&th=1&psc=1">View Product</a></div><div class="product"><a href="https://www.amazon.com/dp/B07NSRQYNP?tag=eloabder-20&linkCode=osi&th=1&psc=1"><img src="https://m.media-amazon.com/images/I/413HwweC7iL._SL500_.jpg" alt="Product Image"></a><p>Rao's Homemade Penne Pasta, 16oz, Traditionally Crafted, Premium Quality, From Durum Semolina Flour, Traditional Bronze Die Cut, Imported from Italy</p><p> -24% 0FF </p><p>$2.18 ($0.14 / Fl Oz)</p><a href="https://www.amazon.com/dp/B07NSRQYNP?tag=eloabder-20&linkCode=osi&th=1&psc=1">View Product</a></div>
<div class="product"><a href="https://www.amazon.com/dp/B00112UBOG?tag=eloabder-20&linkCode=osi&th=1&psc=1"><img src="https://m.media-amazon.com/images/I/51coh9-N5gL._SL500_.jpg" alt="Product Image"></a><p>RiceSelect Arborio Rice for Italian Risotto, Premium Gluten-Free Rice, Non-GMO, 32-Ounce Jar, (Pack of 1)</p><p> -21% 0FF </p><p>$5.99 ($0.19 / Ounces)</p><a href="https://www.amazon.com/dp/B00112UBOG?tag=eloabder-20&linkCode=osi&th=1&psc=1">View Product</a></div>


<div class="product"><a href="https://www.amazon.com/dp/B0BZB9D92K?tag=eloabder-20&linkCode=osi&th=1&psc=1"><img src="https://m.media-amazon.com/images/I/41q74mciXOL._SL500_.jpg" alt="Product Image"></a><p>Amazon Grocery, Canned Pinto Beans, 15.5 Oz (Previously Amazon Fresh, Packaging May Vary)</p><p> -34% 0FF </p><p>$0.55 ($0.04 / Ounce)</p><a href="https://www.amazon.com/dp/B0BZB9D92K?tag=eloabder-20&linkCode=osi&th=1&psc=1">View Product</a></div>
<div class="product"><a href="https://www.amazon.com/dp/B0BZJNJTYV?tag=eloabder-20&linkCode=osi&th=1&psc=1"><img src="https://m.media-amazon.com/images/I/41lSsx2pjSL._SL500_.jpg" alt="Product Image"></a><p>Amazon Grocery, Sweet Peas, 15 Oz (Previously Amazon Fresh, Packaging May Vary)</p><p> -56% 0FF </p><p>$0.71 ($0.05 / Ounce)</p><a href="https://www.amazon.com/dp/B0BZJNJTYV?tag=eloabder-20&linkCode=osi&th=1&psc=1">View Product</a></div><div class="product"><a href="https://www.amazon.com/dp/B078T19Y9X?tag=eloabder-20&linkCode=osi&th=1&psc=1"><img src="https://m.media-amazon.com/images/I/51z+piSY1JL._SL500_.jpg" alt="Product Image"></a><p>DEL MONTE Sweet Peas Canned Vegetables, 12 Pack, 15 oz Can</p><p> -36% 0FF </p><p>$10.08 ($0.06 / Ounce)</p><a href="https://www.amazon.com/dp/B078T19Y9X?tag=eloabder-20&linkCode=osi&th=1&psc=1">View Product</a></div>
<div class="product"><a href="https://www.amazon.com/dp/B00GDVBHU2?tag=eloabder-20&linkCode=osi&th=1&psc=1"><img src="https://m.media-amazon.com/images/I/51BjG0g4q5L._SL500_.jpg" alt="Product Image"></a><p>Blue Diamond Almonds, Raw Whole Natural, 16 Ounce</p><p> -12% 0FF </p><p>$5.99 ($0.37 / Ounce)</p><a href="https://www.amazon.com/dp/B00GDVBHU2?tag=eloabder-20&linkCode=osi&th=1&psc=1">View Product</a></div>


<div class="product"><a href="https://www.amazon.com/dp/B0025W9A5C?tag=eloabder-20&linkCode=osi&th=1&psc=1"><img src="https://m.media-amazon.com/images/I/51Oz8SNo83L._SL500_.jpg" alt="Product Image"></a><p>Nature Valley Crunchy Oats 'n Honey Granola Bars, 60 Bars, 44.7 OZ (30 Pouches)</p><p> -33% 0FF </p><p>$7.49 ($0.17 / Ounce)</p><a href="https://www.amazon.com/dp/B0025W9A5C?tag=eloabder-20&linkCode=osi&th=1&psc=1">View Product</a></div><div class="product"><a href="https://www.amazon.com/dp/B01MRZZ3KC?tag=eloabder-20&linkCode=osi&th=1&psc=1"><img src="https://m.media-amazon.com/images/I/512IgtvlLyL._SL500_.jpg" alt="Product Image"></a><p>Quaker Chewy Granola Bars, Chocolate Chip, 58 Count - Packaging May Vary</p><p> -9% 0FF </p><p>$11.19 ($0.23 / Ounce)</p><a href="https://www.amazon.com/dp/B01MRZZ3KC?tag=eloabder-20&linkCode=osi&th=1&psc=1">View Product</a></div><div class="product"><a href="https://www.amazon.com/dp/B00GHPC47O?tag=eloabder-20&linkCode=osi&th=1&psc=1"><img src="https://m.media-amazon.com/images/I/51YsdKn53VS._SL500_.jpg" alt="Product Image"></a><p>Quaker Chewy Granola Bars, Variety Pack, 18 Count</p><p> -20% 0FF </p><p>$3.97 ($0.26 / Ounce)</p><a href="https://www.amazon.com/dp/B00GHPC47O?tag=eloabder-20&linkCode=osi&th=1&psc=1">View Product</a></div><div class="product"><a href="https://www.amazon.com/dp/B0D9R1BMJR?tag=eloabder-20&linkCode=osi&th=1&psc=1"><img src="https://m.media-amazon.com/images/I/51ksmfNpCJL._SL500_.jpg" alt="Product Image"></a><p>Quaker Chewy Granola Bars, Chewy & Dipps Variety Pack, (58 Bars), Whole Grains, No Artificial Flavors, No Added Colors</p><p> -31% 0FF </p><p>$11.87 ($0.22 / Ounce)</p><a href="https://www.amazon.com/dp/B0D9R1BMJR?tag=eloabder-20&linkCode=osi&th=1&psc=1">View Product</a></div><div class="product"><a href="https://www.amazon.com/dp/B077KYKYKN?tag=eloabder-20&linkCode=osi&th=1&psc=1"><img src="https://m.media-amazon.com/images/I/51qz85lOK2S._SL500_.jpg" alt="Product Image"></a><p>Quaker Chewy Lower Sugar Granola Bars, Chocolate Chip, 58 Count</p><p> -35% 0FF </p><p>$11.19 ($0.23 / Ounce)</p><a href="https://www.amazon.com/dp/B077KYKYKN?tag=eloabder-20&linkCode=osi&th=1&psc=1">View Product</a></div>
<div class="product"><a href="https://www.amazon.com/dp/B07VVGKHLH?tag=eloabder-20&linkCode=osi&th=1&psc=1"><img src="https://m.media-amazon.com/images/I/31hbAFlUK6L._SL500_.jpg" alt="Product Image"></a><p>Amazon Grocery, Garlic Powder, 3.9 Oz (Previously Happy Belly, Packaging May Vary)</p><p> -17% 0FF </p><p>$1.30 ($0.33 / Ounce)</p><a href="https://www.amazon.com/dp/B07VVGKHLH?tag=eloabder-20&linkCode=osi&th=1&psc=1">View Product</a></div>
<div class="product"><a href="https://www.amazon.com/dp/B000WHSD5A?tag=eloabder-20&linkCode=osi&th=1&psc=1"><img src="https://m.media-amazon.com/images/I/41QwGSr0+IL._SL500_.jpg" alt="Product Image"></a><p>Heinz Tomato Ketchup, 20 oz Bottle</p><p> -36% 0FF </p><p>$2.23 ($0.11 / Ounce)</p><a href="https://www.amazon.com/dp/B000WHSD5A?tag=eloabder-20&linkCode=osi&th=1&psc=1">View Product</a></div><div class="product"><a href="https://www.amazon.com/dp/B0005YKO8E?tag=eloabder-20&linkCode=osi&th=1&psc=1"><img src="https://m.media-amazon.com/images/I/41AFhgJ5V7L._SL500_.jpg" alt="Product Image"></a><p>Heinz Tomato Ketchup, 14 oz Bottle</p><p> -36% 0FF </p><p>$1.56 ($0.11 / Ounce)</p><a href="https://www.amazon.com/dp/B0005YKO8E?tag=eloabder-20&linkCode=osi&th=1&psc=1">View Product</a></div><div class="product"><a href="https://www.amazon.com/dp/B01B2OVUAG?tag=eloabder-20&linkCode=osi&th=1&psc=1"><img src="https://m.media-amazon.com/images/I/41gaLzbBsDL._SL500_.jpg" alt="Product Image"></a><p>Heinz Organic Tomato Ketchup, 32 oz Bottle</p><p> -47% 0FF </p><p>$3.67 ($0.11 / Ounce)</p><a href="https://www.amazon.com/dp/B01B2OVUAG?tag=eloabder-20&linkCode=osi&th=1&psc=1">View Product</a></div>
<div class="product"><a href="https://www.amazon.com/dp/B015UBV4N0?tag=eloabder-20&linkCode=osi&th=1&psc=1"><img src="https://m.media-amazon.com/images/I/51NRndhNwoL._SL500_.jpg" alt="Product Image"></a><p>Crofters Organic Premium Spread, Strawberry, 16.5 oz</p><p> -20% 0FF </p><p>$4.96 ($0.30 / oz)</p><a href="https://www.amazon.com/dp/B015UBV4N0?tag=eloabder-20&linkCode=osi&th=1&psc=1">View Product</a></div>
<div class="product"><a href="https://www.amazon.com/dp/B097RW44HZ?tag=eloabder-20&linkCode=osi&th=1&psc=1"><img src="https://m.media-amazon.com/images/I/51OhVkU8+PL._SL500_.jpg" alt="Product Image"></a><p>Apexy Jelly Fruit Candy – Assorted Fruit Flavors, Halloween Treat Juicy Chewy Gel Snacks, Kids & Adults Party Favors, Fun Treats for Goodie Bags & Events 46.9oz (1330g)</p><p> -7% 0FF </p><p>$12.99 ($0.28 / Ounce)</p><a href="https://www.amazon.com/dp/B097RW44HZ?tag=eloabder-20&linkCode=osi&th=1&psc=1">View Product</a></div><div class="product"><a href="https://www.amazon.com/dp/B00099XN56?tag=eloabder-20&linkCode=osi&th=1&psc=1"><img src="https://m.media-amazon.com/images/I/41twfbi883L._SL500_.jpg" alt="Product Image"></a><p>Smucker's Jelly, Mixed Fruit, 12 oz (340 g)</p><p> -11% 0FF </p><p>$9.94 ($0.83 / Ounce)</p><a href="https://www.amazon.com/dp/B00099XN56?tag=eloabder-20&linkCode=osi&th=1&psc=1">View Product</a></div>
<div class="product"><a href="https://www.amazon.com/dp/B0005Z6ZK4?tag=eloabder-20&linkCode=osi&th=1&psc=1"><img src="https://m.media-amazon.com/images/I/31dtADxAZbL._SL500_.jpg" alt="Product Image"></a><p>Nutella Hazelnut Spread with Cocoa, Creamy Hazelnut Spread, Breakfast Favorite, 13 oz Jar</p><p> -30% 0FF </p><p>$3.48 ($0.27 / Ounce)</p><a href="https://www.amazon.com/dp/B0005Z6ZK4?tag=eloabder-20&linkCode=osi&th=1&psc=1">View Product</a></div><div class="product"><a href="https://www.amazon.com/dp/B09PN9S9D4?tag=eloabder-20&linkCode=osi&th=1&psc=1"><img src="https://m.media-amazon.com/images/I/41VpA06vqaL._SL500_.jpg" alt="Product Image"></a><p>Amazon Grocery, Hazelnut Spread With Cocoa, 26.5 Oz (Previously Amazon Fresh, Packaging May Vary)</p><p> -17% 0FF </p><p>$4.12 ($0.16 / Ounce)</p><a href="https://www.amazon.com/dp/B09PN9S9D4?tag=eloabder-20&linkCode=osi&th=1&psc=1">View Product</a></div>
<div class="product"><a href="https://www.amazon.com/dp/B0052BFNLS?tag=eloabder-20&linkCode=osi&th=1&psc=1"><img src="https://m.media-amazon.com/images/I/31Tfk-0-ybL._SL500_.jpg" alt="Product Image"></a><p>Pompeian Gourmet Red Wine Vinegar, Naturally Gluten-Free, 30 Fl Oz</p><p> -5% 0FF </p><p>$5.33 ($0.18 / Fl Oz)</p><a href="https://www.amazon.com/dp/B0052BFNLS?tag=eloabder-20&linkCode=osi&th=1&psc=1">View Product</a></div><div class="product"><a href="https://www.amazon.com/dp/B005AYB38O?tag=eloabder-20&linkCode=osi&th=1&psc=1"><img src="https://m.media-amazon.com/images/I/31tJRcbnsfL._SL500_.jpg" alt="Product Image"></a><p>Napa Valley Naturals Organic Red Wine Vinegar, 12.7 Ounces</p><p> -51% 0FF </p><p>$5.50 ($0.43 / Ounce)</p><a href="https://www.amazon.com/dp/B005AYB38O?tag=eloabder-20&linkCode=osi&th=1&psc=1">View Product</a></div><div class="product"><a href="https://www.amazon.com/dp/B00H1CJG00?tag=eloabder-20&linkCode=osi&th=1&psc=1"><img src="https://m.media-amazon.com/images/I/31pl1n1OONL._SL500_.jpg" alt="Product Image"></a><p>Colavita Wine Vinegar - Red Wine Vinegar, 17 Fl Oz</p><p> -21% 0FF </p><p>$9.51 ($0.56 / Fl Oz)</p><a href="https://www.amazon.com/dp/B00H1CJG00?tag=eloabder-20&linkCode=osi&th=1&psc=1">View Product</a></div>









<div class="product"><a href="https://www.amazon.com/dp/B074H5ZHFH?tag=eloabder-20&linkCode=osi&th=1&psc=1"><img src="https://m.media-amazon.com/images/I/410ymBds87L._SL500_.jpg" alt="Product Image"></a><p>365 by Whole Foods Market, Organic Penne Rigate, 16 Ounce</p><p> -10% 0FF </p><p>$1.97 ($0.12 / Ounce)</p><a href="https://www.amazon.com/dp/B074H5ZHFH?tag=eloabder-20&linkCode=osi&th=1&psc=1">View Product</a></div><div class="product"><a href="https://www.amazon.com/dp/B007MNYZ2M?tag=eloabder-20&linkCode=osi&th=1&psc=1"><img src="https://m.media-amazon.com/images/I/41dAZBCU7kS._SL500_.jpg" alt="Product Image"></a><p>Rummo Italian Pasta Penne Rigate No. 66, Always Al Dente (1lb Package)</p><p> -32% 0FF </p><p>$7.12 ($0.44 / Ounce)</p><a href="https://www.amazon.com/dp/B007MNYZ2M?tag=eloabder-20&linkCode=osi&th=1&psc=1">View Product</a></div><div class="product"><a href="https://www.amazon.com/dp/B07NSRQYNP?tag=eloabder-20&linkCode=osi&th=1&psc=1"><img src="https://m.media-amazon.com/images/I/413HwweC7iL._SL500_.jpg" alt="Product Image"></a><p>Rao's Homemade Penne Pasta, 16oz, Traditionally Crafted, Premium Quality, From Durum Semolina Flour, Traditional Bronze Die Cut, Imported from Italy</p><p> -24% 0FF </p><p>$2.18 ($0.14 / Fl Oz)</p><a href="https://www.amazon.com/dp/B07NSRQYNP?tag=eloabder-20&linkCode=osi&th=1&psc=1">View Product</a></div>
<div class="product"><a href="https://www.amazon.com/dp/B00112UBOG?tag=eloabder-20&linkCode=osi&th=1&psc=1"><img src="https://m.media-amazon.com/images/I/51coh9-N5gL._SL500_.jpg" alt="Product Image"></a><p>RiceSelect Arborio Rice for Italian Risotto, Premium Gluten-Free Rice, Non-GMO, 32-Ounce Jar, (Pack of 1)</p><p> -21% 0FF </p><p>$5.99 ($0.19 / Ounces)</p><a href="https://www.amazon.com/dp/B00112UBOG?tag=eloabder-20&linkCode=osi&th=1&psc=1">View Product</a></div>


<div class="product"><a href="https://www.amazon.com/dp/B0BZB9D92K?tag=eloabder-20&linkCode=osi&th=1&psc=1"><img src="https://m.media-amazon.com/images/I/41q74mciXOL._SL500_.jpg" alt="Product Image"></a><p>Amazon Grocery, Canned Pinto Beans, 15.5 Oz (Previously Amazon Fresh, Packaging May Vary)</p><p> -34% 0FF </p><p>$0.55 ($0.04 / Ounce)</p><a href="https://www.amazon.com/dp/B0BZB9D92K?tag=eloabder-20&linkCode=osi&th=1&psc=1">View Product</a></div>
<div class="product"><a href="https://www.amazon.com/dp/B0BZJNJTYV?tag=eloabder-20&linkCode=osi&th=1&psc=1"><img src="https://m.media-amazon.com/images/I/41lSsx2pjSL._SL500_.jpg" alt="Product Image"></a><p>Amazon Grocery, Sweet Peas, 15 Oz (Previously Amazon Fresh, Packaging May Vary)</p><p> -56% 0FF </p><p>$0.71 ($0.05 / Ounce)</p><a href="https://www.amazon.com/dp/B0BZJNJTYV?tag=eloabder-20&linkCode=osi&th=1&psc=1">View Product</a></div><div class="product"><a href="https://www.amazon.com/dp/B078T19Y9X?tag=eloabder-20&linkCode=osi&th=1&psc=1"><img src="https://m.media-amazon.com/images/I/51z+piSY1JL._SL500_.jpg" alt="Product Image"></a><p>DEL MONTE Sweet Peas Canned Vegetables, 12 Pack, 15 oz Can</p><p> -36% 0FF </p><p>$10.08 ($0.06 / Ounce)</p><a href="https://www.amazon.com/dp/B078T19Y9X?tag=eloabder-20&linkCode=osi&th=1&psc=1">View Product</a></div>
<div class="product"><a href="https://www.amazon.com/dp/B00GDVBHU2?tag=eloabder-20&linkCode=osi&th=1&psc=1"><img src="https://m.media-amazon.com/images/I/51BjG0g4q5L._SL500_.jpg" alt="Product Image"></a><p>Blue Diamond Almonds, Raw Whole Natural, 16 Ounce</p><p> -12% 0FF </p><p>$5.99 ($0.37 / Ounce)</p><a href="https://www.amazon.com/dp/B00GDVBHU2?tag=eloabder-20&linkCode=osi&th=1&psc=1">View Product</a></div>

<div class="product"><a href="https://www.amazon.com/dp/B07W1WKDSC?tag=eloabder-20&linkCode=osi&th=1&psc=1"><img src="https://m.media-amazon.com/images/I/31nTopuj99L._SL500_.jpg" alt="Product Image"></a><p>Amazon Grocery, Basil Leaves, 0.95 Oz (Previously Happy Belly, Packaging May Vary)</p><p> -17% 0FF </p><p>$1.59 ($1.67 / Ounce)</p><a href="https://www.amazon.com/dp/B07W1WKDSC?tag=eloabder-20&linkCode=osi&th=1&psc=1">View Product</a></div>

<div class="product"><a href="https://www.amazon.com/dp/B0025W9A5C?tag=eloabder-20&linkCode=osi&th=1&psc=1"><img src="https://m.media-amazon.com/images/I/51Oz8SNo83L._SL500_.jpg" alt="Product Image"></a><p>Nature Valley Crunchy Oats 'n Honey Granola Bars, 60 Bars, 44.7 OZ (30 Pouches)</p><p> -33% 0FF </p><p>$7.49 ($0.17 / Ounce)</p><a href="https://www.amazon.com/dp/B0025W9A5C?tag=eloabder-20&linkCode=osi&th=1&psc=1">View Product</a></div><div class="product"><a href="https://www.amazon.com/dp/B01MRZZ3KC?tag=eloabder-20&linkCode=osi&th=1&psc=1"><img src="https://m.media-amazon.com/images/I/512IgtvlLyL._SL500_.jpg" alt="Product Image"></a><p>Quaker Chewy Granola Bars, Chocolate Chip, 58 Count - Packaging May Vary</p><p> -9% 0FF </p><p>$11.19 ($0.23 / Ounce)</p><a href="https://www.amazon.com/dp/B01MRZZ3KC?tag=eloabder-20&linkCode=osi&th=1&psc=1">View Product</a></div><div class="product"><a href="https://www.amazon.com/dp/B00GHPC47O?tag=eloabder-20&linkCode=osi&th=1&psc=1"><img src="https://m.media-amazon.com/images/I/51YsdKn53VS._SL500_.jpg" alt="Product Image"></a><p>Quaker Chewy Granola Bars, Variety Pack, 18 Count</p><p> -20% 0FF </p><p>$3.97 ($0.26 / Ounce)</p><a href="https://www.amazon.com/dp/B00GHPC47O?tag=eloabder-20&linkCode=osi&th=1&psc=1">View Product</a></div><div class="product"><a href="https://www.amazon.com/dp/B0D9R1BMJR?tag=eloabder-20&linkCode=osi&th=1&psc=1"><img src="https://m.media-amazon.com/images/I/51ksmfNpCJL._SL500_.jpg" alt="Product Image"></a><p>Quaker Chewy Granola Bars, Chewy & Dipps Variety Pack, (58 Bars), Whole Grains, No Artificial Flavors, No Added Colors</p><p> -31% 0FF </p><p>$11.87 ($0.22 / Ounce)</p><a href="https://www.amazon.com/dp/B0D9R1BMJR?tag=eloabder-20&linkCode=osi&th=1&psc=1">View Product</a></div><div class="product"><a href="https://www.amazon.com/dp/B077KYKYKN?tag=eloabder-20&linkCode=osi&th=1&psc=1"><img src="https://m.media-amazon.com/images/I/51qz85lOK2S._SL500_.jpg" alt="Product Image"></a><p>Quaker Chewy Lower Sugar Granola Bars, Chocolate Chip, 58 Count</p><p> -35% 0FF </p><p>$11.19 ($0.23 / Ounce)</p><a href="https://www.amazon.com/dp/B077KYKYKN?tag=eloabder-20&linkCode=osi&th=1&psc=1">View Product</a></div>
<div class="product"><a href="https://www.amazon.com/dp/B07VVGKHLH?tag=eloabder-20&linkCode=osi&th=1&psc=1"><img src="https://m.media-amazon.com/images/I/31hbAFlUK6L._SL500_.jpg" alt="Product Image"></a><p>Amazon Grocery, Garlic Powder, 3.9 Oz (Previously Happy Belly, Packaging May Vary)</p><p> -17% 0FF </p><p>$1.30 ($0.33 / Ounce)</p><a href="https://www.amazon.com/dp/B07VVGKHLH?tag=eloabder-20&linkCode=osi&th=1&psc=1">View Product</a></div>
<div class="product"><a href="https://www.amazon.com/dp/B000WHSD5A?tag=eloabder-20&linkCode=osi&th=1&psc=1"><img src="https://m.media-amazon.com/images/I/41QwGSr0+IL._SL500_.jpg" alt="Product Image"></a><p>Heinz Tomato Ketchup, 20 oz Bottle</p><p> -36% 0FF </p><p>$2.23 ($0.11 / Ounce)</p><a href="https://www.amazon.com/dp/B000WHSD5A?tag=eloabder-20&linkCode=osi&th=1&psc=1">View Product</a></div><div class="product"><a href="https://www.amazon.com/dp/B0005YKO8E?tag=eloabder-20&linkCode=osi&th=1&psc=1"><img src="https://m.media-amazon.com/images/I/41AFhgJ5V7L._SL500_.jpg" alt="Product Image"></a><p>Heinz Tomato Ketchup, 14 oz Bottle</p><p> -36% 0FF </p><p>$1.56 ($0.11 / Ounce)</p><a href="https://www.amazon.com/dp/B0005YKO8E?tag=eloabder-20&linkCode=osi&th=1&psc=1">View Product</a></div><div class="product"><a href="https://www.amazon.com/dp/B01B2OVUAG?tag=eloabder-20&linkCode=osi&th=1&psc=1"><img src="https://m.media-amazon.com/images/I/41gaLzbBsDL._SL500_.jpg" alt="Product Image"></a><p>Heinz Organic Tomato Ketchup, 32 oz Bottle</p><p> -47% 0FF </p><p>$3.67 ($0.11 / Ounce)</p><a href="https://www.amazon.com/dp/B01B2OVUAG?tag=eloabder-20&linkCode=osi&th=1&psc=1">View Product</a></div>
<div class="product"><a href="https://www.amazon.com/dp/B015UBV4N0?tag=eloabder-20&linkCode=osi&th=1&psc=1"><img src="https://m.media-amazon.com/images/I/51NRndhNwoL._SL500_.jpg" alt="Product Image"></a><p>Crofters Organic Premium Spread, Strawberry, 16.5 oz</p><p> -20% 0FF </p><p>$4.96 ($0.30 / oz)</p><a href="https://www.amazon.com/dp/B015UBV4N0?tag=eloabder-20&linkCode=osi&th=1&psc=1">View Product</a></div>
<div class="product"><a href="https://www.amazon.com/dp/B097RW44HZ?tag=eloabder-20&linkCode=osi&th=1&psc=1"><img src="https://m.media-amazon.com/images/I/51OhVkU8+PL._SL500_.jpg" alt="Product Image"></a><p>Apexy Jelly Fruit Candy – Assorted Fruit Flavors, Halloween Treat Juicy Chewy Gel Snacks, Kids & Adults Party Favors, Fun Treats for Goodie Bags & Events 46.9oz (1330g)</p><p> -7% 0FF </p><p>$12.99 ($0.28 / Ounce)</p><a href="https://www.amazon.com/dp/B097RW44HZ?tag=eloabder-20&linkCode=osi&th=1&psc=1">View Product</a></div><div class="product"><a href="https://www.amazon.com/dp/B00099XN56?tag=eloabder-20&linkCode=osi&th=1&psc=1"><img src="https://m.media-amazon.com/images/I/41twfbi883L._SL500_.jpg" alt="Product Image"></a><p>Smucker's Jelly, Mixed Fruit, 12 oz (340 g)</p><p> -11% 0FF </p><p>$9.94 ($0.83 / Ounce)</p><a href="https://www.amazon.com/dp/B00099XN56?tag=eloabder-20&linkCode=osi&th=1&psc=1">View Product</a></div>
<div class="product"><a href="https://www.amazon.com/dp/B0005Z6ZK4?tag=eloabder-20&linkCode=osi&th=1&psc=1"><img src="https://m.media-amazon.com/images/I/31dtADxAZbL._SL500_.jpg" alt="Product Image"></a><p>Nutella Hazelnut Spread with Cocoa, Creamy Hazelnut Spread, Breakfast Favorite, 13 oz Jar</p><p> -30% 0FF </p><p>$3.48 ($0.27 / Ounce)</p><a href="https://www.amazon.com/dp/B0005Z6ZK4?tag=eloabder-20&linkCode=osi&th=1&psc=1">View Product</a></div><div class="product"><a href="https://www.amazon.com/dp/B09PN9S9D4?tag=eloabder-20&linkCode=osi&th=1&psc=1"><img src="https://m.media-amazon.com/images/I/41VpA06vqaL._SL500_.jpg" alt="Product Image"></a><p>Amazon Grocery, Hazelnut Spread With Cocoa, 26.5 Oz (Previously Amazon Fresh, Packaging May Vary)</p><p> -17% 0FF </p><p>$4.12 ($0.16 / Ounce)</p><a href="https://www.amazon.com/dp/B09PN9S9D4?tag=eloabder-20&linkCode=osi&th=1&psc=1">View Product</a></div>
<div class="product"><a href="https://www.amazon.com/dp/B0052BFNLS?tag=eloabder-20&linkCode=osi&th=1&psc=1"><img src="https://m.media-amazon.com/images/I/31Tfk-0-ybL._SL500_.jpg" alt="Product Image"></a><p>Pompeian Gourmet Red Wine Vinegar, Naturally Gluten-Free, 30 Fl Oz</p><p> -5% 0FF </p><p>$5.33 ($0.18 / Fl Oz)</p><a href="https://www.amazon.com/dp/B0052BFNLS?tag=eloabder-20&linkCode=osi&th=1&psc=1">View Product</a></div><div class="product"><a href="https://www.amazon.com/dp/B005AYB38O?tag=eloabder-20&linkCode=osi&th=1&psc=1"><img src="https://m.media-amazon.com/images/I/31tJRcbnsfL._SL500_.jpg" alt="Product Image"></a><p>Napa Valley Naturals Organic Red Wine Vinegar, 12.7 Ounces</p><p> -51% 0FF </p><p>$5.50 ($0.43 / Ounce)</p><a href="https://www.amazon.com/dp/B005AYB38O?tag=eloabder-20&linkCode=osi&th=1&psc=1">View Product</a></div><div class="product"><a href="https://www.amazon.com/dp/B00H1CJG00?tag=eloabder-20&linkCode=osi&th=1&psc=1"><img src="https://m.media-amazon.com/images/I/31pl1n1OONL._SL500_.jpg" alt="Product Image"></a><p>Colavita Wine Vinegar - Red Wine Vinegar, 17 Fl Oz</p><p> -21% 0FF </p><p>$9.51 ($0.56 / Fl Oz)</p><a href="https://www.amazon.com/dp/B00H1CJG00?tag=eloabder-20&linkCode=osi&th=1&psc=1">View Product</a></div>









<div class="product"><a href="https://www.amazon.com/dp/B074H5ZHFH?tag=eloabder-20&linkCode=osi&th=1&psc=1"><img src="https://m.media-amazon.com/images/I/410ymBds87L._SL500_.jpg" alt="Product Image"></a><p>365 by Whole Foods Market, Organic Penne Rigate, 16 Ounce</p><p> -10% 0FF </p><p>$1.97 ($0.12 / Ounce)</p><a href="https://www.amazon.com/dp/B074H5ZHFH?tag=eloabder-20&linkCode=osi&th=1&psc=1">View Product</a></div><div class="product"><a href="https://www.amazon.com/dp/B007MNYZ2M?tag=eloabder-20&linkCode=osi&th=1&psc=1"><img src="https://m.media-amazon.com/images/I/41dAZBCU7kS._SL500_.jpg" alt="Product Image"></a><p>Rummo Italian Pasta Penne Rigate No. 66, Always Al Dente (1lb Package)</p><p> -32% 0FF </p><p>$7.12 ($0.44 / Ounce)</p><a href="https://www.amazon.com/dp/B007MNYZ2M?tag=eloabder-20&linkCode=osi&th=1&psc=1">View Product</a></div><div class="product"><a href="https://www.amazon.com/dp/B07NSRQYNP?tag=eloabder-20&linkCode=osi&th=1&psc=1"><img src="https://m.media-amazon.com/images/I/413HwweC7iL._SL500_.jpg" alt="Product Image"></a><p>Rao's Homemade Penne Pasta, 16oz, Traditionally Crafted, Premium Quality, From Durum Semolina Flour, Traditional Bronze Die Cut, Imported from Italy</p><p> -24% 0FF </p><p>$2.18 ($0.14 / Fl Oz)</p><a href="https://www.amazon.com/dp/B07NSRQYNP?tag=eloabder-20&linkCode=osi&th=1&psc=1">View Product</a></div>
<div class="product"><a href="https://www.amazon.com/dp/B00112UBOG?tag=eloabder-20&linkCode=osi&th=1&psc=1"><img src="https://m.media-amazon.com/images/I/51coh9-N5gL._SL500_.jpg" alt="Product Image"></a><p>RiceSelect Arborio Rice for Italian Risotto, Premium Gluten-Free Rice, Non-GMO, 32-Ounce Jar, (Pack of 1)</p><p> -21% 0FF </p><p>$5.99 ($0.19 / Ounces)</p><a href="https://www.amazon.com/dp/B00112UBOG?tag=eloabder-20&linkCode=osi&th=1&psc=1">View Product</a></div>


<div class="product"><a href="https://www.amazon.com/dp/B0BZB9D92K?tag=eloabder-20&linkCode=osi&th=1&psc=1"><img src="https://m.media-amazon.com/images/I/41q74mciXOL._SL500_.jpg" alt="Product Image"></a><p>Amazon Grocery, Canned Pinto Beans, 15.5 Oz (Previously Amazon Fresh, Packaging May Vary)</p><p> -34% 0FF </p><p>$0.55 ($0.04 / Ounce)</p><a href="https://www.amazon.com/dp/B0BZB9D92K?tag=eloabder-20&linkCode=osi&th=1&psc=1">View Product</a></div>
<div class="product"><a href="https://www.amazon.com/dp/B0BZJNJTYV?tag=eloabder-20&linkCode=osi&th=1&psc=1"><img src="https://m.media-amazon.com/images/I/41lSsx2pjSL._SL500_.jpg" alt="Product Image"></a><p>Amazon Grocery, Sweet Peas, 15 Oz (Previously Amazon Fresh, Packaging May Vary)</p><p> -56% 0FF </p><p>$0.71 ($0.05 / Ounce)</p><a href="https://www.amazon.com/dp/B0BZJNJTYV?tag=eloabder-20&linkCode=osi&th=1&psc=1">View Product</a></div><div class="product"><a href="https://www.amazon.com/dp/B078T19Y9X?tag=eloabder-20&linkCode=osi&th=1&psc=1"><img src="https://m.media-amazon.com/images/I/51z+piSY1JL._SL500_.jpg" alt="Product Image"></a><p>DEL MONTE Sweet Peas Canned Vegetables, 12 Pack, 15 oz Can</p><p> -36% 0FF </p><p>$10.08 ($0.06 / Ounce)</p><a href="https://www.amazon.com/dp/B078T19Y9X?tag=eloabder-20&linkCode=osi&th=1&psc=1">View Product</a></div>
<div class="product"><a href="https://www.amazon.com/dp/B00GDVBHU2?tag=eloabder-20&linkCode=osi&th=1&psc=1"><img src="https://m.media-amazon.com/images/I/51BjG0g4q5L._SL500_.jpg" alt="Product Image"></a><p>Blue Diamond Almonds, Raw Whole Natural, 16 Ounce</p><p> -12% 0FF </p><p>$5.99 ($0.37 / Ounce)</p><a href="https://www.amazon.com/dp/B00GDVBHU2?tag=eloabder-20&linkCode=osi&th=1&psc=1">View Product</a></div>

<div class="product"><a href="https://www.amazon.com/dp/B07W1WKDSC?tag=eloabder-20&linkCode=osi&th=1&psc=1"><img src="https://m.media-amazon.com/images/I/31nTopuj99L._SL500_.jpg" alt="Product Image"></a><p>Amazon Grocery, Basil Leaves, 0.95 Oz (Previously Happy Belly, Packaging May Vary)</p><p> -17% 0FF </p><p>$1.59 ($1.67 / Ounce)</p><a href="https://www.amazon.com/dp/B07W1WKDSC?tag=eloabder-20&linkCode=osi&th=1&psc=1">View Product</a></div>


<div class="product"><a href="https://www.amazon.com/dp/B0025W9A5C?tag=eloabder-20&linkCode=osi&th=1&psc=1"><img src="https://m.media-amazon.com/images/I/51Oz8SNo83L._SL500_.jpg" alt="Product Image"></a><p>Nature Valley Crunchy Oats 'n Honey Granola Bars, 60 Bars, 44.7 OZ (30 Pouches)</p><p> -33% 0FF </p><p>$7.49 ($0.17 / Ounce)</p><a href="https://www.amazon.com/dp/B0025W9A5C?tag=eloabder-20&linkCode=osi&th=1&psc=1">View Product</a></div><div class="product"><a href="https://www.amazon.com/dp/B01MRZZ3KC?tag=eloabder-20&linkCode=osi&th=1&psc=1"><img src="https://m.media-amazon.com/images/I/512IgtvlLyL._SL500_.jpg" alt="Product Image"></a><p>Quaker Chewy Granola Bars, Chocolate Chip, 58 Count - Packaging May Vary</p><p> -9% 0FF </p><p>$11.19 ($0.23 / Ounce)</p><a href="https://www.amazon.com/dp/B01MRZZ3KC?tag=eloabder-20&linkCode=osi&th=1&psc=1">View Product</a></div><div class="product"><a href="https://www.amazon.com/dp/B00GHPC47O?tag=eloabder-20&linkCode=osi&th=1&psc=1"><img src="https://m.media-amazon.com/images/I/51YsdKn53VS._SL500_.jpg" alt="Product Image"></a><p>Quaker Chewy Granola Bars, Variety Pack, 18 Count</p><p> -20% 0FF </p><p>$3.97 ($0.26 / Ounce)</p><a href="https://www.amazon.com/dp/B00GHPC47O?tag=eloabder-20&linkCode=osi&th=1&psc=1">View Product</a></div><div class="product"><a href="https://www.amazon.com/dp/B0D9R1BMJR?tag=eloabder-20&linkCode=osi&th=1&psc=1"><img src="https://m.media-amazon.com/images/I/51ksmfNpCJL._SL500_.jpg" alt="Product Image"></a><p>Quaker Chewy Granola Bars, Chewy & Dipps Variety Pack, (58 Bars), Whole Grains, No Artificial Flavors, No Added Colors</p><p> -31% 0FF </p><p>$11.87 ($0.22 / Ounce)</p><a href="https://www.amazon.com/dp/B0D9R1BMJR?tag=eloabder-20&linkCode=osi&th=1&psc=1">View Product</a></div><div class="product"><a href="https://www.amazon.com/dp/B077KYKYKN?tag=eloabder-20&linkCode=osi&th=1&psc=1"><img src="https://m.media-amazon.com/images/I/51qz85lOK2S._SL500_.jpg" alt="Product Image"></a><p>Quaker Chewy Lower Sugar Granola Bars, Chocolate Chip, 58 Count</p><p> -35% 0FF </p><p>$11.19 ($0.23 / Ounce)</p><a href="https://www.amazon.com/dp/B077KYKYKN?tag=eloabder-20&linkCode=osi&th=1&psc=1">View Product</a></div>
<div class="product"><a href="https://www.amazon.com/dp/B07VVGKHLH?tag=eloabder-20&linkCode=osi&th=1&psc=1"><img src="https://m.media-amazon.com/images/I/31hbAFlUK6L._SL500_.jpg" alt="Product Image"></a><p>Amazon Grocery, Garlic Powder, 3.9 Oz (Previously Happy Belly, Packaging May Vary)</p><p> -17% 0FF </p><p>$1.30 ($0.33 / Ounce)</p><a href="https://www.amazon.com/dp/B07VVGKHLH?tag=eloabder-20&linkCode=osi&th=1&psc=1">View Product</a></div>
<div class="product"><a href="https://www.amazon.com/dp/B000WHSD5A?tag=eloabder-20&linkCode=osi&th=1&psc=1"><img src="https://m.media-amazon.com/images/I/41QwGSr0+IL._SL500_.jpg" alt="Product Image"></a><p>Heinz Tomato Ketchup, 20 oz Bottle</p><p> -36% 0FF </p><p>$2.23 ($0.11 / Ounce)</p><a href="https://www.amazon.com/dp/B000WHSD5A?tag=eloabder-20&linkCode=osi&th=1&psc=1">View Product</a></div><div class="product"><a href="https://www.amazon.com/dp/B0005YKO8E?tag=eloabder-20&linkCode=osi&th=1&psc=1"><img src="https://m.media-amazon.com/images/I/41AFhgJ5V7L._SL500_.jpg" alt="Product Image"></a><p>Heinz Tomato Ketchup, 14 oz Bottle</p><p> -36% 0FF </p><p>$1.56 ($0.11 / Ounce)</p><a href="https://www.amazon.com/dp/B0005YKO8E?tag=eloabder-20&linkCode=osi&th=1&psc=1">View Product</a></div><div class="product"><a href="https://www.amazon.com/dp/B01B2OVUAG?tag=eloabder-20&linkCode=osi&th=1&psc=1"><img src="https://m.media-amazon.com/images/I/41gaLzbBsDL._SL500_.jpg" alt="Product Image"></a><p>Heinz Organic Tomato Ketchup, 32 oz Bottle</p><p> -47% 0FF </p><p>$3.67 ($0.11 / Ounce)</p><a href="https://www.amazon.com/dp/B01B2OVUAG?tag=eloabder-20&linkCode=osi&th=1&psc=1">View Product</a></div>
<div class="product"><a href="https://www.amazon.com/dp/B015UBV4N0?tag=eloabder-20&linkCode=osi&th=1&psc=1"><img src="https://m.media-amazon.com/images/I/51NRndhNwoL._SL500_.jpg" alt="Product Image"></a><p>Crofters Organic Premium Spread, Strawberry, 16.5 oz</p><p> -20% 0FF </p><p>$4.96 ($0.30 / oz)</p><a href="https://www.amazon.com/dp/B015UBV4N0?tag=eloabder-20&linkCode=osi&th=1&psc=1">View Product</a></div>
<div class="product"><a href="https://www.amazon.com/dp/B097RW44HZ?tag=eloabder-20&linkCode=osi&th=1&psc=1"><img src="https://m.media-amazon.com/images/I/51OhVkU8+PL._SL500_.jpg" alt="Product Image"></a><p>Apexy Jelly Fruit Candy – Assorted Fruit Flavors, Halloween Treat Juicy Chewy Gel Snacks, Kids & Adults Party Favors, Fun Treats for Goodie Bags & Events 46.9oz (1330g)</p><p> -7% 0FF </p><p>$12.99 ($0.28 / Ounce)</p><a href="https://www.amazon.com/dp/B097RW44HZ?tag=eloabder-20&linkCode=osi&th=1&psc=1">View Product</a></div><div class="product"><a href="https://www.amazon.com/dp/B00099XN56?tag=eloabder-20&linkCode=osi&th=1&psc=1"><img src="https://m.media-amazon.com/images/I/41twfbi883L._SL500_.jpg" alt="Product Image"></a><p>Smucker's Jelly, Mixed Fruit, 12 oz (340 g)</p><p> -11% 0FF </p><p>$9.94 ($0.83 / Ounce)</p><a href="https://www.amazon.com/dp/B00099XN56?tag=eloabder-20&linkCode=osi&th=1&psc=1">View Product</a></div>
<div class="product"><a href="https://www.amazon.com/dp/B0005Z6ZK4?tag=eloabder-20&linkCode=osi&th=1&psc=1"><img src="https://m.media-amazon.com/images/I/31dtADxAZbL._SL500_.jpg" alt="Product Image"></a><p>Nutella Hazelnut Spread with Cocoa, Creamy Hazelnut Spread, Breakfast Favorite, 13 oz Jar</p><p> -30% 0FF </p><p>$3.48 ($0.27 / Ounce)</p><a href="https://www.amazon.com/dp/B0005Z6ZK4?tag=eloabder-20&linkCode=osi&th=1&psc=1">View Product</a></div><div class="product"><a href="https://www.amazon.com/dp/B09PN9S9D4?tag=eloabder-20&linkCode=osi&th=1&psc=1"><img src="https://m.media-amazon.com/images/I/41VpA06vqaL._SL500_.jpg" alt="Product Image"></a><p>Amazon Grocery, Hazelnut Spread With Cocoa, 26.5 Oz (Previously Amazon Fresh, Packaging May Vary)</p><p> -17% 0FF </p><p>$4.12 ($0.16 / Ounce)</p><a href="https://www.amazon.com/dp/B09PN9S9D4?tag=eloabder-20&linkCode=osi&th=1&psc=1">View Product</a></div>
<div class="product"><a href="https://www.amazon.com/dp/B0052BFNLS?tag=eloabder-20&linkCode=osi&th=1&psc=1"><img src="https://m.media-amazon.com/images/I/31Tfk-0-ybL._SL500_.jpg" alt="Product Image"></a><p>Pompeian Gourmet Red Wine Vinegar, Naturally Gluten-Free, 30 Fl Oz</p><p> -5% 0FF </p><p>$5.33 ($0.18 / Fl Oz)</p><a href="https://www.amazon.com/dp/B0052BFNLS?tag=eloabder-20&linkCode=osi&th=1&psc=1">View Product</a></div><div class="product"><a href="https://www.amazon.com/dp/B005AYB38O?tag=eloabder-20&linkCode=osi&th=1&psc=1"><img src="https://m.media-amazon.com/images/I/31tJRcbnsfL._SL500_.jpg" alt="Product Image"></a><p>Napa Valley Naturals Organic Red Wine Vinegar, 12.7 Ounces</p><p> -51% 0FF </p><p>$5.50 ($0.43 / Ounce)</p><a href="https://www.amazon.com/dp/B005AYB38O?tag=eloabder-20&linkCode=osi&th=1&psc=1">View Product</a></div><div class="product"><a href="https://www.amazon.com/dp/B00H1CJG00?tag=eloabder-20&linkCode=osi&th=1&psc=1"><img src="https://m.media-amazon.com/images/I/31pl1n1OONL._SL500_.jpg" alt="Product Image"></a><p>Colavita Wine Vinegar - Red Wine Vinegar, 17 Fl Oz</p><p> -21% 0FF </p><p>$9.51 ($0.56 / Fl Oz)</p><a href="https://www.amazon.com/dp/B00H1CJG00?tag=eloabder-20&linkCode=osi&th=1&psc=1">View Product</a></div>









<div class="product"><a href="https://www.amazon.com/dp/B074H5ZHFH?tag=eloabder-20&linkCode=osi&th=1&psc=1"><img src="https://m.media-amazon.com/images/I/410ymBds87L._SL500_.jpg" alt="Product Image"></a><p>365 by Whole Foods Market, Organic Penne Rigate, 16 Ounce</p><p> -10% 0FF </p><p>$1.97 ($0.12 / Ounce)</p><a href="https://www.amazon.com/dp/B074H5ZHFH?tag=eloabder-20&linkCode=osi&th=1&psc=1">View Product</a></div><div class="product"><a href="https://www.amazon.com/dp/B007MNYZ2M?tag=eloabder-20&linkCode=osi&th=1&psc=1"><img src="https://m.media-amazon.com/images/I/41dAZBCU7kS._SL500_.jpg" alt="Product Image"></a><p>Rummo Italian Pasta Penne Rigate No. 66, Always Al Dente (1lb Package)</p><p> -32% 0FF </p><p>$7.12 ($0.44 / Ounce)</p><a href="https://www.amazon.com/dp/B007MNYZ2M?tag=eloabder-20&linkCode=osi&th=1&psc=1">View Product</a></div><div class="product"><a href="https://www.amazon.com/dp/B07NSRQYNP?tag=eloabder-20&linkCode=osi&th=1&psc=1"><img src="https://m.media-amazon.com/images/I/413HwweC7iL._SL500_.jpg" alt="Product Image"></a><p>Rao's Homemade Penne Pasta, 16oz, Traditionally Crafted, Premium Quality, From Durum Semolina Flour, Traditional Bronze Die Cut, Imported from Italy</p><p> -24% 0FF </p><p>$2.18 ($0.14 / Fl Oz)</p><a href="https://www.amazon.com/dp/B07NSRQYNP?tag=eloabder-20&linkCode=osi&th=1&psc=1">View Product</a></div>
<div class="product"><a href="https://www.amazon.com/dp/B00112UBOG?tag=eloabder-20&linkCode=osi&th=1&psc=1"><img src="https://m.media-amazon.com/images/I/51coh9-N5gL._SL500_.jpg" alt="Product Image"></a><p>RiceSelect Arborio Rice for Italian Risotto, Premium Gluten-Free Rice, Non-GMO, 32-Ounce Jar, (Pack of 1)</p><p> -21% 0FF </p><p>$5.99 ($0.19 / Ounces)</p><a href="https://www.amazon.com/dp/B00112UBOG?tag=eloabder-20&linkCode=osi&th=1&psc=1">View Product</a></div>


<div class="product"><a href="https://www.amazon.com/dp/B0BZB9D92K?tag=eloabder-20&linkCode=osi&th=1&psc=1"><img src="https://m.media-amazon.com/images/I/41q74mciXOL._SL500_.jpg" alt="Product Image"></a><p>Amazon Grocery, Canned Pinto Beans, 15.5 Oz (Previously Amazon Fresh, Packaging May Vary)</p><p> -34% 0FF </p><p>$0.55 ($0.04 / Ounce)</p><a href="https://www.amazon.com/dp/B0BZB9D92K?tag=eloabder-20&linkCode=osi&th=1&psc=1">View Product</a></div>
<div class="product"><a href="https://www.amazon.com/dp/B0BZJNJTYV?tag=eloabder-20&linkCode=osi&th=1&psc=1"><img src="https://m.media-amazon.com/images/I/41lSsx2pjSL._SL500_.jpg" alt="Product Image"></a><p>Amazon Grocery, Sweet Peas, 15 Oz (Previously Amazon Fresh, Packaging May Vary)</p><p> -56% 0FF </p><p>$0.71 ($0.05 / Ounce)</p><a href="https://www.amazon.com/dp/B0BZJNJTYV?tag=eloabder-20&linkCode=osi&th=1&psc=1">View Product</a></div><div class="product"><a href="https://www.amazon.com/dp/B078T19Y9X?tag=eloabder-20&linkCode=osi&th=1&psc=1"><img src="https://m.media-amazon.com/images/I/51z+piSY1JL._SL500_.jpg" alt="Product Image"></a><p>DEL MONTE Sweet Peas Canned Vegetables, 12 Pack, 15 oz Can</p><p> -36% 0FF </p><p>$10.08 ($0.06 / Ounce)</p><a href="https://www.amazon.com/dp/B078T19Y9X?tag=eloabder-20&linkCode=osi&th=1&psc=1">View Product</a></div>
<div class="product"><a href="https://www.amazon.com/dp/B00GDVBHU2?tag=eloabder-20&linkCode=osi&th=1&psc=1"><img src="https://m.media-amazon.com/images/I/51BjG0g4q5L._SL500_.jpg" alt="Product Image"></a><p>Blue Diamond Almonds, Raw Whole Natural, 16 Ounce</p><p> -12% 0FF </p><p>$5.99 ($0.37 / Ounce)</p><a href="https://www.amazon.com/dp/B00GDVBHU2?tag=eloabder-20&linkCode=osi&th=1&psc=1">View Product</a></div>

<div class="product"><a href="https://www.amazon.com/dp/B07W1WKDSC?tag=eloabder-20&linkCode=osi&th=1&psc=1"><img src="https://m.media-amazon.com/images/I/31nTopuj99L._SL500_.jpg" alt="Product Image"></a><p>Amazon Grocery, Basil Leaves, 0.95 Oz (Previously Happy Belly, Packaging May Vary)</p><p> -17% 0FF </p><p>$1.59 ($1.67 / Ounce)</p><a href="https://www.amazon.com/dp/B07W1WKDSC?tag=eloabder-20&linkCode=osi&th=1&psc=1">View Product</a></div>

<div class="product"><a href="https://www.amazon.com/dp/B07VXL2JRG?tag=eloabder-20&linkCode=osi&th=1&psc=1"><img src="https://m.media-amazon.com/images/I/31ou5P5dqeL._SL500_.jpg" alt="Product Image"></a><p>Amazon Grocery, Ground Cumin, 2.6 Oz (Previously Happy Belly, Packaging May Vary)</p><p> -17% 0FF </p><p>$1.16 ($0.45 / Ounce)</p><a href="https://www.amazon.com/dp/B07VXL2JRG?tag=eloabder-20&linkCode=osi&th=1&psc=1">View Product</a></div>

<div class="product"><a href="https://www.amazon.com/dp/B0025W9A5C?tag=eloabder-20&linkCode=osi&th=1&psc=1"><img src="https://m.media-amazon.com/images/I/51Oz8SNo83L._SL500_.jpg" alt="Product Image"></a><p>Nature Valley Crunchy Oats 'n Honey Granola Bars, 60 Bars, 44.7 OZ (30 Pouches)</p><p> -33% 0FF </p><p>$7.49 ($0.17 / Ounce)</p><a href="https://www.amazon.com/dp/B0025W9A5C?tag=eloabder-20&linkCode=osi&th=1&psc=1">View Product</a></div><div class="product"><a href="https://www.amazon.com/dp/B01MRZZ3KC?tag=eloabder-20&linkCode=osi&th=1&psc=1"><img src="https://m.media-amazon.com/images/I/512IgtvlLyL._SL500_.jpg" alt="Product Image"></a><p>Quaker Chewy Granola Bars, Chocolate Chip, 58 Count - Packaging May Vary</p><p> -9% 0FF </p><p>$11.19 ($0.23 / Ounce)</p><a href="https://www.amazon.com/dp/B01MRZZ3KC?tag=eloabder-20&linkCode=osi&th=1&psc=1">View Product</a></div><div class="product"><a href="https://www.amazon.com/dp/B00GHPC47O?tag=eloabder-20&linkCode=osi&th=1&psc=1"><img src="https://m.media-amazon.com/images/I/51YsdKn53VS._SL500_.jpg" alt="Product Image"></a><p>Quaker Chewy Granola Bars, Variety Pack, 18 Count</p><p> -20% 0FF </p><p>$3.97 ($0.26 / Ounce)</p><a href="https://www.amazon.com/dp/B00GHPC47O?tag=eloabder-20&linkCode=osi&th=1&psc=1">View Product</a></div><div class="product"><a href="https://www.amazon.com/dp/B0D9R1BMJR?tag=eloabder-20&linkCode=osi&th=1&psc=1"><img src="https://m.media-amazon.com/images/I/51ksmfNpCJL._SL500_.jpg" alt="Product Image"></a><p>Quaker Chewy Granola Bars, Chewy & Dipps Variety Pack, (58 Bars), Whole Grains, No Artificial Flavors, No Added Colors</p><p> -31% 0FF </p><p>$11.87 ($0.22 / Ounce)</p><a href="https://www.amazon.com/dp/B0D9R1BMJR?tag=eloabder-20&linkCode=osi&th=1&psc=1">View Product</a></div><div class="product"><a href="https://www.amazon.com/dp/B077KYKYKN?tag=eloabder-20&linkCode=osi&th=1&psc=1"><img src="https://m.media-amazon.com/images/I/51qz85lOK2S._SL500_.jpg" alt="Product Image"></a><p>Quaker Chewy Lower Sugar Granola Bars, Chocolate Chip, 58 Count</p><p> -35% 0FF </p><p>$11.19 ($0.23 / Ounce)</p><a href="https://www.amazon.com/dp/B077KYKYKN?tag=eloabder-20&linkCode=osi&th=1&psc=1">View Product</a></div>
<div class="product"><a href="https://www.amazon.com/dp/B07VVGKHLH?tag=eloabder-20&linkCode=osi&th=1&psc=1"><img src="https://m.media-amazon.com/images/I/31hbAFlUK6L._SL500_.jpg" alt="Product Image"></a><p>Amazon Grocery, Garlic Powder, 3.9 Oz (Previously Happy Belly, Packaging May Vary)</p><p> -17% 0FF </p><p>$1.30 ($0.33 / Ounce)</p><a href="https://www.amazon.com/dp/B07VVGKHLH?tag=eloabder-20&linkCode=osi&th=1&psc=1">View Product</a></div>
<div class="product"><a href="https://www.amazon.com/dp/B000WHSD5A?tag=eloabder-20&linkCode=osi&th=1&psc=1"><img src="https://m.media-amazon.com/images/I/41QwGSr0+IL._SL500_.jpg" alt="Product Image"></a><p>Heinz Tomato Ketchup, 20 oz Bottle</p><p> -36% 0FF </p><p>$2.23 ($0.11 / Ounce)</p><a href="https://www.amazon.com/dp/B000WHSD5A?tag=eloabder-20&linkCode=osi&th=1&psc=1">View Product</a></div><div class="product"><a href="https://www.amazon.com/dp/B0005YKO8E?tag=eloabder-20&linkCode=osi&th=1&psc=1"><img src="https://m.media-amazon.com/images/I/41AFhgJ5V7L._SL500_.jpg" alt="Product Image"></a><p>Heinz Tomato Ketchup, 14 oz Bottle</p><p> -36% 0FF </p><p>$1.56 ($0.11 / Ounce)</p><a href="https://www.amazon.com/dp/B0005YKO8E?tag=eloabder-20&linkCode=osi&th=1&psc=1">View Product</a></div><div class="product"><a href="https://www.amazon.com/dp/B01B2OVUAG?tag=eloabder-20&linkCode=osi&th=1&psc=1"><img src="https://m.media-amazon.com/images/I/41gaLzbBsDL._SL500_.jpg" alt="Product Image"></a><p>Heinz Organic Tomato Ketchup, 32 oz Bottle</p><p> -47% 0FF </p><p>$3.67 ($0.11 / Ounce)</p><a href="https://www.amazon.com/dp/B01B2OVUAG?tag=eloabder-20&linkCode=osi&th=1&psc=1">View Product</a></div>
<div class="product"><a href="https://www.amazon.com/dp/B015UBV4N0?tag=eloabder-20&linkCode=osi&th=1&psc=1"><img src="https://m.media-amazon.com/images/I/51NRndhNwoL._SL500_.jpg" alt="Product Image"></a><p>Crofters Organic Premium Spread, Strawberry, 16.5 oz</p><p> -20% 0FF </p><p>$4.96 ($0.30 / oz)</p><a href="https://www.amazon.com/dp/B015UBV4N0?tag=eloabder-20&linkCode=osi&th=1&psc=1">View Product</a></div>
<div class="product"><a href="https://www.amazon.com/dp/B097RW44HZ?tag=eloabder-20&linkCode=osi&th=1&psc=1"><img src="https://m.media-amazon.com/images/I/51OhVkU8+PL._SL500_.jpg" alt="Product Image"></a><p>Apexy Jelly Fruit Candy – Assorted Fruit Flavors, Halloween Treat Juicy Chewy Gel Snacks, Kids & Adults Party Favors, Fun Treats for Goodie Bags & Events 46.9oz (1330g)</p><p> -7% 0FF </p><p>$12.99 ($0.28 / Ounce)</p><a href="https://www.amazon.com/dp/B097RW44HZ?tag=eloabder-20&linkCode=osi&th=1&psc=1">View Product</a></div><div class="product"><a href="https://www.amazon.com/dp/B00099XN56?tag=eloabder-20&linkCode=osi&th=1&psc=1"><img src="https://m.media-amazon.com/images/I/41twfbi883L._SL500_.jpg" alt="Product Image"></a><p>Smucker's Jelly, Mixed Fruit, 12 oz (340 g)</p><p> -11% 0FF </p><p>$9.94 ($0.83 / Ounce)</p><a href="https://www.amazon.com/dp/B00099XN56?tag=eloabder-20&linkCode=osi&th=1&psc=1">View Product</a></div>
<div class="product"><a href="https://www.amazon.com/dp/B0005Z6ZK4?tag=eloabder-20&linkCode=osi&th=1&psc=1"><img src="https://m.media-amazon.com/images/I/31dtADxAZbL._SL500_.jpg" alt="Product Image"></a><p>Nutella Hazelnut Spread with Cocoa, Creamy Hazelnut Spread, Breakfast Favorite, 13 oz Jar</p><p> -30% 0FF </p><p>$3.48 ($0.27 / Ounce)</p><a href="https://www.amazon.com/dp/B0005Z6ZK4?tag=eloabder-20&linkCode=osi&th=1&psc=1">View Product</a></div><div class="product"><a href="https://www.amazon.com/dp/B09PN9S9D4?tag=eloabder-20&linkCode=osi&th=1&psc=1"><img src="https://m.media-amazon.com/images/I/41VpA06vqaL._SL500_.jpg" alt="Product Image"></a><p>Amazon Grocery, Hazelnut Spread With Cocoa, 26.5 Oz (Previously Amazon Fresh, Packaging May Vary)</p><p> -17% 0FF </p><p>$4.12 ($0.16 / Ounce)</p><a href="https://www.amazon.com/dp/B09PN9S9D4?tag=eloabder-20&linkCode=osi&th=1&psc=1">View Product</a></div>
<div class="product"><a href="https://www.amazon.com/dp/B0052BFNLS?tag=eloabder-20&linkCode=osi&th=1&psc=1"><img src="https://m.media-amazon.com/images/I/31Tfk-0-ybL._SL500_.jpg" alt="Product Image"></a><p>Pompeian Gourmet Red Wine Vinegar, Naturally Gluten-Free, 30 Fl Oz</p><p> -5% 0FF </p><p>$5.33 ($0.18 / Fl Oz)</p><a href="https://www.amazon.com/dp/B0052BFNLS?tag=eloabder-20&linkCode=osi&th=1&psc=1">View Product</a></div><div class="product"><a href="https://www.amazon.com/dp/B005AYB38O?tag=eloabder-20&linkCode=osi&th=1&psc=1"><img src="https://m.media-amazon.com/images/I/31tJRcbnsfL._SL500_.jpg" alt="Product Image"></a><p>Napa Valley Naturals Organic Red Wine Vinegar, 12.7 Ounces</p><p> -51% 0FF </p><p>$5.50 ($0.43 / Ounce)</p><a href="https://www.amazon.com/dp/B005AYB38O?tag=eloabder-20&linkCode=osi&th=1&psc=1">View Product</a></div><div class="product"><a href="https://www.amazon.com/dp/B00H1CJG00?tag=eloabder-20&linkCode=osi&th=1&psc=1"><img src="https://m.media-amazon.com/images/I/31pl1n1OONL._SL500_.jpg" alt="Product Image"></a><p>Colavita Wine Vinegar - Red Wine Vinegar, 17 Fl Oz</p><p> -21% 0FF </p><p>$9.51 ($0.56 / Fl Oz)</p><a href="https://www.amazon.com/dp/B00H1CJG00?tag=eloabder-20&linkCode=osi&th=1&psc=1">View Product</a></div>









<div class="product"><a href="https://www.amazon.com/dp/B074H5ZHFH?tag=eloabder-20&linkCode=osi&th=1&psc=1"><img src="https://m.media-amazon.com/images/I/410ymBds87L._SL500_.jpg" alt="Product Image"></a><p>365 by Whole Foods Market, Organic Penne Rigate, 16 Ounce</p><p> -10% 0FF </p><p>$1.97 ($0.12 / Ounce)</p><a href="https://www.amazon.com/dp/B074H5ZHFH?tag=eloabder-20&linkCode=osi&th=1&psc=1">View Product</a></div><div class="product"><a href="https://www.amazon.com/dp/B007MNYZ2M?tag=eloabder-20&linkCode=osi&th=1&psc=1"><img src="https://m.media-amazon.com/images/I/41dAZBCU7kS._SL500_.jpg" alt="Product Image"></a><p>Rummo Italian Pasta Penne Rigate No. 66, Always Al Dente (1lb Package)</p><p> -32% 0FF </p><p>$7.12 ($0.44 / Ounce)</p><a href="https://www.amazon.com/dp/B007MNYZ2M?tag=eloabder-20&linkCode=osi&th=1&psc=1">View Product</a></div><div class="product"><a href="https://www.amazon.com/dp/B07NSRQYNP?tag=eloabder-20&linkCode=osi&th=1&psc=1"><img src="https://m.media-amazon.com/images/I/413HwweC7iL._SL500_.jpg" alt="Product Image"></a><p>Rao's Homemade Penne Pasta, 16oz, Traditionally Crafted, Premium Quality, From Durum Semolina Flour, Traditional Bronze Die Cut, Imported from Italy</p><p> -24% 0FF </p><p>$2.18 ($0.14 / Fl Oz)</p><a href="https://www.amazon.com/dp/B07NSRQYNP?tag=eloabder-20&linkCode=osi&th=1&psc=1">View Product</a></div>
<div class="product"><a href="https://www.amazon.com/dp/B00112UBOG?tag=eloabder-20&linkCode=osi&th=1&psc=1"><img src="https://m.media-amazon.com/images/I/51coh9-N5gL._SL500_.jpg" alt="Product Image"></a><p>RiceSelect Arborio Rice for Italian Risotto, Premium Gluten-Free Rice, Non-GMO, 32-Ounce Jar, (Pack of 1)</p><p> -21% 0FF </p><p>$5.99 ($0.19 / Ounces)</p><a href="https://www.amazon.com/dp/B00112UBOG?tag=eloabder-20&linkCode=osi&th=1&psc=1">View Product</a></div>


<div class="product"><a href="https://www.amazon.com/dp/B0BZB9D92K?tag=eloabder-20&linkCode=osi&th=1&psc=1"><img src="https://m.media-amazon.com/images/I/41q74mciXOL._SL500_.jpg" alt="Product Image"></a><p>Amazon Grocery, Canned Pinto Beans, 15.5 Oz (Previously Amazon Fresh, Packaging May Vary)</p><p> -34% 0FF </p><p>$0.55 ($0.04 / Ounce)</p><a href="https://www.amazon.com/dp/B0BZB9D92K?tag=eloabder-20&linkCode=osi&th=1&psc=1">View Product</a></div>
<div class="product"><a href="https://www.amazon.com/dp/B0BZJNJTYV?tag=eloabder-20&linkCode=osi&th=1&psc=1"><img src="https://m.media-amazon.com/images/I/41lSsx2pjSL._SL500_.jpg" alt="Product Image"></a><p>Amazon Grocery, Sweet Peas, 15 Oz (Previously Amazon Fresh, Packaging May Vary)</p><p> -56% 0FF </p><p>$0.71 ($0.05 / Ounce)</p><a href="https://www.amazon.com/dp/B0BZJNJTYV?tag=eloabder-20&linkCode=osi&th=1&psc=1">View Product</a></div><div class="product"><a href="https://www.amazon.com/dp/B078T19Y9X?tag=eloabder-20&linkCode=osi&th=1&psc=1"><img src="https://m.media-amazon.com/images/I/51z+piSY1JL._SL500_.jpg" alt="Product Image"></a><p>DEL MONTE Sweet Peas Canned Vegetables, 12 Pack, 15 oz Can</p><p> -36% 0FF </p><p>$10.08 ($0.06 / Ounce)</p><a href="https://www.amazon.com/dp/B078T19Y9X?tag=eloabder-20&linkCode=osi&th=1&psc=1">View Product</a></div>
<div class="product"><a href="https://www.amazon.com/dp/B00GDVBHU2?tag=eloabder-20&linkCode=osi&th=1&psc=1"><img src="https://m.media-amazon.com/images/I/51BjG0g4q5L._SL500_.jpg" alt="Product Image"></a><p>Blue Diamond Almonds, Raw Whole Natural, 16 Ounce</p><p> -12% 0FF </p><p>$5.99 ($0.37 / Ounce)</p><a href="https://www.amazon.com/dp/B00GDVBHU2?tag=eloabder-20&linkCode=osi&th=1&psc=1">View Product</a></div>

<div class="product"><a href="https://www.amazon.com/dp/B07W1WKDSC?tag=eloabder-20&linkCode=osi&th=1&psc=1"><img src="https://m.media-amazon.com/images/I/31nTopuj99L._SL500_.jpg" alt="Product Image"></a><p>Amazon Grocery, Basil Leaves, 0.95 Oz (Previously Happy Belly, Packaging May Vary)</p><p> -17% 0FF </p><p>$1.59 ($1.67 / Ounce)</p><a href="https://www.amazon.com/dp/B07W1WKDSC?tag=eloabder-20&linkCode=osi&th=1&psc=1">View Product</a></div>

<div class="product"><a href="https://www.amazon.com/dp/B07VXL2JRG?tag=eloabder-20&linkCode=osi&th=1&psc=1"><img src="https://m.media-amazon.com/images/I/31ou5P5dqeL._SL500_.jpg" alt="Product Image"></a><p>Amazon Grocery, Ground Cumin, 2.6 Oz (Previously Happy Belly, Packaging May Vary)</p><p> -17% 0FF </p><p>$1.16 ($0.45 / Ounce)</p><a href="https://www.amazon.com/dp/B07VXL2JRG?tag=eloabder-20&linkCode=osi&th=1&psc=1">View Product</a></div>


<div class="product"><a href="https://www.amazon.com/dp/B0025W9A5C?tag=eloabder-20&linkCode=osi&th=1&psc=1"><img src="https://m.media-amazon.com/images/I/51Oz8SNo83L._SL500_.jpg" alt="Product Image"></a><p>Nature Valley Crunchy Oats 'n Honey Granola Bars, 60 Bars, 44.7 OZ (30 Pouches)</p><p> -33% 0FF </p><p>$7.49 ($0.17 / Ounce)</p><a href="https://www.amazon.com/dp/B0025W9A5C?tag=eloabder-20&linkCode=osi&th=1&psc=1">View Product</a></div><div class="product"><a href="https://www.amazon.com/dp/B01MRZZ3KC?tag=eloabder-20&linkCode=osi&th=1&psc=1"><img src="https://m.media-amazon.com/images/I/512IgtvlLyL._SL500_.jpg" alt="Product Image"></a><p>Quaker Chewy Granola Bars, Chocolate Chip, 58 Count - Packaging May Vary</p><p> -9% 0FF </p><p>$11.19 ($0.23 / Ounce)</p><a href="https://www.amazon.com/dp/B01MRZZ3KC?tag=eloabder-20&linkCode=osi&th=1&psc=1">View Product</a></div><div class="product"><a href="https://www.amazon.com/dp/B00GHPC47O?tag=eloabder-20&linkCode=osi&th=1&psc=1"><img src="https://m.media-amazon.com/images/I/51YsdKn53VS._SL500_.jpg" alt="Product Image"></a><p>Quaker Chewy Granola Bars, Variety Pack, 18 Count</p><p> -20% 0FF </p><p>$3.97 ($0.26 / Ounce)</p><a href="https://www.amazon.com/dp/B00GHPC47O?tag=eloabder-20&linkCode=osi&th=1&psc=1">View Product</a></div><div class="product"><a href="https://www.amazon.com/dp/B0D9R1BMJR?tag=eloabder-20&linkCode=osi&th=1&psc=1"><img src="https://m.media-amazon.com/images/I/51ksmfNpCJL._SL500_.jpg" alt="Product Image"></a><p>Quaker Chewy Granola Bars, Chewy & Dipps Variety Pack, (58 Bars), Whole Grains, No Artificial Flavors, No Added Colors</p><p> -31% 0FF </p><p>$11.87 ($0.22 / Ounce)</p><a href="https://www.amazon.com/dp/B0D9R1BMJR?tag=eloabder-20&linkCode=osi&th=1&psc=1">View Product</a></div><div class="product"><a href="https://www.amazon.com/dp/B077KYKYKN?tag=eloabder-20&linkCode=osi&th=1&psc=1"><img src="https://m.media-amazon.com/images/I/51qz85lOK2S._SL500_.jpg" alt="Product Image"></a><p>Quaker Chewy Lower Sugar Granola Bars, Chocolate Chip, 58 Count</p><p> -35% 0FF </p><p>$11.19 ($0.23 / Ounce)</p><a href="https://www.amazon.com/dp/B077KYKYKN?tag=eloabder-20&linkCode=osi&th=1&psc=1">View Product</a></div>
<div class="product"><a href="https://www.amazon.com/dp/B07VVGKHLH?tag=eloabder-20&linkCode=osi&th=1&psc=1"><img src="https://m.media-amazon.com/images/I/31hbAFlUK6L._SL500_.jpg" alt="Product Image"></a><p>Amazon Grocery, Garlic Powder, 3.9 Oz (Previously Happy Belly, Packaging May Vary)</p><p> -17% 0FF </p><p>$1.30 ($0.33 / Ounce)</p><a href="https://www.amazon.com/dp/B07VVGKHLH?tag=eloabder-20&linkCode=osi&th=1&psc=1">View Product</a></div>
<div class="product"><a href="https://www.amazon.com/dp/B000WHSD5A?tag=eloabder-20&linkCode=osi&th=1&psc=1"><img src="https://m.media-amazon.com/images/I/41QwGSr0+IL._SL500_.jpg" alt="Product Image"></a><p>Heinz Tomato Ketchup, 20 oz Bottle</p><p> -36% 0FF </p><p>$2.23 ($0.11 / Ounce)</p><a href="https://www.amazon.com/dp/B000WHSD5A?tag=eloabder-20&linkCode=osi&th=1&psc=1">View Product</a></div><div class="product"><a href="https://www.amazon.com/dp/B0005YKO8E?tag=eloabder-20&linkCode=osi&th=1&psc=1"><img src="https://m.media-amazon.com/images/I/41AFhgJ5V7L._SL500_.jpg" alt="Product Image"></a><p>Heinz Tomato Ketchup, 14 oz Bottle</p><p> -36% 0FF </p><p>$1.56 ($0.11 / Ounce)</p><a href="https://www.amazon.com/dp/B0005YKO8E?tag=eloabder-20&linkCode=osi&th=1&psc=1">View Product</a></div><div class="product"><a href="https://www.amazon.com/dp/B01B2OVUAG?tag=eloabder-20&linkCode=osi&th=1&psc=1"><img src="https://m.media-amazon.com/images/I/41gaLzbBsDL._SL500_.jpg" alt="Product Image"></a><p>Heinz Organic Tomato Ketchup, 32 oz Bottle</p><p> -47% 0FF </p><p>$3.67 ($0.11 / Ounce)</p><a href="https://www.amazon.com/dp/B01B2OVUAG?tag=eloabder-20&linkCode=osi&th=1&psc=1">View Product</a></div>
<div class="product"><a href="https://www.amazon.com/dp/B015UBV4N0?tag=eloabder-20&linkCode=osi&th=1&psc=1"><img src="https://m.media-amazon.com/images/I/51NRndhNwoL._SL500_.jpg" alt="Product Image"></a><p>Crofters Organic Premium Spread, Strawberry, 16.5 oz</p><p> -20% 0FF </p><p>$4.96 ($0.30 / oz)</p><a href="https://www.amazon.com/dp/B015UBV4N0?tag=eloabder-20&linkCode=osi&th=1&psc=1">View Product</a></div>
<div class="product"><a href="https://www.amazon.com/dp/B097RW44HZ?tag=eloabder-20&linkCode=osi&th=1&psc=1"><img src="https://m.media-amazon.com/images/I/51OhVkU8+PL._SL500_.jpg" alt="Product Image"></a><p>Apexy Jelly Fruit Candy – Assorted Fruit Flavors, Halloween Treat Juicy Chewy Gel Snacks, Kids & Adults Party Favors, Fun Treats for Goodie Bags & Events 46.9oz (1330g)</p><p> -7% 0FF </p><p>$12.99 ($0.28 / Ounce)</p><a href="https://www.amazon.com/dp/B097RW44HZ?tag=eloabder-20&linkCode=osi&th=1&psc=1">View Product</a></div><div class="product"><a href="https://www.amazon.com/dp/B00099XN56?tag=eloabder-20&linkCode=osi&th=1&psc=1"><img src="https://m.media-amazon.com/images/I/41twfbi883L._SL500_.jpg" alt="Product Image"></a><p>Smucker's Jelly, Mixed Fruit, 12 oz (340 g)</p><p> -11% 0FF </p><p>$9.94 ($0.83 / Ounce)</p><a href="https://www.amazon.com/dp/B00099XN56?tag=eloabder-20&linkCode=osi&th=1&psc=1">View Product</a></div>
<div class="product"><a href="https://www.amazon.com/dp/B0005Z6ZK4?tag=eloabder-20&linkCode=osi&th=1&psc=1"><img src="https://m.media-amazon.com/images/I/31dtADxAZbL._SL500_.jpg" alt="Product Image"></a><p>Nutella Hazelnut Spread with Cocoa, Creamy Hazelnut Spread, Breakfast Favorite, 13 oz Jar</p><p> -30% 0FF </p><p>$3.48 ($0.27 / Ounce)</p><a href="https://www.amazon.com/dp/B0005Z6ZK4?tag=eloabder-20&linkCode=osi&th=1&psc=1">View Product</a></div><div class="product"><a href="https://www.amazon.com/dp/B09PN9S9D4?tag=eloabder-20&linkCode=osi&th=1&psc=1"><img src="https://m.media-amazon.com/images/I/41VpA06vqaL._SL500_.jpg" alt="Product Image"></a><p>Amazon Grocery, Hazelnut Spread With Cocoa, 26.5 Oz (Previously Amazon Fresh, Packaging May Vary)</p><p> -17% 0FF </p><p>$4.12 ($0.16 / Ounce)</p><a href="https://www.amazon.com/dp/B09PN9S9D4?tag=eloabder-20&linkCode=osi&th=1&psc=1">View Product</a></div>
<div class="product"><a href="https://www.amazon.com/dp/B0052BFNLS?tag=eloabder-20&linkCode=osi&th=1&psc=1"><img src="https://m.media-amazon.com/images/I/31Tfk-0-ybL._SL500_.jpg" alt="Product Image"></a><p>Pompeian Gourmet Red Wine Vinegar, Naturally Gluten-Free, 30 Fl Oz</p><p> -5% 0FF </p><p>$5.33 ($0.18 / Fl Oz)</p><a href="https://www.amazon.com/dp/B0052BFNLS?tag=eloabder-20&linkCode=osi&th=1&psc=1">View Product</a></div><div class="product"><a href="https://www.amazon.com/dp/B005AYB38O?tag=eloabder-20&linkCode=osi&th=1&psc=1"><img src="https://m.media-amazon.com/images/I/31tJRcbnsfL._SL500_.jpg" alt="Product Image"></a><p>Napa Valley Naturals Organic Red Wine Vinegar, 12.7 Ounces</p><p> -51% 0FF </p><p>$5.50 ($0.43 / Ounce)</p><a href="https://www.amazon.com/dp/B005AYB38O?tag=eloabder-20&linkCode=osi&th=1&psc=1">View Product</a></div><div class="product"><a href="https://www.amazon.com/dp/B00H1CJG00?tag=eloabder-20&linkCode=osi&th=1&psc=1"><img src="https://m.media-amazon.com/images/I/31pl1n1OONL._SL500_.jpg" alt="Product Image"></a><p>Colavita Wine Vinegar - Red Wine Vinegar, 17 Fl Oz</p><p> -21% 0FF </p><p>$9.51 ($0.56 / Fl Oz)</p><a href="https://www.amazon.com/dp/B00H1CJG00?tag=eloabder-20&linkCode=osi&th=1&psc=1">View Product</a></div>









<div class="product"><a href="https://www.amazon.com/dp/B074H5ZHFH?tag=eloabder-20&linkCode=osi&th=1&psc=1"><img src="https://m.media-amazon.com/images/I/410ymBds87L._SL500_.jpg" alt="Product Image"></a><p>365 by Whole Foods Market, Organic Penne Rigate, 16 Ounce</p><p> -10% 0FF </p><p>$1.97 ($0.12 / Ounce)</p><a href="https://www.amazon.com/dp/B074H5ZHFH?tag=eloabder-20&linkCode=osi&th=1&psc=1">View Product</a></div><div class="product"><a href="https://www.amazon.com/dp/B007MNYZ2M?tag=eloabder-20&linkCode=osi&th=1&psc=1"><img src="https://m.media-amazon.com/images/I/41dAZBCU7kS._SL500_.jpg" alt="Product Image"></a><p>Rummo Italian Pasta Penne Rigate No. 66, Always Al Dente (1lb Package)</p><p> -32% 0FF </p><p>$7.12 ($0.44 / Ounce)</p><a href="https://www.amazon.com/dp/B007MNYZ2M?tag=eloabder-20&linkCode=osi&th=1&psc=1">View Product</a></div><div class="product"><a href="https://www.amazon.com/dp/B07NSRQYNP?tag=eloabder-20&linkCode=osi&th=1&psc=1"><img src="https://m.media-amazon.com/images/I/413HwweC7iL._SL500_.jpg" alt="Product Image"></a><p>Rao's Homemade Penne Pasta, 16oz, Traditionally Crafted, Premium Quality, From Durum Semolina Flour, Traditional Bronze Die Cut, Imported from Italy</p><p> -24% 0FF </p><p>$2.18 ($0.14 / Fl Oz)</p><a href="https://www.amazon.com/dp/B07NSRQYNP?tag=eloabder-20&linkCode=osi&th=1&psc=1">View Product</a></div>
<div class="product"><a href="https://www.amazon.com/dp/B00112UBOG?tag=eloabder-20&linkCode=osi&th=1&psc=1"><img src="https://m.media-amazon.com/images/I/51coh9-N5gL._SL500_.jpg" alt="Product Image"></a><p>RiceSelect Arborio Rice for Italian Risotto, Premium Gluten-Free Rice, Non-GMO, 32-Ounce Jar, (Pack of 1)</p><p> -21% 0FF </p><p>$5.99 ($0.19 / Ounces)</p><a href="https://www.amazon.com/dp/B00112UBOG?tag=eloabder-20&linkCode=osi&th=1&psc=1">View Product</a></div>


<div class="product"><a href="https://www.amazon.com/dp/B0BZB9D92K?tag=eloabder-20&linkCode=osi&th=1&psc=1"><img src="https://m.media-amazon.com/images/I/41q74mciXOL._SL500_.jpg" alt="Product Image"></a><p>Amazon Grocery, Canned Pinto Beans, 15.5 Oz (Previously Amazon Fresh, Packaging May Vary)</p><p> -34% 0FF </p><p>$0.55 ($0.04 / Ounce)</p><a href="https://www.amazon.com/dp/B0BZB9D92K?tag=eloabder-20&linkCode=osi&th=1&psc=1">View Product</a></div>
<div class="product"><a href="https://www.amazon.com/dp/B0BZJNJTYV?tag=eloabder-20&linkCode=osi&th=1&psc=1"><img src="https://m.media-amazon.com/images/I/41lSsx2pjSL._SL500_.jpg" alt="Product Image"></a><p>Amazon Grocery, Sweet Peas, 15 Oz (Previously Amazon Fresh, Packaging May Vary)</p><p> -56% 0FF </p><p>$0.71 ($0.05 / Ounce)</p><a href="https://www.amazon.com/dp/B0BZJNJTYV?tag=eloabder-20&linkCode=osi&th=1&psc=1">View Product</a></div><div class="product"><a href="https://www.amazon.com/dp/B078T19Y9X?tag=eloabder-20&linkCode=osi&th=1&psc=1"><img src="https://m.media-amazon.com/images/I/51z+piSY1JL._SL500_.jpg" alt="Product Image"></a><p>DEL MONTE Sweet Peas Canned Vegetables, 12 Pack, 15 oz Can</p><p> -36% 0FF </p><p>$10.08 ($0.06 / Ounce)</p><a href="https://www.amazon.com/dp/B078T19Y9X?tag=eloabder-20&linkCode=osi&th=1&psc=1">View Product</a></div>
<div class="product"><a href="https://www.amazon.com/dp/B00GDVBHU2?tag=eloabder-20&linkCode=osi&th=1&psc=1"><img src="https://m.media-amazon.com/images/I/51BjG0g4q5L._SL500_.jpg" alt="Product Image"></a><p>Blue Diamond Almonds, Raw Whole Natural, 16 Ounce</p><p> -12% 0FF </p><p>$5.99 ($0.37 / Ounce)</p><a href="https://www.amazon.com/dp/B00GDVBHU2?tag=eloabder-20&linkCode=osi&th=1&psc=1">View Product</a></div>

<div class="product"><a href="https://www.amazon.com/dp/B07W1WKDSC?tag=eloabder-20&linkCode=osi&th=1&psc=1"><img src="https://m.media-amazon.com/images/I/31nTopuj99L._SL500_.jpg" alt="Product Image"></a><p>Amazon Grocery, Basil Leaves, 0.95 Oz (Previously Happy Belly, Packaging May Vary)</p><p> -17% 0FF </p><p>$1.59 ($1.67 / Ounce)</p><a href="https://www.amazon.com/dp/B07W1WKDSC?tag=eloabder-20&linkCode=osi&th=1&psc=1">View Product</a></div>

<div class="product"><a href="https://www.amazon.com/dp/B07VXL2JRG?tag=eloabder-20&linkCode=osi&th=1&psc=1"><img src="https://m.media-amazon.com/images/I/31ou5P5dqeL._SL500_.jpg" alt="Product Image"></a><p>Amazon Grocery, Ground Cumin, 2.6 Oz (Previously Happy Belly, Packaging May Vary)</p><p> -17% 0FF </p><p>$1.16 ($0.45 / Ounce)</p><a href="https://www.amazon.com/dp/B07VXL2JRG?tag=eloabder-20&linkCode=osi&th=1&psc=1">View Product</a></div>

<div class="product"><a href="https://www.amazon.com/dp/B07P8M5ZT1?tag=eloabder-20&linkCode=osi&th=1&psc=1"><img src="https://m.media-amazon.com/images/I/31+0qVbfagL._SL500_.jpg" alt="Product Image"></a><p>Amazon Grocery, Olive Oil, Medium Flavor, 16.9 Fl Oz (Previously Amazon Fresh, Packaging May Vary)</p><p> -17% 0FF </p><p>$4.50 ($0.27 / Ounce)</p><a href="https://www.amazon.com/dp/B07P8M5ZT1?tag=eloabder-20&linkCode=osi&th=1&psc=1">View Product</a></div>

<div class="product"><a href="https://www.amazon.com/dp/B0025W9A5C?tag=eloabder-20&linkCode=osi&th=1&psc=1"><img src="https://m.media-amazon.com/images/I/51Oz8SNo83L._SL500_.jpg" alt="Product Image"></a><p>Nature Valley Crunchy Oats 'n Honey Granola Bars, 60 Bars, 44.7 OZ (30 Pouches)</p><p> -33% 0FF </p><p>$7.49 ($0.17 / Ounce)</p><a href="https://www.amazon.com/dp/B0025W9A5C?tag=eloabder-20&linkCode=osi&th=1&psc=1">View Product</a></div><div class="product"><a href="https://www.amazon.com/dp/B01MRZZ3KC?tag=eloabder-20&linkCode=osi&th=1&psc=1"><img src="https://m.media-amazon.com/images/I/512IgtvlLyL._SL500_.jpg" alt="Product Image"></a><p>Quaker Chewy Granola Bars, Chocolate Chip, 58 Count - Packaging May Vary</p><p> -9% 0FF </p><p>$11.19 ($0.23 / Ounce)</p><a href="https://www.amazon.com/dp/B01MRZZ3KC?tag=eloabder-20&linkCode=osi&th=1&psc=1">View Product</a></div><div class="product"><a href="https://www.amazon.com/dp/B00GHPC47O?tag=eloabder-20&linkCode=osi&th=1&psc=1"><img src="https://m.media-amazon.com/images/I/51YsdKn53VS._SL500_.jpg" alt="Product Image"></a><p>Quaker Chewy Granola Bars, Variety Pack, 18 Count</p><p> -20% 0FF </p><p>$3.97 ($0.26 / Ounce)</p><a href="https://www.amazon.com/dp/B00GHPC47O?tag=eloabder-20&linkCode=osi&th=1&psc=1">View Product</a></div><div class="product"><a href="https://www.amazon.com/dp/B0D9R1BMJR?tag=eloabder-20&linkCode=osi&th=1&psc=1"><img src="https://m.media-amazon.com/images/I/51ksmfNpCJL._SL500_.jpg" alt="Product Image"></a><p>Quaker Chewy Granola Bars, Chewy & Dipps Variety Pack, (58 Bars), Whole Grains, No Artificial Flavors, No Added Colors</p><p> -31% 0FF </p><p>$11.87 ($0.22 / Ounce)</p><a href="https://www.amazon.com/dp/B0D9R1BMJR?tag=eloabder-20&linkCode=osi&th=1&psc=1">View Product</a></div><div class="product"><a href="https://www.amazon.com/dp/B077KYKYKN?tag=eloabder-20&linkCode=osi&th=1&psc=1"><img src="https://m.media-amazon.com/images/I/51qz85lOK2S._SL500_.jpg" alt="Product Image"></a><p>Quaker Chewy Lower Sugar Granola Bars, Chocolate Chip, 58 Count</p><p> -35% 0FF </p><p>$11.19 ($0.23 / Ounce)</p><a href="https://www.amazon.com/dp/B077KYKYKN?tag=eloabder-20&linkCode=osi&th=1&psc=1">View Product</a></div>
<div class="product"><a href="https://www.amazon.com/dp/B07VVGKHLH?tag=eloabder-20&linkCode=osi&th=1&psc=1"><img src="https://m.media-amazon.com/images/I/31hbAFlUK6L._SL500_.jpg" alt="Product Image"></a><p>Amazon Grocery, Garlic Powder, 3.9 Oz (Previously Happy Belly, Packaging May Vary)</p><p> -17% 0FF </p><p>$1.30 ($0.33 / Ounce)</p><a href="https://www.amazon.com/dp/B07VVGKHLH?tag=eloabder-20&linkCode=osi&th=1&psc=1">View Product</a></div>
<div class="product"><a href="https://www.amazon.com/dp/B000WHSD5A?tag=eloabder-20&linkCode=osi&th=1&psc=1"><img src="https://m.media-amazon.com/images/I/41QwGSr0+IL._SL500_.jpg" alt="Product Image"></a><p>Heinz Tomato Ketchup, 20 oz Bottle</p><p> -36% 0FF </p><p>$2.23 ($0.11 / Ounce)</p><a href="https://www.amazon.com/dp/B000WHSD5A?tag=eloabder-20&linkCode=osi&th=1&psc=1">View Product</a></div><div class="product"><a href="https://www.amazon.com/dp/B0005YKO8E?tag=eloabder-20&linkCode=osi&th=1&psc=1"><img src="https://m.media-amazon.com/images/I/41AFhgJ5V7L._SL500_.jpg" alt="Product Image"></a><p>Heinz Tomato Ketchup, 14 oz Bottle</p><p> -36% 0FF </p><p>$1.56 ($0.11 / Ounce)</p><a href="https://www.amazon.com/dp/B0005YKO8E?tag=eloabder-20&linkCode=osi&th=1&psc=1">View Product</a></div><div class="product"><a href="https://www.amazon.com/dp/B01B2OVUAG?tag=eloabder-20&linkCode=osi&th=1&psc=1"><img src="https://m.media-amazon.com/images/I/41gaLzbBsDL._SL500_.jpg" alt="Product Image"></a><p>Heinz Organic Tomato Ketchup, 32 oz Bottle</p><p> -47% 0FF </p><p>$3.67 ($0.11 / Ounce)</p><a href="https://www.amazon.com/dp/B01B2OVUAG?tag=eloabder-20&linkCode=osi&th=1&psc=1">View Product</a></div>
<div class="product"><a href="https://www.amazon.com/dp/B015UBV4N0?tag=eloabder-20&linkCode=osi&th=1&psc=1"><img src="https://m.media-amazon.com/images/I/51NRndhNwoL._SL500_.jpg" alt="Product Image"></a><p>Crofters Organic Premium Spread, Strawberry, 16.5 oz</p><p> -20% 0FF </p><p>$4.96 ($0.30 / oz)</p><a href="https://www.amazon.com/dp/B015UBV4N0?tag=eloabder-20&linkCode=osi&th=1&psc=1">View Product</a></div>
<div class="product"><a href="https://www.amazon.com/dp/B097RW44HZ?tag=eloabder-20&linkCode=osi&th=1&psc=1"><img src="https://m.media-amazon.com/images/I/51OhVkU8+PL._SL500_.jpg" alt="Product Image"></a><p>Apexy Jelly Fruit Candy – Assorted Fruit Flavors, Halloween Treat Juicy Chewy Gel Snacks, Kids & Adults Party Favors, Fun Treats for Goodie Bags & Events 46.9oz (1330g)</p><p> -7% 0FF </p><p>$12.99 ($0.28 / Ounce)</p><a href="https://www.amazon.com/dp/B097RW44HZ?tag=eloabder-20&linkCode=osi&th=1&psc=1">View Product</a></div><div class="product"><a href="https://www.amazon.com/dp/B00099XN56?tag=eloabder-20&linkCode=osi&th=1&psc=1"><img src="https://m.media-amazon.com/images/I/41twfbi883L._SL500_.jpg" alt="Product Image"></a><p>Smucker's Jelly, Mixed Fruit, 12 oz (340 g)</p><p> -11% 0FF </p><p>$9.94 ($0.83 / Ounce)</p><a href="https://www.amazon.com/dp/B00099XN56?tag=eloabder-20&linkCode=osi&th=1&psc=1">View Product</a></div>
<div class="product"><a href="https://www.amazon.com/dp/B0005Z6ZK4?tag=eloabder-20&linkCode=osi&th=1&psc=1"><img src="https://m.media-amazon.com/images/I/31dtADxAZbL._SL500_.jpg" alt="Product Image"></a><p>Nutella Hazelnut Spread with Cocoa, Creamy Hazelnut Spread, Breakfast Favorite, 13 oz Jar</p><p> -30% 0FF </p><p>$3.48 ($0.27 / Ounce)</p><a href="https://www.amazon.com/dp/B0005Z6ZK4?tag=eloabder-20&linkCode=osi&th=1&psc=1">View Product</a></div><div class="product"><a href="https://www.amazon.com/dp/B09PN9S9D4?tag=eloabder-20&linkCode=osi&th=1&psc=1"><img src="https://m.media-amazon.com/images/I/41VpA06vqaL._SL500_.jpg" alt="Product Image"></a><p>Amazon Grocery, Hazelnut Spread With Cocoa, 26.5 Oz (Previously Amazon Fresh, Packaging May Vary)</p><p> -17% 0FF </p><p>$4.12 ($0.16 / Ounce)</p><a href="https://www.amazon.com/dp/B09PN9S9D4?tag=eloabder-20&linkCode=osi&th=1&psc=1">View Product</a></div>
<div class="product"><a href="https://www.amazon.com/dp/B0052BFNLS?tag=eloabder-20&linkCode=osi&th=1&psc=1"><img src="https://m.media-amazon.com/images/I/31Tfk-0-ybL._SL500_.jpg" alt="Product Image"></a><p>Pompeian Gourmet Red Wine Vinegar, Naturally Gluten-Free, 30 Fl Oz</p><p> -5% 0FF </p><p>$5.33 ($0.18 / Fl Oz)</p><a href="https://www.amazon.com/dp/B0052BFNLS?tag=eloabder-20&linkCode=osi&th=1&psc=1">View Product</a></div><div class="product"><a href="https://www.amazon.com/dp/B005AYB38O?tag=eloabder-20&linkCode=osi&th=1&psc=1"><img src="https://m.media-amazon.com/images/I/31tJRcbnsfL._SL500_.jpg" alt="Product Image"></a><p>Napa Valley Naturals Organic Red Wine Vinegar, 12.7 Ounces</p><p> -51% 0FF </p><p>$5.50 ($0.43 / Ounce)</p><a href="https://www.amazon.com/dp/B005AYB38O?tag=eloabder-20&linkCode=osi&th=1&psc=1">View Product</a></div><div class="product"><a href="https://www.amazon.com/dp/B00H1CJG00?tag=eloabder-20&linkCode=osi&th=1&psc=1"><img src="https://m.media-amazon.com/images/I/31pl1n1OONL._SL500_.jpg" alt="Product Image"></a><p>Colavita Wine Vinegar - Red Wine Vinegar, 17 Fl Oz</p><p> -21% 0FF </p><p>$9.51 ($0.56 / Fl Oz)</p><a href="https://www.amazon.com/dp/B00H1CJG00?tag=eloabder-20&linkCode=osi&th=1&psc=1">View Product</a></div>









<div class="product"><a href="https://www.amazon.com/dp/B074H5ZHFH?tag=eloabder-20&linkCode=osi&th=1&psc=1"><img src="https://m.media-amazon.com/images/I/410ymBds87L._SL500_.jpg" alt="Product Image"></a><p>365 by Whole Foods Market, Organic Penne Rigate, 16 Ounce</p><p> -10% 0FF </p><p>$1.97 ($0.12 / Ounce)</p><a href="https://www.amazon.com/dp/B074H5ZHFH?tag=eloabder-20&linkCode=osi&th=1&psc=1">View Product</a></div><div class="product"><a href="https://www.amazon.com/dp/B007MNYZ2M?tag=eloabder-20&linkCode=osi&th=1&psc=1"><img src="https://m.media-amazon.com/images/I/41dAZBCU7kS._SL500_.jpg" alt="Product Image"></a><p>Rummo Italian Pasta Penne Rigate No. 66, Always Al Dente (1lb Package)</p><p> -32% 0FF </p><p>$7.12 ($0.44 / Ounce)</p><a href="https://www.amazon.com/dp/B007MNYZ2M?tag=eloabder-20&linkCode=osi&th=1&psc=1">View Product</a></div><div class="product"><a href="https://www.amazon.com/dp/B07NSRQYNP?tag=eloabder-20&linkCode=osi&th=1&psc=1"><img src="https://m.media-amazon.com/images/I/413HwweC7iL._SL500_.jpg" alt="Product Image"></a><p>Rao's Homemade Penne Pasta, 16oz, Traditionally Crafted, Premium Quality, From Durum Semolina Flour, Traditional Bronze Die Cut, Imported from Italy</p><p> -24% 0FF </p><p>$2.18 ($0.14 / Fl Oz)</p><a href="https://www.amazon.com/dp/B07NSRQYNP?tag=eloabder-20&linkCode=osi&th=1&psc=1">View Product</a></div>
<div class="product"><a href="https://www.amazon.com/dp/B00112UBOG?tag=eloabder-20&linkCode=osi&th=1&psc=1"><img src="https://m.media-amazon.com/images/I/51coh9-N5gL._SL500_.jpg" alt="Product Image"></a><p>RiceSelect Arborio Rice for Italian Risotto, Premium Gluten-Free Rice, Non-GMO, 32-Ounce Jar, (Pack of 1)</p><p> -21% 0FF </p><p>$5.99 ($0.19 / Ounces)</p><a href="https://www.amazon.com/dp/B00112UBOG?tag=eloabder-20&linkCode=osi&th=1&psc=1">View Product</a></div>


<div class="product"><a href="https://www.amazon.com/dp/B0BZB9D92K?tag=eloabder-20&linkCode=osi&th=1&psc=1"><img src="https://m.media-amazon.com/images/I/41q74mciXOL._SL500_.jpg" alt="Product Image"></a><p>Amazon Grocery, Canned Pinto Beans, 15.5 Oz (Previously Amazon Fresh, Packaging May Vary)</p><p> -34% 0FF </p><p>$0.55 ($0.04 / Ounce)</p><a href="https://www.amazon.com/dp/B0BZB9D92K?tag=eloabder-20&linkCode=osi&th=1&psc=1">View Product</a></div>
<div class="product"><a href="https://www.amazon.com/dp/B0BZJNJTYV?tag=eloabder-20&linkCode=osi&th=1&psc=1"><img src="https://m.media-amazon.com/images/I/41lSsx2pjSL._SL500_.jpg" alt="Product Image"></a><p>Amazon Grocery, Sweet Peas, 15 Oz (Previously Amazon Fresh, Packaging May Vary)</p><p> -56% 0FF </p><p>$0.71 ($0.05 / Ounce)</p><a href="https://www.amazon.com/dp/B0BZJNJTYV?tag=eloabder-20&linkCode=osi&th=1&psc=1">View Product</a></div><div class="product"><a href="https://www.amazon.com/dp/B078T19Y9X?tag=eloabder-20&linkCode=osi&th=1&psc=1"><img src="https://m.media-amazon.com/images/I/51z+piSY1JL._SL500_.jpg" alt="Product Image"></a><p>DEL MONTE Sweet Peas Canned Vegetables, 12 Pack, 15 oz Can</p><p> -36% 0FF </p><p>$10.08 ($0.06 / Ounce)</p><a href="https://www.amazon.com/dp/B078T19Y9X?tag=eloabder-20&linkCode=osi&th=1&psc=1">View Product</a></div>
<div class="product"><a href="https://www.amazon.com/dp/B00GDVBHU2?tag=eloabder-20&linkCode=osi&th=1&psc=1"><img src="https://m.media-amazon.com/images/I/51BjG0g4q5L._SL500_.jpg" alt="Product Image"></a><p>Blue Diamond Almonds, Raw Whole Natural, 16 Ounce</p><p> -12% 0FF </p><p>$5.99 ($0.37 / Ounce)</p><a href="https://www.amazon.com/dp/B00GDVBHU2?tag=eloabder-20&linkCode=osi&th=1&psc=1">View Product</a></div>

<div class="product"><a href="https://www.amazon.com/dp/B07W1WKDSC?tag=eloabder-20&linkCode=osi&th=1&psc=1"><img src="https://m.media-amazon.com/images/I/31nTopuj99L._SL500_.jpg" alt="Product Image"></a><p>Amazon Grocery, Basil Leaves, 0.95 Oz (Previously Happy Belly, Packaging May Vary)</p><p> -17% 0FF </p><p>$1.59 ($1.67 / Ounce)</p><a href="https://www.amazon.com/dp/B07W1WKDSC?tag=eloabder-20&linkCode=osi&th=1&psc=1">View Product</a></div>

<div class="product"><a href="https://www.amazon.com/dp/B07VXL2JRG?tag=eloabder-20&linkCode=osi&th=1&psc=1"><img src="https://m.media-amazon.com/images/I/31ou5P5dqeL._SL500_.jpg" alt="Product Image"></a><p>Amazon Grocery, Ground Cumin, 2.6 Oz (Previously Happy Belly, Packaging May Vary)</p><p> -17% 0FF </p><p>$1.16 ($0.45 / Ounce)</p><a href="https://www.amazon.com/dp/B07VXL2JRG?tag=eloabder-20&linkCode=osi&th=1&psc=1">View Product</a></div>

<div class="product"><a href="https://www.amazon.com/dp/B07P8M5ZT1?tag=eloabder-20&linkCode=osi&th=1&psc=1"><img src="https://m.media-amazon.com/images/I/31+0qVbfagL._SL500_.jpg" alt="Product Image"></a><p>Amazon Grocery, Olive Oil, Medium Flavor, 16.9 Fl Oz (Previously Amazon Fresh, Packaging May Vary)</p><p> -17% 0FF </p><p>$4.50 ($0.27 / Ounce)</p><a href="https://www.amazon.com/dp/B07P8M5ZT1?tag=eloabder-20&linkCode=osi&th=1&psc=1">View Product</a></div>
<div class="product"><a href="https://www.amazon.com/dp/B00IY5HREA?tag=eloabder-20&linkCode=osi&th=1&psc=1"><img src="https://m.media-amazon.com/images/I/31n5MDrL-QL._SL500_.jpg" alt="Product Image"></a><p>Colavita Balsamic Vinegar of Modena, 17 Ounce Bottle</p><p> -9% 0FF </p><p>$4.22 ($0.25 / Fl Oz)</p><a href="https://www.amazon.com/dp/B00IY5HREA?tag=eloabder-20&linkCode=osi&th=1&psc=1">View Product</a></div><div class="product"><a href="https://www.amazon.com/dp/B0FHNXDWYB?tag=eloabder-20&linkCode=osi&th=1&psc=1"><img src="https://m.media-amazon.com/images/I/41AJ0vvzsSL._SL500_.jpg" alt="Product Image"></a><p>Paolo Natural Orange Balsamic Vinegar, Artisan Crafted, 36-Month Oak Barrel Aged, Sweet & Sour Flavor for Salad Dressings, Pasta, Desserts, Glass Bottle, 5.40 fl oz (160ml)</p><p> -9% 0FF </p><p>$29.99 ($5.55 / Fl Oz)</p><a href="https://www.amazon.com/dp/B0FHNXDWYB?tag=eloabder-20&linkCode=osi&th=1&psc=1">View Product</a></div>

<div class="product"><a href="https://www.amazon.com/dp/B0025W9A5C?tag=eloabder-20&linkCode=osi&th=1&psc=1"><img src="https://m.media-amazon.com/images/I/51Oz8SNo83L._SL500_.jpg" alt="Product Image"></a><p>Nature Valley Crunchy Oats 'n Honey Granola Bars, 60 Bars, 44.7 OZ (30 Pouches)</p><p> -33% 0FF </p><p>$7.49 ($0.17 / Ounce)</p><a href="https://www.amazon.com/dp/B0025W9A5C?tag=eloabder-20&linkCode=osi&th=1&psc=1">View Product</a></div><div class="product"><a href="https://www.amazon.com/dp/B01MRZZ3KC?tag=eloabder-20&linkCode=osi&th=1&psc=1"><img src="https://m.media-amazon.com/images/I/512IgtvlLyL._SL500_.jpg" alt="Product Image"></a><p>Quaker Chewy Granola Bars, Chocolate Chip, 58 Count - Packaging May Vary</p><p> -9% 0FF </p><p>$11.19 ($0.23 / Ounce)</p><a href="https://www.amazon.com/dp/B01MRZZ3KC?tag=eloabder-20&linkCode=osi&th=1&psc=1">View Product</a></div><div class="product"><a href="https://www.amazon.com/dp/B00GHPC47O?tag=eloabder-20&linkCode=osi&th=1&psc=1"><img src="https://m.media-amazon.com/images/I/51YsdKn53VS._SL500_.jpg" alt="Product Image"></a><p>Quaker Chewy Granola Bars, Variety Pack, 18 Count</p><p> -20% 0FF </p><p>$3.97 ($0.26 / Ounce)</p><a href="https://www.amazon.com/dp/B00GHPC47O?tag=eloabder-20&linkCode=osi&th=1&psc=1">View Product</a></div><div class="product"><a href="https://www.amazon.com/dp/B0D9R1BMJR?tag=eloabder-20&linkCode=osi&th=1&psc=1"><img src="https://m.media-amazon.com/images/I/51ksmfNpCJL._SL500_.jpg" alt="Product Image"></a><p>Quaker Chewy Granola Bars, Chewy & Dipps Variety Pack, (58 Bars), Whole Grains, No Artificial Flavors, No Added Colors</p><p> -31% 0FF </p><p>$11.87 ($0.22 / Ounce)</p><a href="https://www.amazon.com/dp/B0D9R1BMJR?tag=eloabder-20&linkCode=osi&th=1&psc=1">View Product</a></div><div class="product"><a href="https://www.amazon.com/dp/B077KYKYKN?tag=eloabder-20&linkCode=osi&th=1&psc=1"><img src="https://m.media-amazon.com/images/I/51qz85lOK2S._SL500_.jpg" alt="Product Image"></a><p>Quaker Chewy Lower Sugar Granola Bars, Chocolate Chip, 58 Count</p><p> -35% 0FF </p><p>$11.19 ($0.23 / Ounce)</p><a href="https://www.amazon.com/dp/B077KYKYKN?tag=eloabder-20&linkCode=osi&th=1&psc=1">View Product</a></div>
<div class="product"><a href="https://www.amazon.com/dp/B07VVGKHLH?tag=eloabder-20&linkCode=osi&th=1&psc=1"><img src="https://m.media-amazon.com/images/I/31hbAFlUK6L._SL500_.jpg" alt="Product Image"></a><p>Amazon Grocery, Garlic Powder, 3.9 Oz (Previously Happy Belly, Packaging May Vary)</p><p> -17% 0FF </p><p>$1.30 ($0.33 / Ounce)</p><a href="https://www.amazon.com/dp/B07VVGKHLH?tag=eloabder-20&linkCode=osi&th=1&psc=1">View Product</a></div>
<div class="product"><a href="https://www.amazon.com/dp/B000WHSD5A?tag=eloabder-20&linkCode=osi&th=1&psc=1"><img src="https://m.media-amazon.com/images/I/41QwGSr0+IL._SL500_.jpg" alt="Product Image"></a><p>Heinz Tomato Ketchup, 20 oz Bottle</p><p> -36% 0FF </p><p>$2.23 ($0.11 / Ounce)</p><a href="https://www.amazon.com/dp/B000WHSD5A?tag=eloabder-20&linkCode=osi&th=1&psc=1">View Product</a></div><div class="product"><a href="https://www.amazon.com/dp/B0005YKO8E?tag=eloabder-20&linkCode=osi&th=1&psc=1"><img src="https://m.media-amazon.com/images/I/41AFhgJ5V7L._SL500_.jpg" alt="Product Image"></a><p>Heinz Tomato Ketchup, 14 oz Bottle</p><p> -36% 0FF </p><p>$1.56 ($0.11 / Ounce)</p><a href="https://www.amazon.com/dp/B0005YKO8E?tag=eloabder-20&linkCode=osi&th=1&psc=1">View Product</a></div><div class="product"><a href="https://www.amazon.com/dp/B01B2OVUAG?tag=eloabder-20&linkCode=osi&th=1&psc=1"><img src="https://m.media-amazon.com/images/I/41gaLzbBsDL._SL500_.jpg" alt="Product Image"></a><p>Heinz Organic Tomato Ketchup, 32 oz Bottle</p><p> -47% 0FF </p><p>$3.67 ($0.11 / Ounce)</p><a href="https://www.amazon.com/dp/B01B2OVUAG?tag=eloabder-20&linkCode=osi&th=1&psc=1">View Product</a></div>
<div class="product"><a href="https://www.amazon.com/dp/B015UBV4N0?tag=eloabder-20&linkCode=osi&th=1&psc=1"><img src="https://m.media-amazon.com/images/I/51NRndhNwoL._SL500_.jpg" alt="Product Image"></a><p>Crofters Organic Premium Spread, Strawberry, 16.5 oz</p><p> -20% 0FF </p><p>$4.96 ($0.30 / oz)</p><a href="https://www.amazon.com/dp/B015UBV4N0?tag=eloabder-20&linkCode=osi&th=1&psc=1">View Product</a></div>
<div class="product"><a href="https://www.amazon.com/dp/B097RW44HZ?tag=eloabder-20&linkCode=osi&th=1&psc=1"><img src="https://m.media-amazon.com/images/I/51OhVkU8+PL._SL500_.jpg" alt="Product Image"></a><p>Apexy Jelly Fruit Candy – Assorted Fruit Flavors, Halloween Treat Juicy Chewy Gel Snacks, Kids & Adults Party Favors, Fun Treats for Goodie Bags & Events 46.9oz (1330g)</p><p> -7% 0FF </p><p>$12.99 ($0.28 / Ounce)</p><a href="https://www.amazon.com/dp/B097RW44HZ?tag=eloabder-20&linkCode=osi&th=1&psc=1">View Product</a></div><div class="product"><a href="https://www.amazon.com/dp/B00099XN56?tag=eloabder-20&linkCode=osi&th=1&psc=1"><img src="https://m.media-amazon.com/images/I/41twfbi883L._SL500_.jpg" alt="Product Image"></a><p>Smucker's Jelly, Mixed Fruit, 12 oz (340 g)</p><p> -11% 0FF </p><p>$9.94 ($0.83 / Ounce)</p><a href="https://www.amazon.com/dp/B00099XN56?tag=eloabder-20&linkCode=osi&th=1&psc=1">View Product</a></div>
<div class="product"><a href="https://www.amazon.com/dp/B0005Z6ZK4?tag=eloabder-20&linkCode=osi&th=1&psc=1"><img src="https://m.media-amazon.com/images/I/31dtADxAZbL._SL500_.jpg" alt="Product Image"></a><p>Nutella Hazelnut Spread with Cocoa, Creamy Hazelnut Spread, Breakfast Favorite, 13 oz Jar</p><p> -30% 0FF </p><p>$3.48 ($0.27 / Ounce)</p><a href="https://www.amazon.com/dp/B0005Z6ZK4?tag=eloabder-20&linkCode=osi&th=1&psc=1">View Product</a></div><div class="product"><a href="https://www.amazon.com/dp/B09PN9S9D4?tag=eloabder-20&linkCode=osi&th=1&psc=1"><img src="https://m.media-amazon.com/images/I/41VpA06vqaL._SL500_.jpg" alt="Product Image"></a><p>Amazon Grocery, Hazelnut Spread With Cocoa, 26.5 Oz (Previously Amazon Fresh, Packaging May Vary)</p><p> -17% 0FF </p><p>$4.12 ($0.16 / Ounce)</p><a href="https://www.amazon.com/dp/B09PN9S9D4?tag=eloabder-20&linkCode=osi&th=1&psc=1">View Product</a></div>
<div class="product"><a href="https://www.amazon.com/dp/B0052BFNLS?tag=eloabder-20&linkCode=osi&th=1&psc=1"><img src="https://m.media-amazon.com/images/I/31Tfk-0-ybL._SL500_.jpg" alt="Product Image"></a><p>Pompeian Gourmet Red Wine Vinegar, Naturally Gluten-Free, 30 Fl Oz</p><p> -5% 0FF </p><p>$5.33 ($0.18 / Fl Oz)</p><a href="https://www.amazon.com/dp/B0052BFNLS?tag=eloabder-20&linkCode=osi&th=1&psc=1">View Product</a></div><div class="product"><a href="https://www.amazon.com/dp/B005AYB38O?tag=eloabder-20&linkCode=osi&th=1&psc=1"><img src="https://m.media-amazon.com/images/I/31tJRcbnsfL._SL500_.jpg" alt="Product Image"></a><p>Napa Valley Naturals Organic Red Wine Vinegar, 12.7 Ounces</p><p> -51% 0FF </p><p>$5.50 ($0.43 / Ounce)</p><a href="https://www.amazon.com/dp/B005AYB38O?tag=eloabder-20&linkCode=osi&th=1&psc=1">View Product</a></div><div class="product"><a href="https://www.amazon.com/dp/B00H1CJG00?tag=eloabder-20&linkCode=osi&th=1&psc=1"><img src="https://m.media-amazon.com/images/I/31pl1n1OONL._SL500_.jpg" alt="Product Image"></a><p>Colavita Wine Vinegar - Red Wine Vinegar, 17 Fl Oz</p><p> -21% 0FF </p><p>$9.51 ($0.56 / Fl Oz)</p><a href="https://www.amazon.com/dp/B00H1CJG00?tag=eloabder-20&linkCode=osi&th=1&psc=1">View Product</a></div>









<div class="product"><a href="https://www.amazon.com/dp/B074H5ZHFH?tag=eloabder-20&linkCode=osi&th=1&psc=1"><img src="https://m.media-amazon.com/images/I/410ymBds87L._SL500_.jpg" alt="Product Image"></a><p>365 by Whole Foods Market, Organic Penne Rigate, 16 Ounce</p><p> -10% 0FF </p><p>$1.97 ($0.12 / Ounce)</p><a href="https://www.amazon.com/dp/B074H5ZHFH?tag=eloabder-20&linkCode=osi&th=1&psc=1">View Product</a></div><div class="product"><a href="https://www.amazon.com/dp/B007MNYZ2M?tag=eloabder-20&linkCode=osi&th=1&psc=1"><img src="https://m.media-amazon.com/images/I/41dAZBCU7kS._SL500_.jpg" alt="Product Image"></a><p>Rummo Italian Pasta Penne Rigate No. 66, Always Al Dente (1lb Package)</p><p> -32% 0FF </p><p>$7.12 ($0.44 / Ounce)</p><a href="https://www.amazon.com/dp/B007MNYZ2M?tag=eloabder-20&linkCode=osi&th=1&psc=1">View Product</a></div><div class="product"><a href="https://www.amazon.com/dp/B07NSRQYNP?tag=eloabder-20&linkCode=osi&th=1&psc=1"><img src="https://m.media-amazon.com/images/I/413HwweC7iL._SL500_.jpg" alt="Product Image"></a><p>Rao's Homemade Penne Pasta, 16oz, Traditionally Crafted, Premium Quality, From Durum Semolina Flour, Traditional Bronze Die Cut, Imported from Italy</p><p> -24% 0FF </p><p>$2.18 ($0.14 / Fl Oz)</p><a href="https://www.amazon.com/dp/B07NSRQYNP?tag=eloabder-20&linkCode=osi&th=1&psc=1">View Product</a></div>
<div class="product"><a href="https://www.amazon.com/dp/B00112UBOG?tag=eloabder-20&linkCode=osi&th=1&psc=1"><img src="https://m.media-amazon.com/images/I/51coh9-N5gL._SL500_.jpg" alt="Product Image"></a><p>RiceSelect Arborio Rice for Italian Risotto, Premium Gluten-Free Rice, Non-GMO, 32-Ounce Jar, (Pack of 1)</p><p> -21% 0FF </p><p>$5.99 ($0.19 / Ounces)</p><a href="https://www.amazon.com/dp/B00112UBOG?tag=eloabder-20&linkCode=osi&th=1&psc=1">View Product</a></div>


<div class="product"><a href="https://www.amazon.com/dp/B0BZB9D92K?tag=eloabder-20&linkCode=osi&th=1&psc=1"><img src="https://m.media-amazon.com/images/I/41q74mciXOL._SL500_.jpg" alt="Product Image"></a><p>Amazon Grocery, Canned Pinto Beans, 15.5 Oz (Previously Amazon Fresh, Packaging May Vary)</p><p> -34% 0FF </p><p>$0.55 ($0.04 / Ounce)</p><a href="https://www.amazon.com/dp/B0BZB9D92K?tag=eloabder-20&linkCode=osi&th=1&psc=1">View Product</a></div>
<div class="product"><a href="https://www.amazon.com/dp/B0BZJNJTYV?tag=eloabder-20&linkCode=osi&th=1&psc=1"><img src="https://m.media-amazon.com/images/I/41lSsx2pjSL._SL500_.jpg" alt="Product Image"></a><p>Amazon Grocery, Sweet Peas, 15 Oz (Previously Amazon Fresh, Packaging May Vary)</p><p> -56% 0FF </p><p>$0.71 ($0.05 / Ounce)</p><a href="https://www.amazon.com/dp/B0BZJNJTYV?tag=eloabder-20&linkCode=osi&th=1&psc=1">View Product</a></div><div class="product"><a href="https://www.amazon.com/dp/B078T19Y9X?tag=eloabder-20&linkCode=osi&th=1&psc=1"><img src="https://m.media-amazon.com/images/I/51z+piSY1JL._SL500_.jpg" alt="Product Image"></a><p>DEL MONTE Sweet Peas Canned Vegetables, 12 Pack, 15 oz Can</p><p> -36% 0FF </p><p>$10.08 ($0.06 / Ounce)</p><a href="https://www.amazon.com/dp/B078T19Y9X?tag=eloabder-20&linkCode=osi&th=1&psc=1">View Product</a></div>
<div class="product"><a href="https://www.amazon.com/dp/B00GDVBHU2?tag=eloabder-20&linkCode=osi&th=1&psc=1"><img src="https://m.media-amazon.com/images/I/51BjG0g4q5L._SL500_.jpg" alt="Product Image"></a><p>Blue Diamond Almonds, Raw Whole Natural, 16 Ounce</p><p> -12% 0FF </p><p>$5.99 ($0.37 / Ounce)</p><a href="https://www.amazon.com/dp/B00GDVBHU2?tag=eloabder-20&linkCode=osi&th=1&psc=1">View Product</a></div>

<div class="product"><a href="https://www.amazon.com/dp/B07W1WKDSC?tag=eloabder-20&linkCode=osi&th=1&psc=1"><img src="https://m.media-amazon.com/images/I/31nTopuj99L._SL500_.jpg" alt="Product Image"></a><p>Amazon Grocery, Basil Leaves, 0.95 Oz (Previously Happy Belly, Packaging May Vary)</p><p> -17% 0FF </p><p>$1.59 ($1.67 / Ounce)</p><a href="https://www.amazon.com/dp/B07W1WKDSC?tag=eloabder-20&linkCode=osi&th=1&psc=1">View Product</a></div>

<div class="product"><a href="https://www.amazon.com/dp/B07VXL2JRG?tag=eloabder-20&linkCode=osi&th=1&psc=1"><img src="https://m.media-amazon.com/images/I/31ou5P5dqeL._SL500_.jpg" alt="Product Image"></a><p>Amazon Grocery, Ground Cumin, 2.6 Oz (Previously Happy Belly, Packaging May Vary)</p><p> -17% 0FF </p><p>$1.16 ($0.45 / Ounce)</p><a href="https://www.amazon.com/dp/B07VXL2JRG?tag=eloabder-20&linkCode=osi&th=1&psc=1">View Product</a></div>

<div class="product"><a href="https://www.amazon.com/dp/B07P8M5ZT1?tag=eloabder-20&linkCode=osi&th=1&psc=1"><img src="https://m.media-amazon.com/images/I/31+0qVbfagL._SL500_.jpg" alt="Product Image"></a><p>Amazon Grocery, Olive Oil, Medium Flavor, 16.9 Fl Oz (Previously Amazon Fresh, Packaging May Vary)</p><p> -17% 0FF </p><p>$4.50 ($0.27 / Ounce)</p><a href="https://www.amazon.com/dp/B07P8M5ZT1?tag=eloabder-20&linkCode=osi&th=1&psc=1">View Product</a></div>
<div class="product"><a href="https://www.amazon.com/dp/B00IY5HREA?tag=eloabder-20&linkCode=osi&th=1&psc=1"><img src="https://m.media-amazon.com/images/I/31n5MDrL-QL._SL500_.jpg" alt="Product Image"></a><p>Colavita Balsamic Vinegar of Modena, 17 Ounce Bottle</p><p> -9% 0FF </p><p>$4.22 ($0.25 / Fl Oz)</p><a href="https://www.amazon.com/dp/B00IY5HREA?tag=eloabder-20&linkCode=osi&th=1&psc=1">View Product</a></div><div class="product"><a href="https://www.amazon.com/dp/B0FHNXDWYB?tag=eloabder-20&linkCode=osi&th=1&psc=1"><img src="https://m.media-amazon.com/images/I/41AJ0vvzsSL._SL500_.jpg" alt="Product Image"></a><p>Paolo Natural Orange Balsamic Vinegar, Artisan Crafted, 36-Month Oak Barrel Aged, Sweet & Sour Flavor for Salad Dressings, Pasta, Desserts, Glass Bottle, 5.40 fl oz (160ml)</p><p> -9% 0FF </p><p>$29.99 ($5.55 / Fl Oz)</p><a href="https://www.amazon.com/dp/B0FHNXDWYB?tag=eloabder-20&linkCode=osi&th=1&psc=1">View Product</a></div>
<div class="product"><a href="https://www.amazon.com/dp/B0B46R31XD?tag=eloabder-20&linkCode=osi&th=1&psc=1"><img src="https://m.media-amazon.com/images/I/5176SDI1iyL._SL500_.jpg" alt="Product Image"></a><p>Contadina Canned Tomato Sauce, 15 oz (Pack of 4 Cans)</p><p> -8% 0FF </p><p>$3.98 ($0.07 / Ounce)</p><a href="https://www.amazon.com/dp/B0B46R31XD?tag=eloabder-20&linkCode=osi&th=1&psc=1">View Product</a></div>

<div class="product"><a href="https://www.amazon.com/dp/B0025W9A5C?tag=eloabder-20&linkCode=osi&th=1&psc=1"><img src="https://m.media-amazon.com/images/I/51Oz8SNo83L._SL500_.jpg" alt="Product Image"></a><p>Nature Valley Crunchy Oats 'n Honey Granola Bars, 60 Bars, 44.7 OZ (30 Pouches)</p><p> -33% 0FF </p><p>$7.49 ($0.17 / Ounce)</p><a href="https://www.amazon.com/dp/B0025W9A5C?tag=eloabder-20&linkCode=osi&th=1&psc=1">View Product</a></div><div class="product"><a href="https://www.amazon.com/dp/B01MRZZ3KC?tag=eloabder-20&linkCode=osi&th=1&psc=1"><img src="https://m.media-amazon.com/images/I/512IgtvlLyL._SL500_.jpg" alt="Product Image"></a><p>Quaker Chewy Granola Bars, Chocolate Chip, 58 Count - Packaging May Vary</p><p> -9% 0FF </p><p>$11.19 ($0.23 / Ounce)</p><a href="https://www.amazon.com/dp/B01MRZZ3KC?tag=eloabder-20&linkCode=osi&th=1&psc=1">View Product</a></div><div class="product"><a href="https://www.amazon.com/dp/B00GHPC47O?tag=eloabder-20&linkCode=osi&th=1&psc=1"><img src="https://m.media-amazon.com/images/I/51YsdKn53VS._SL500_.jpg" alt="Product Image"></a><p>Quaker Chewy Granola Bars, Variety Pack, 18 Count</p><p> -20% 0FF </p><p>$3.97 ($0.26 / Ounce)</p><a href="https://www.amazon.com/dp/B00GHPC47O?tag=eloabder-20&linkCode=osi&th=1&psc=1">View Product</a></div><div class="product"><a href="https://www.amazon.com/dp/B0D9R1BMJR?tag=eloabder-20&linkCode=osi&th=1&psc=1"><img src="https://m.media-amazon.com/images/I/51ksmfNpCJL._SL500_.jpg" alt="Product Image"></a><p>Quaker Chewy Granola Bars, Chewy & Dipps Variety Pack, (58 Bars), Whole Grains, No Artificial Flavors, No Added Colors</p><p> -31% 0FF </p><p>$11.87 ($0.22 / Ounce)</p><a href="https://www.amazon.com/dp/B0D9R1BMJR?tag=eloabder-20&linkCode=osi&th=1&psc=1">View Product</a></div><div class="product"><a href="https://www.amazon.com/dp/B077KYKYKN?tag=eloabder-20&linkCode=osi&th=1&psc=1"><img src="https://m.media-amazon.com/images/I/51qz85lOK2S._SL500_.jpg" alt="Product Image"></a><p>Quaker Chewy Lower Sugar Granola Bars, Chocolate Chip, 58 Count</p><p> -35% 0FF </p><p>$11.19 ($0.23 / Ounce)</p><a href="https://www.amazon.com/dp/B077KYKYKN?tag=eloabder-20&linkCode=osi&th=1&psc=1">View Product</a></div>
<div class="product"><a href="https://www.amazon.com/dp/B07VVGKHLH?tag=eloabder-20&linkCode=osi&th=1&psc=1"><img src="https://m.media-amazon.com/images/I/31hbAFlUK6L._SL500_.jpg" alt="Product Image"></a><p>Amazon Grocery, Garlic Powder, 3.9 Oz (Previously Happy Belly, Packaging May Vary)</p><p> -17% 0FF </p><p>$1.30 ($0.33 / Ounce)</p><a href="https://www.amazon.com/dp/B07VVGKHLH?tag=eloabder-20&linkCode=osi&th=1&psc=1">View Product</a></div>
<div class="product"><a href="https://www.amazon.com/dp/B000WHSD5A?tag=eloabder-20&linkCode=osi&th=1&psc=1"><img src="https://m.media-amazon.com/images/I/41QwGSr0+IL._SL500_.jpg" alt="Product Image"></a><p>Heinz Tomato Ketchup, 20 oz Bottle</p><p> -36% 0FF </p><p>$2.23 ($0.11 / Ounce)</p><a href="https://www.amazon.com/dp/B000WHSD5A?tag=eloabder-20&linkCode=osi&th=1&psc=1">View Product</a></div><div class="product"><a href="https://www.amazon.com/dp/B0005YKO8E?tag=eloabder-20&linkCode=osi&th=1&psc=1"><img src="https://m.media-amazon.com/images/I/41AFhgJ5V7L._SL500_.jpg" alt="Product Image"></a><p>Heinz Tomato Ketchup, 14 oz Bottle</p><p> -36% 0FF </p><p>$1.56 ($0.11 / Ounce)</p><a href="https://www.amazon.com/dp/B0005YKO8E?tag=eloabder-20&linkCode=osi&th=1&psc=1">View Product</a></div><div class="product"><a href="https://www.amazon.com/dp/B01B2OVUAG?tag=eloabder-20&linkCode=osi&th=1&psc=1"><img src="https://m.media-amazon.com/images/I/41gaLzbBsDL._SL500_.jpg" alt="Product Image"></a><p>Heinz Organic Tomato Ketchup, 32 oz Bottle</p><p> -47% 0FF </p><p>$3.67 ($0.11 / Ounce)</p><a href="https://www.amazon.com/dp/B01B2OVUAG?tag=eloabder-20&linkCode=osi&th=1&psc=1">View Product</a></div>
<div class="product"><a href="https://www.amazon.com/dp/B015UBV4N0?tag=eloabder-20&linkCode=osi&th=1&psc=1"><img src="https://m.media-amazon.com/images/I/51NRndhNwoL._SL500_.jpg" alt="Product Image"></a><p>Crofters Organic Premium Spread, Strawberry, 16.5 oz</p><p> -20% 0FF </p><p>$4.96 ($0.30 / oz)</p><a href="https://www.amazon.com/dp/B015UBV4N0?tag=eloabder-20&linkCode=osi&th=1&psc=1">View Product</a></div>
<div class="product"><a href="https://www.amazon.com/dp/B097RW44HZ?tag=eloabder-20&linkCode=osi&th=1&psc=1"><img src="https://m.media-amazon.com/images/I/51OhVkU8+PL._SL500_.jpg" alt="Product Image"></a><p>Apexy Jelly Fruit Candy – Assorted Fruit Flavors, Halloween Treat Juicy Chewy Gel Snacks, Kids & Adults Party Favors, Fun Treats for Goodie Bags & Events 46.9oz (1330g)</p><p> -7% 0FF </p><p>$12.99 ($0.28 / Ounce)</p><a href="https://www.amazon.com/dp/B097RW44HZ?tag=eloabder-20&linkCode=osi&th=1&psc=1">View Product</a></div><div class="product"><a href="https://www.amazon.com/dp/B00099XN56?tag=eloabder-20&linkCode=osi&th=1&psc=1"><img src="https://m.media-amazon.com/images/I/41twfbi883L._SL500_.jpg" alt="Product Image"></a><p>Smucker's Jelly, Mixed Fruit, 12 oz (340 g)</p><p> -11% 0FF </p><p>$9.94 ($0.83 / Ounce)</p><a href="https://www.amazon.com/dp/B00099XN56?tag=eloabder-20&linkCode=osi&th=1&psc=1">View Product</a></div>
<div class="product"><a href="https://www.amazon.com/dp/B0005Z6ZK4?tag=eloabder-20&linkCode=osi&th=1&psc=1"><img src="https://m.media-amazon.com/images/I/31dtADxAZbL._SL500_.jpg" alt="Product Image"></a><p>Nutella Hazelnut Spread with Cocoa, Creamy Hazelnut Spread, Breakfast Favorite, 13 oz Jar</p><p> -30% 0FF </p><p>$3.48 ($0.27 / Ounce)</p><a href="https://www.amazon.com/dp/B0005Z6ZK4?tag=eloabder-20&linkCode=osi&th=1&psc=1">View Product</a></div><div class="product"><a href="https://www.amazon.com/dp/B09PN9S9D4?tag=eloabder-20&linkCode=osi&th=1&psc=1"><img src="https://m.media-amazon.com/images/I/41VpA06vqaL._SL500_.jpg" alt="Product Image"></a><p>Amazon Grocery, Hazelnut Spread With Cocoa, 26.5 Oz (Previously Amazon Fresh, Packaging May Vary)</p><p> -17% 0FF </p><p>$4.12 ($0.16 / Ounce)</p><a href="https://www.amazon.com/dp/B09PN9S9D4?tag=eloabder-20&linkCode=osi&th=1&psc=1">View Product</a></div>
<div class="product"><a href="https://www.amazon.com/dp/B0052BFNLS?tag=eloabder-20&linkCode=osi&th=1&psc=1"><img src="https://m.media-amazon.com/images/I/31Tfk-0-ybL._SL500_.jpg" alt="Product Image"></a><p>Pompeian Gourmet Red Wine Vinegar, Naturally Gluten-Free, 30 Fl Oz</p><p> -5% 0FF </p><p>$5.33 ($0.18 / Fl Oz)</p><a href="https://www.amazon.com/dp/B0052BFNLS?tag=eloabder-20&linkCode=osi&th=1&psc=1">View Product</a></div><div class="product"><a href="https://www.amazon.com/dp/B005AYB38O?tag=eloabder-20&linkCode=osi&th=1&psc=1"><img src="https://m.media-amazon.com/images/I/31tJRcbnsfL._SL500_.jpg" alt="Product Image"></a><p>Napa Valley Naturals Organic Red Wine Vinegar, 12.7 Ounces</p><p> -51% 0FF </p><p>$5.50 ($0.43 / Ounce)</p><a href="https://www.amazon.com/dp/B005AYB38O?tag=eloabder-20&linkCode=osi&th=1&psc=1">View Product</a></div><div class="product"><a href="https://www.amazon.com/dp/B00H1CJG00?tag=eloabder-20&linkCode=osi&th=1&psc=1"><img src="https://m.media-amazon.com/images/I/31pl1n1OONL._SL500_.jpg" alt="Product Image"></a><p>Colavita Wine Vinegar - Red Wine Vinegar, 17 Fl Oz</p><p> -21% 0FF </p><p>$9.51 ($0.56 / Fl Oz)</p><a href="https://www.amazon.com/dp/B00H1CJG00?tag=eloabder-20&linkCode=osi&th=1&psc=1">View Product</a></div>









<div class="product"><a href="https://www.amazon.com/dp/B074H5ZHFH?tag=eloabder-20&linkCode=osi&th=1&psc=1"><img src="https://m.media-amazon.com/images/I/410ymBds87L._SL500_.jpg" alt="Product Image"></a><p>365 by Whole Foods Market, Organic Penne Rigate, 16 Ounce</p><p> -10% 0FF </p><p>$1.97 ($0.12 / Ounce)</p><a href="https://www.amazon.com/dp/B074H5ZHFH?tag=eloabder-20&linkCode=osi&th=1&psc=1">View Product</a></div><div class="product"><a href="https://www.amazon.com/dp/B007MNYZ2M?tag=eloabder-20&linkCode=osi&th=1&psc=1"><img src="https://m.media-amazon.com/images/I/41dAZBCU7kS._SL500_.jpg" alt="Product Image"></a><p>Rummo Italian Pasta Penne Rigate No. 66, Always Al Dente (1lb Package)</p><p> -32% 0FF </p><p>$7.12 ($0.44 / Ounce)</p><a href="https://www.amazon.com/dp/B007MNYZ2M?tag=eloabder-20&linkCode=osi&th=1&psc=1">View Product</a></div><div class="product"><a href="https://www.amazon.com/dp/B07NSRQYNP?tag=eloabder-20&linkCode=osi&th=1&psc=1"><img src="https://m.media-amazon.com/images/I/413HwweC7iL._SL500_.jpg" alt="Product Image"></a><p>Rao's Homemade Penne Pasta, 16oz, Traditionally Crafted, Premium Quality, From Durum Semolina Flour, Traditional Bronze Die Cut, Imported from Italy</p><p> -24% 0FF </p><p>$2.18 ($0.14 / Fl Oz)</p><a href="https://www.amazon.com/dp/B07NSRQYNP?tag=eloabder-20&linkCode=osi&th=1&psc=1">View Product</a></div>
<div class="product"><a href="https://www.amazon.com/dp/B00112UBOG?tag=eloabder-20&linkCode=osi&th=1&psc=1"><img src="https://m.media-amazon.com/images/I/51coh9-N5gL._SL500_.jpg" alt="Product Image"></a><p>RiceSelect Arborio Rice for Italian Risotto, Premium Gluten-Free Rice, Non-GMO, 32-Ounce Jar, (Pack of 1)</p><p> -21% 0FF </p><p>$5.99 ($0.19 / Ounces)</p><a href="https://www.amazon.com/dp/B00112UBOG?tag=eloabder-20&linkCode=osi&th=1&psc=1">View Product</a></div>


<div class="product"><a href="https://www.amazon.com/dp/B0BZB9D92K?tag=eloabder-20&linkCode=osi&th=1&psc=1"><img src="https://m.media-amazon.com/images/I/41q74mciXOL._SL500_.jpg" alt="Product Image"></a><p>Amazon Grocery, Canned Pinto Beans, 15.5 Oz (Previously Amazon Fresh, Packaging May Vary)</p><p> -34% 0FF </p><p>$0.55 ($0.04 / Ounce)</p><a href="https://www.amazon.com/dp/B0BZB9D92K?tag=eloabder-20&linkCode=osi&th=1&psc=1">View Product</a></div>
<div class="product"><a href="https://www.amazon.com/dp/B0BZJNJTYV?tag=eloabder-20&linkCode=osi&th=1&psc=1"><img src="https://m.media-amazon.com/images/I/41lSsx2pjSL._SL500_.jpg" alt="Product Image"></a><p>Amazon Grocery, Sweet Peas, 15 Oz (Previously Amazon Fresh, Packaging May Vary)</p><p> -56% 0FF </p><p>$0.71 ($0.05 / Ounce)</p><a href="https://www.amazon.com/dp/B0BZJNJTYV?tag=eloabder-20&linkCode=osi&th=1&psc=1">View Product</a></div><div class="product"><a href="https://www.amazon.com/dp/B078T19Y9X?tag=eloabder-20&linkCode=osi&th=1&psc=1"><img src="https://m.media-amazon.com/images/I/51z+piSY1JL._SL500_.jpg" alt="Product Image"></a><p>DEL MONTE Sweet Peas Canned Vegetables, 12 Pack, 15 oz Can</p><p> -36% 0FF </p><p>$10.08 ($0.06 / Ounce)</p><a href="https://www.amazon.com/dp/B078T19Y9X?tag=eloabder-20&linkCode=osi&th=1&psc=1">View Product</a></div>
<div class="product"><a href="https://www.amazon.com/dp/B00GDVBHU2?tag=eloabder-20&linkCode=osi&th=1&psc=1"><img src="https://m.media-amazon.com/images/I/51BjG0g4q5L._SL500_.jpg" alt="Product Image"></a><p>Blue Diamond Almonds, Raw Whole Natural, 16 Ounce</p><p> -12% 0FF </p><p>$5.99 ($0.37 / Ounce)</p><a href="https://www.amazon.com/dp/B00GDVBHU2?tag=eloabder-20&linkCode=osi&th=1&psc=1">View Product</a></div>

<div class="product"><a href="https://www.amazon.com/dp/B07W1WKDSC?tag=eloabder-20&linkCode=osi&th=1&psc=1"><img src="https://m.media-amazon.com/images/I/31nTopuj99L._SL500_.jpg" alt="Product Image"></a><p>Amazon Grocery, Basil Leaves, 0.95 Oz (Previously Happy Belly, Packaging May Vary)</p><p> -17% 0FF </p><p>$1.59 ($1.67 / Ounce)</p><a href="https://www.amazon.com/dp/B07W1WKDSC?tag=eloabder-20&linkCode=osi&th=1&psc=1">View Product</a></div>

<div class="product"><a href="https://www.amazon.com/dp/B07VXL2JRG?tag=eloabder-20&linkCode=osi&th=1&psc=1"><img src="https://m.media-amazon.com/images/I/31ou5P5dqeL._SL500_.jpg" alt="Product Image"></a><p>Amazon Grocery, Ground Cumin, 2.6 Oz (Previously Happy Belly, Packaging May Vary)</p><p> -17% 0FF </p><p>$1.16 ($0.45 / Ounce)</p><a href="https://www.amazon.com/dp/B07VXL2JRG?tag=eloabder-20&linkCode=osi&th=1&psc=1">View Product</a></div>

<div class="product"><a href="https://www.amazon.com/dp/B07P8M5ZT1?tag=eloabder-20&linkCode=osi&th=1&psc=1"><img src="https://m.media-amazon.com/images/I/31+0qVbfagL._SL500_.jpg" alt="Product Image"></a><p>Amazon Grocery, Olive Oil, Medium Flavor, 16.9 Fl Oz (Previously Amazon Fresh, Packaging May Vary)</p><p> -17% 0FF </p><p>$4.50 ($0.27 / Ounce)</p><a href="https://www.amazon.com/dp/B07P8M5ZT1?tag=eloabder-20&linkCode=osi&th=1&psc=1">View Product</a></div>
<div class="product"><a href="https://www.amazon.com/dp/B00IY5HREA?tag=eloabder-20&linkCode=osi&th=1&psc=1"><img src="https://m.media-amazon.com/images/I/31n5MDrL-QL._SL500_.jpg" alt="Product Image"></a><p>Colavita Balsamic Vinegar of Modena, 17 Ounce Bottle</p><p> -9% 0FF </p><p>$4.22 ($0.25 / Fl Oz)</p><a href="https://www.amazon.com/dp/B00IY5HREA?tag=eloabder-20&linkCode=osi&th=1&psc=1">View Product</a></div><div class="product"><a href="https://www.amazon.com/dp/B0FHNXDWYB?tag=eloabder-20&linkCode=osi&th=1&psc=1"><img src="https://m.media-amazon.com/images/I/41AJ0vvzsSL._SL500_.jpg" alt="Product Image"></a><p>Paolo Natural Orange Balsamic Vinegar, Artisan Crafted, 36-Month Oak Barrel Aged, Sweet & Sour Flavor for Salad Dressings, Pasta, Desserts, Glass Bottle, 5.40 fl oz (160ml)</p><p> -9% 0FF </p><p>$29.99 ($5.55 / Fl Oz)</p><a href="https://www.amazon.com/dp/B0FHNXDWYB?tag=eloabder-20&linkCode=osi&th=1&psc=1">View Product</a></div>
<div class="product"><a href="https://www.amazon.com/dp/B0B46R31XD?tag=eloabder-20&linkCode=osi&th=1&psc=1"><img src="https://m.media-amazon.com/images/I/5176SDI1iyL._SL500_.jpg" alt="Product Image"></a><p>Contadina Canned Tomato Sauce, 15 oz (Pack of 4 Cans)</p><p> -8% 0FF </p><p>$3.98 ($0.07 / Ounce)</p><a href="https://www.amazon.com/dp/B0B46R31XD?tag=eloabder-20&linkCode=osi&th=1&psc=1">View Product</a></div>


<div class="product"><a href="https://www.amazon.com/dp/B0025W9A5C?tag=eloabder-20&linkCode=osi&th=1&psc=1"><img src="https://m.media-amazon.com/images/I/51Oz8SNo83L._SL500_.jpg" alt="Product Image"></a><p>Nature Valley Crunchy Oats 'n Honey Granola Bars, 60 Bars, 44.7 OZ (30 Pouches)</p><p> -33% 0FF </p><p>$7.49 ($0.17 / Ounce)</p><a href="https://www.amazon.com/dp/B0025W9A5C?tag=eloabder-20&linkCode=osi&th=1&psc=1">View Product</a></div><div class="product"><a href="https://www.amazon.com/dp/B01MRZZ3KC?tag=eloabder-20&linkCode=osi&th=1&psc=1"><img src="https://m.media-amazon.com/images/I/512IgtvlLyL._SL500_.jpg" alt="Product Image"></a><p>Quaker Chewy Granola Bars, Chocolate Chip, 58 Count - Packaging May Vary</p><p> -9% 0FF </p><p>$11.19 ($0.23 / Ounce)</p><a href="https://www.amazon.com/dp/B01MRZZ3KC?tag=eloabder-20&linkCode=osi&th=1&psc=1">View Product</a></div><div class="product"><a href="https://www.amazon.com/dp/B00GHPC47O?tag=eloabder-20&linkCode=osi&th=1&psc=1"><img src="https://m.media-amazon.com/images/I/51YsdKn53VS._SL500_.jpg" alt="Product Image"></a><p>Quaker Chewy Granola Bars, Variety Pack, 18 Count</p><p> -20% 0FF </p><p>$3.97 ($0.26 / Ounce)</p><a href="https://www.amazon.com/dp/B00GHPC47O?tag=eloabder-20&linkCode=osi&th=1&psc=1">View Product</a></div><div class="product"><a href="https://www.amazon.com/dp/B0D9R1BMJR?tag=eloabder-20&linkCode=osi&th=1&psc=1"><img src="https://m.media-amazon.com/images/I/51ksmfNpCJL._SL500_.jpg" alt="Product Image"></a><p>Quaker Chewy Granola Bars, Chewy & Dipps Variety Pack, (58 Bars), Whole Grains, No Artificial Flavors, No Added Colors</p><p> -31% 0FF </p><p>$11.87 ($0.22 / Ounce)</p><a href="https://www.amazon.com/dp/B0D9R1BMJR?tag=eloabder-20&linkCode=osi&th=1&psc=1">View Product</a></div><div class="product"><a href="https://www.amazon.com/dp/B077KYKYKN?tag=eloabder-20&linkCode=osi&th=1&psc=1"><img src="https://m.media-amazon.com/images/I/51qz85lOK2S._SL500_.jpg" alt="Product Image"></a><p>Quaker Chewy Lower Sugar Granola Bars, Chocolate Chip, 58 Count</p><p> -35% 0FF </p><p>$11.19 ($0.23 / Ounce)</p><a href="https://www.amazon.com/dp/B077KYKYKN?tag=eloabder-20&linkCode=osi&th=1&psc=1">View Product</a></div>
<div class="product"><a href="https://www.amazon.com/dp/B07VVGKHLH?tag=eloabder-20&linkCode=osi&th=1&psc=1"><img src="https://m.media-amazon.com/images/I/31hbAFlUK6L._SL500_.jpg" alt="Product Image"></a><p>Amazon Grocery, Garlic Powder, 3.9 Oz (Previously Happy Belly, Packaging May Vary)</p><p> -17% 0FF </p><p>$1.30 ($0.33 / Ounce)</p><a href="https://www.amazon.com/dp/B07VVGKHLH?tag=eloabder-20&linkCode=osi&th=1&psc=1">View Product</a></div>
<div class="product"><a href="https://www.amazon.com/dp/B000WHSD5A?tag=eloabder-20&linkCode=osi&th=1&psc=1"><img src="https://m.media-amazon.com/images/I/41QwGSr0+IL._SL500_.jpg" alt="Product Image"></a><p>Heinz Tomato Ketchup, 20 oz Bottle</p><p> -36% 0FF </p><p>$2.23 ($0.11 / Ounce)</p><a href="https://www.amazon.com/dp/B000WHSD5A?tag=eloabder-20&linkCode=osi&th=1&psc=1">View Product</a></div><div class="product"><a href="https://www.amazon.com/dp/B0005YKO8E?tag=eloabder-20&linkCode=osi&th=1&psc=1"><img src="https://m.media-amazon.com/images/I/41AFhgJ5V7L._SL500_.jpg" alt="Product Image"></a><p>Heinz Tomato Ketchup, 14 oz Bottle</p><p> -36% 0FF </p><p>$1.56 ($0.11 / Ounce)</p><a href="https://www.amazon.com/dp/B0005YKO8E?tag=eloabder-20&linkCode=osi&th=1&psc=1">View Product</a></div><div class="product"><a href="https://www.amazon.com/dp/B01B2OVUAG?tag=eloabder-20&linkCode=osi&th=1&psc=1"><img src="https://m.media-amazon.com/images/I/41gaLzbBsDL._SL500_.jpg" alt="Product Image"></a><p>Heinz Organic Tomato Ketchup, 32 oz Bottle</p><p> -47% 0FF </p><p>$3.67 ($0.11 / Ounce)</p><a href="https://www.amazon.com/dp/B01B2OVUAG?tag=eloabder-20&linkCode=osi&th=1&psc=1">View Product</a></div>
<div class="product"><a href="https://www.amazon.com/dp/B015UBV4N0?tag=eloabder-20&linkCode=osi&th=1&psc=1"><img src="https://m.media-amazon.com/images/I/51NRndhNwoL._SL500_.jpg" alt="Product Image"></a><p>Crofters Organic Premium Spread, Strawberry, 16.5 oz</p><p> -20% 0FF </p><p>$4.96 ($0.30 / oz)</p><a href="https://www.amazon.com/dp/B015UBV4N0?tag=eloabder-20&linkCode=osi&th=1&psc=1">View Product</a></div>
<div class="product"><a href="https://www.amazon.com/dp/B097RW44HZ?tag=eloabder-20&linkCode=osi&th=1&psc=1"><img src="https://m.media-amazon.com/images/I/51OhVkU8+PL._SL500_.jpg" alt="Product Image"></a><p>Apexy Jelly Fruit Candy – Assorted Fruit Flavors, Halloween Treat Juicy Chewy Gel Snacks, Kids & Adults Party Favors, Fun Treats for Goodie Bags & Events 46.9oz (1330g)</p><p> -7% 0FF </p><p>$12.99 ($0.28 / Ounce)</p><a href="https://www.amazon.com/dp/B097RW44HZ?tag=eloabder-20&linkCode=osi&th=1&psc=1">View Product</a></div><div class="product"><a href="https://www.amazon.com/dp/B00099XN56?tag=eloabder-20&linkCode=osi&th=1&psc=1"><img src="https://m.media-amazon.com/images/I/41twfbi883L._SL500_.jpg" alt="Product Image"></a><p>Smucker's Jelly, Mixed Fruit, 12 oz (340 g)</p><p> -11% 0FF </p><p>$9.94 ($0.83 / Ounce)</p><a href="https://www.amazon.com/dp/B00099XN56?tag=eloabder-20&linkCode=osi&th=1&psc=1">View Product</a></div>
<div class="product"><a href="https://www.amazon.com/dp/B0005Z6ZK4?tag=eloabder-20&linkCode=osi&th=1&psc=1"><img src="https://m.media-amazon.com/images/I/31dtADxAZbL._SL500_.jpg" alt="Product Image"></a><p>Nutella Hazelnut Spread with Cocoa, Creamy Hazelnut Spread, Breakfast Favorite, 13 oz Jar</p><p> -30% 0FF </p><p>$3.48 ($0.27 / Ounce)</p><a href="https://www.amazon.com/dp/B0005Z6ZK4?tag=eloabder-20&linkCode=osi&th=1&psc=1">View Product</a></div><div class="product"><a href="https://www.amazon.com/dp/B09PN9S9D4?tag=eloabder-20&linkCode=osi&th=1&psc=1"><img src="https://m.media-amazon.com/images/I/41VpA06vqaL._SL500_.jpg" alt="Product Image"></a><p>Amazon Grocery, Hazelnut Spread With Cocoa, 26.5 Oz (Previously Amazon Fresh, Packaging May Vary)</p><p> -17% 0FF </p><p>$4.12 ($0.16 / Ounce)</p><a href="https://www.amazon.com/dp/B09PN9S9D4?tag=eloabder-20&linkCode=osi&th=1&psc=1">View Product</a></div>
<div class="product"><a href="https://www.amazon.com/dp/B0052BFNLS?tag=eloabder-20&linkCode=osi&th=1&psc=1"><img src="https://m.media-amazon.com/images/I/31Tfk-0-ybL._SL500_.jpg" alt="Product Image"></a><p>Pompeian Gourmet Red Wine Vinegar, Naturally Gluten-Free, 30 Fl Oz</p><p> -5% 0FF </p><p>$5.33 ($0.18 / Fl Oz)</p><a href="https://www.amazon.com/dp/B0052BFNLS?tag=eloabder-20&linkCode=osi&th=1&psc=1">View Product</a></div><div class="product"><a href="https://www.amazon.com/dp/B005AYB38O?tag=eloabder-20&linkCode=osi&th=1&psc=1"><img src="https://m.media-amazon.com/images/I/31tJRcbnsfL._SL500_.jpg" alt="Product Image"></a><p>Napa Valley Naturals Organic Red Wine Vinegar, 12.7 Ounces</p><p> -51% 0FF </p><p>$5.50 ($0.43 / Ounce)</p><a href="https://www.amazon.com/dp/B005AYB38O?tag=eloabder-20&linkCode=osi&th=1&psc=1">View Product</a></div><div class="product"><a href="https://www.amazon.com/dp/B00H1CJG00?tag=eloabder-20&linkCode=osi&th=1&psc=1"><img src="https://m.media-amazon.com/images/I/31pl1n1OONL._SL500_.jpg" alt="Product Image"></a><p>Colavita Wine Vinegar - Red Wine Vinegar, 17 Fl Oz</p><p> -21% 0FF </p><p>$9.51 ($0.56 / Fl Oz)</p><a href="https://www.amazon.com/dp/B00H1CJG00?tag=eloabder-20&linkCode=osi&th=1&psc=1">View Product</a></div>









<div class="product"><a href="https://www.amazon.com/dp/B074H5ZHFH?tag=eloabder-20&linkCode=osi&th=1&psc=1"><img src="https://m.media-amazon.com/images/I/410ymBds87L._SL500_.jpg" alt="Product Image"></a><p>365 by Whole Foods Market, Organic Penne Rigate, 16 Ounce</p><p> -10% 0FF </p><p>$1.97 ($0.12 / Ounce)</p><a href="https://www.amazon.com/dp/B074H5ZHFH?tag=eloabder-20&linkCode=osi&th=1&psc=1">View Product</a></div><div class="product"><a href="https://www.amazon.com/dp/B007MNYZ2M?tag=eloabder-20&linkCode=osi&th=1&psc=1"><img src="https://m.media-amazon.com/images/I/41dAZBCU7kS._SL500_.jpg" alt="Product Image"></a><p>Rummo Italian Pasta Penne Rigate No. 66, Always Al Dente (1lb Package)</p><p> -32% 0FF </p><p>$7.12 ($0.44 / Ounce)</p><a href="https://www.amazon.com/dp/B007MNYZ2M?tag=eloabder-20&linkCode=osi&th=1&psc=1">View Product</a></div><div class="product"><a href="https://www.amazon.com/dp/B07NSRQYNP?tag=eloabder-20&linkCode=osi&th=1&psc=1"><img src="https://m.media-amazon.com/images/I/413HwweC7iL._SL500_.jpg" alt="Product Image"></a><p>Rao's Homemade Penne Pasta, 16oz, Traditionally Crafted, Premium Quality, From Durum Semolina Flour, Traditional Bronze Die Cut, Imported from Italy</p><p> -24% 0FF </p><p>$2.18 ($0.14 / Fl Oz)</p><a href="https://www.amazon.com/dp/B07NSRQYNP?tag=eloabder-20&linkCode=osi&th=1&psc=1">View Product</a></div>
<div class="product"><a href="https://www.amazon.com/dp/B00112UBOG?tag=eloabder-20&linkCode=osi&th=1&psc=1"><img src="https://m.media-amazon.com/images/I/51coh9-N5gL._SL500_.jpg" alt="Product Image"></a><p>RiceSelect Arborio Rice for Italian Risotto, Premium Gluten-Free Rice, Non-GMO, 32-Ounce Jar, (Pack of 1)</p><p> -21% 0FF </p><p>$5.99 ($0.19 / Ounces)</p><a href="https://www.amazon.com/dp/B00112UBOG?tag=eloabder-20&linkCode=osi&th=1&psc=1">View Product</a></div>


<div class="product"><a href="https://www.amazon.com/dp/B0BZB9D92K?tag=eloabder-20&linkCode=osi&th=1&psc=1"><img src="https://m.media-amazon.com/images/I/41q74mciXOL._SL500_.jpg" alt="Product Image"></a><p>Amazon Grocery, Canned Pinto Beans, 15.5 Oz (Previously Amazon Fresh, Packaging May Vary)</p><p> -34% 0FF </p><p>$0.55 ($0.04 / Ounce)</p><a href="https://www.amazon.com/dp/B0BZB9D92K?tag=eloabder-20&linkCode=osi&th=1&psc=1">View Product</a></div>
<div class="product"><a href="https://www.amazon.com/dp/B0BZJNJTYV?tag=eloabder-20&linkCode=osi&th=1&psc=1"><img src="https://m.media-amazon.com/images/I/41lSsx2pjSL._SL500_.jpg" alt="Product Image"></a><p>Amazon Grocery, Sweet Peas, 15 Oz (Previously Amazon Fresh, Packaging May Vary)</p><p> -56% 0FF </p><p>$0.71 ($0.05 / Ounce)</p><a href="https://www.amazon.com/dp/B0BZJNJTYV?tag=eloabder-20&linkCode=osi&th=1&psc=1">View Product</a></div><div class="product"><a href="https://www.amazon.com/dp/B078T19Y9X?tag=eloabder-20&linkCode=osi&th=1&psc=1"><img src="https://m.media-amazon.com/images/I/51z+piSY1JL._SL500_.jpg" alt="Product Image"></a><p>DEL MONTE Sweet Peas Canned Vegetables, 12 Pack, 15 oz Can</p><p> -36% 0FF </p><p>$10.08 ($0.06 / Ounce)</p><a href="https://www.amazon.com/dp/B078T19Y9X?tag=eloabder-20&linkCode=osi&th=1&psc=1">View Product</a></div>
<div class="product"><a href="https://www.amazon.com/dp/B00GDVBHU2?tag=eloabder-20&linkCode=osi&th=1&psc=1"><img src="https://m.media-amazon.com/images/I/51BjG0g4q5L._SL500_.jpg" alt="Product Image"></a><p>Blue Diamond Almonds, Raw Whole Natural, 16 Ounce</p><p> -12% 0FF </p><p>$5.99 ($0.37 / Ounce)</p><a href="https://www.amazon.com/dp/B00GDVBHU2?tag=eloabder-20&linkCode=osi&th=1&psc=1">View Product</a></div>

<div class="product"><a href="https://www.amazon.com/dp/B07W1WKDSC?tag=eloabder-20&linkCode=osi&th=1&psc=1"><img src="https://m.media-amazon.com/images/I/31nTopuj99L._SL500_.jpg" alt="Product Image"></a><p>Amazon Grocery, Basil Leaves, 0.95 Oz (Previously Happy Belly, Packaging May Vary)</p><p> -17% 0FF </p><p>$1.59 ($1.67 / Ounce)</p><a href="https://www.amazon.com/dp/B07W1WKDSC?tag=eloabder-20&linkCode=osi&th=1&psc=1">View Product</a></div>

<div class="product"><a href="https://www.amazon.com/dp/B07VXL2JRG?tag=eloabder-20&linkCode=osi&th=1&psc=1"><img src="https://m.media-amazon.com/images/I/31ou5P5dqeL._SL500_.jpg" alt="Product Image"></a><p>Amazon Grocery, Ground Cumin, 2.6 Oz (Previously Happy Belly, Packaging May Vary)</p><p> -17% 0FF </p><p>$1.16 ($0.45 / Ounce)</p><a href="https://www.amazon.com/dp/B07VXL2JRG?tag=eloabder-20&linkCode=osi&th=1&psc=1">View Product</a></div>

<div class="product"><a href="https://www.amazon.com/dp/B07P8M5ZT1?tag=eloabder-20&linkCode=osi&th=1&psc=1"><img src="https://m.media-amazon.com/images/I/31+0qVbfagL._SL500_.jpg" alt="Product Image"></a><p>Amazon Grocery, Olive Oil, Medium Flavor, 16.9 Fl Oz (Previously Amazon Fresh, Packaging May Vary)</p><p> -17% 0FF </p><p>$4.50 ($0.27 / Ounce)</p><a href="https://www.amazon.com/dp/B07P8M5ZT1?tag=eloabder-20&linkCode=osi&th=1&psc=1">View Product</a></div>
<div class="product"><a href="https://www.amazon.com/dp/B00IY5HREA?tag=eloabder-20&linkCode=osi&th=1&psc=1"><img src="https://m.media-amazon.com/images/I/31n5MDrL-QL._SL500_.jpg" alt="Product Image"></a><p>Colavita Balsamic Vinegar of Modena, 17 Ounce Bottle</p><p> -9% 0FF </p><p>$4.22 ($0.25 / Fl Oz)</p><a href="https://www.amazon.com/dp/B00IY5HREA?tag=eloabder-20&linkCode=osi&th=1&psc=1">View Product</a></div><div class="product"><a href="https://www.amazon.com/dp/B0FHNXDWYB?tag=eloabder-20&linkCode=osi&th=1&psc=1"><img src="https://m.media-amazon.com/images/I/41AJ0vvzsSL._SL500_.jpg" alt="Product Image"></a><p>Paolo Natural Orange Balsamic Vinegar, Artisan Crafted, 36-Month Oak Barrel Aged, Sweet & Sour Flavor for Salad Dressings, Pasta, Desserts, Glass Bottle, 5.40 fl oz (160ml)</p><p> -9% 0FF </p><p>$29.99 ($5.55 / Fl Oz)</p><a href="https://www.amazon.com/dp/B0FHNXDWYB?tag=eloabder-20&linkCode=osi&th=1&psc=1">View Product</a></div>
<div class="product"><a href="https://www.amazon.com/dp/B0B46R31XD?tag=eloabder-20&linkCode=osi&th=1&psc=1"><img src="https://m.media-amazon.com/images/I/5176SDI1iyL._SL500_.jpg" alt="Product Image"></a><p>Contadina Canned Tomato Sauce, 15 oz (Pack of 4 Cans)</p><p> -8% 0FF </p><p>$3.98 ($0.07 / Ounce)</p><a href="https://www.amazon.com/dp/B0B46R31XD?tag=eloabder-20&linkCode=osi&th=1&psc=1">View Product</a></div>



<div class="product"><a href="https://www.amazon.com/dp/B0025W9A5C?tag=eloabder-20&linkCode=osi&th=1&psc=1"><img src="https://m.media-amazon.com/images/I/51Oz8SNo83L._SL500_.jpg" alt="Product Image"></a><p>Nature Valley Crunchy Oats 'n Honey Granola Bars, 60 Bars, 44.7 OZ (30 Pouches)</p><p> -33% 0FF </p><p>$7.49 ($0.17 / Ounce)</p><a href="https://www.amazon.com/dp/B0025W9A5C?tag=eloabder-20&linkCode=osi&th=1&psc=1">View Product</a></div><div class="product"><a href="https://www.amazon.com/dp/B01MRZZ3KC?tag=eloabder-20&linkCode=osi&th=1&psc=1"><img src="https://m.media-amazon.com/images/I/512IgtvlLyL._SL500_.jpg" alt="Product Image"></a><p>Quaker Chewy Granola Bars, Chocolate Chip, 58 Count - Packaging May Vary</p><p> -9% 0FF </p><p>$11.19 ($0.23 / Ounce)</p><a href="https://www.amazon.com/dp/B01MRZZ3KC?tag=eloabder-20&linkCode=osi&th=1&psc=1">View Product</a></div><div class="product"><a href="https://www.amazon.com/dp/B00GHPC47O?tag=eloabder-20&linkCode=osi&th=1&psc=1"><img src="https://m.media-amazon.com/images/I/51YsdKn53VS._SL500_.jpg" alt="Product Image"></a><p>Quaker Chewy Granola Bars, Variety Pack, 18 Count</p><p> -20% 0FF </p><p>$3.97 ($0.26 / Ounce)</p><a href="https://www.amazon.com/dp/B00GHPC47O?tag=eloabder-20&linkCode=osi&th=1&psc=1">View Product</a></div><div class="product"><a href="https://www.amazon.com/dp/B0D9R1BMJR?tag=eloabder-20&linkCode=osi&th=1&psc=1"><img src="https://m.media-amazon.com/images/I/51ksmfNpCJL._SL500_.jpg" alt="Product Image"></a><p>Quaker Chewy Granola Bars, Chewy & Dipps Variety Pack, (58 Bars), Whole Grains, No Artificial Flavors, No Added Colors</p><p> -31% 0FF </p><p>$11.87 ($0.22 / Ounce)</p><a href="https://www.amazon.com/dp/B0D9R1BMJR?tag=eloabder-20&linkCode=osi&th=1&psc=1">View Product</a></div><div class="product"><a href="https://www.amazon.com/dp/B077KYKYKN?tag=eloabder-20&linkCode=osi&th=1&psc=1"><img src="https://m.media-amazon.com/images/I/51qz85lOK2S._SL500_.jpg" alt="Product Image"></a><p>Quaker Chewy Lower Sugar Granola Bars, Chocolate Chip, 58 Count</p><p> -35% 0FF </p><p>$11.19 ($0.23 / Ounce)</p><a href="https://www.amazon.com/dp/B077KYKYKN?tag=eloabder-20&linkCode=osi&th=1&psc=1">View Product</a></div>
<div class="product"><a href="https://www.amazon.com/dp/B07VVGKHLH?tag=eloabder-20&linkCode=osi&th=1&psc=1"><img src="https://m.media-amazon.com/images/I/31hbAFlUK6L._SL500_.jpg" alt="Product Image"></a><p>Amazon Grocery, Garlic Powder, 3.9 Oz (Previously Happy Belly, Packaging May Vary)</p><p> -17% 0FF </p><p>$1.30 ($0.33 / Ounce)</p><a href="https://www.amazon.com/dp/B07VVGKHLH?tag=eloabder-20&linkCode=osi&th=1&psc=1">View Product</a></div>
<div class="product"><a href="https://www.amazon.com/dp/B000WHSD5A?tag=eloabder-20&linkCode=osi&th=1&psc=1"><img src="https://m.media-amazon.com/images/I/41QwGSr0+IL._SL500_.jpg" alt="Product Image"></a><p>Heinz Tomato Ketchup, 20 oz Bottle</p><p> -36% 0FF </p><p>$2.23 ($0.11 / Ounce)</p><a href="https://www.amazon.com/dp/B000WHSD5A?tag=eloabder-20&linkCode=osi&th=1&psc=1">View Product</a></div><div class="product"><a href="https://www.amazon.com/dp/B0005YKO8E?tag=eloabder-20&linkCode=osi&th=1&psc=1"><img src="https://m.media-amazon.com/images/I/41AFhgJ5V7L._SL500_.jpg" alt="Product Image"></a><p>Heinz Tomato Ketchup, 14 oz Bottle</p><p> -36% 0FF </p><p>$1.56 ($0.11 / Ounce)</p><a href="https://www.amazon.com/dp/B0005YKO8E?tag=eloabder-20&linkCode=osi&th=1&psc=1">View Product</a></div><div class="product"><a href="https://www.amazon.com/dp/B01B2OVUAG?tag=eloabder-20&linkCode=osi&th=1&psc=1"><img src="https://m.media-amazon.com/images/I/41gaLzbBsDL._SL500_.jpg" alt="Product Image"></a><p>Heinz Organic Tomato Ketchup, 32 oz Bottle</p><p> -47% 0FF </p><p>$3.67 ($0.11 / Ounce)</p><a href="https://www.amazon.com/dp/B01B2OVUAG?tag=eloabder-20&linkCode=osi&th=1&psc=1">View Product</a></div>
<div class="product"><a href="https://www.amazon.com/dp/B015UBV4N0?tag=eloabder-20&linkCode=osi&th=1&psc=1"><img src="https://m.media-amazon.com/images/I/51NRndhNwoL._SL500_.jpg" alt="Product Image"></a><p>Crofters Organic Premium Spread, Strawberry, 16.5 oz</p><p> -20% 0FF </p><p>$4.96 ($0.30 / oz)</p><a href="https://www.amazon.com/dp/B015UBV4N0?tag=eloabder-20&linkCode=osi&th=1&psc=1">View Product</a></div>
<div class="product"><a href="https://www.amazon.com/dp/B097RW44HZ?tag=eloabder-20&linkCode=osi&th=1&psc=1"><img src="https://m.media-amazon.com/images/I/51OhVkU8+PL._SL500_.jpg" alt="Product Image"></a><p>Apexy Jelly Fruit Candy – Assorted Fruit Flavors, Halloween Treat Juicy Chewy Gel Snacks, Kids & Adults Party Favors, Fun Treats for Goodie Bags & Events 46.9oz (1330g)</p><p> -7% 0FF </p><p>$12.99 ($0.28 / Ounce)</p><a href="https://www.amazon.com/dp/B097RW44HZ?tag=eloabder-20&linkCode=osi&th=1&psc=1">View Product</a></div><div class="product"><a href="https://www.amazon.com/dp/B00099XN56?tag=eloabder-20&linkCode=osi&th=1&psc=1"><img src="https://m.media-amazon.com/images/I/41twfbi883L._SL500_.jpg" alt="Product Image"></a><p>Smucker's Jelly, Mixed Fruit, 12 oz (340 g)</p><p> -11% 0FF </p><p>$9.94 ($0.83 / Ounce)</p><a href="https://www.amazon.com/dp/B00099XN56?tag=eloabder-20&linkCode=osi&th=1&psc=1">View Product</a></div>
<div class="product"><a href="https://www.amazon.com/dp/B0005Z6ZK4?tag=eloabder-20&linkCode=osi&th=1&psc=1"><img src="https://m.media-amazon.com/images/I/31dtADxAZbL._SL500_.jpg" alt="Product Image"></a><p>Nutella Hazelnut Spread with Cocoa, Creamy Hazelnut Spread, Breakfast Favorite, 13 oz Jar</p><p> -30% 0FF </p><p>$3.48 ($0.27 / Ounce)</p><a href="https://www.amazon.com/dp/B0005Z6ZK4?tag=eloabder-20&linkCode=osi&th=1&psc=1">View Product</a></div><div class="product"><a href="https://www.amazon.com/dp/B09PN9S9D4?tag=eloabder-20&linkCode=osi&th=1&psc=1"><img src="https://m.media-amazon.com/images/I/41VpA06vqaL._SL500_.jpg" alt="Product Image"></a><p>Amazon Grocery, Hazelnut Spread With Cocoa, 26.5 Oz (Previously Amazon Fresh, Packaging May Vary)</p><p> -17% 0FF </p><p>$4.12 ($0.16 / Ounce)</p><a href="https://www.amazon.com/dp/B09PN9S9D4?tag=eloabder-20&linkCode=osi&th=1&psc=1">View Product</a></div>
<div class="product"><a href="https://www.amazon.com/dp/B0052BFNLS?tag=eloabder-20&linkCode=osi&th=1&psc=1"><img src="https://m.media-amazon.com/images/I/31Tfk-0-ybL._SL500_.jpg" alt="Product Image"></a><p>Pompeian Gourmet Red Wine Vinegar, Naturally Gluten-Free, 30 Fl Oz</p><p> -5% 0FF </p><p>$5.33 ($0.18 / Fl Oz)</p><a href="https://www.amazon.com/dp/B0052BFNLS?tag=eloabder-20&linkCode=osi&th=1&psc=1">View Product</a></div><div class="product"><a href="https://www.amazon.com/dp/B005AYB38O?tag=eloabder-20&linkCode=osi&th=1&psc=1"><img src="https://m.media-amazon.com/images/I/31tJRcbnsfL._SL500_.jpg" alt="Product Image"></a><p>Napa Valley Naturals Organic Red Wine Vinegar, 12.7 Ounces</p><p> -51% 0FF </p><p>$5.50 ($0.43 / Ounce)</p><a href="https://www.amazon.com/dp/B005AYB38O?tag=eloabder-20&linkCode=osi&th=1&psc=1">View Product</a></div><div class="product"><a href="https://www.amazon.com/dp/B00H1CJG00?tag=eloabder-20&linkCode=osi&th=1&psc=1"><img src="https://m.media-amazon.com/images/I/31pl1n1OONL._SL500_.jpg" alt="Product Image"></a><p>Colavita Wine Vinegar - Red Wine Vinegar, 17 Fl Oz</p><p> -21% 0FF </p><p>$9.51 ($0.56 / Fl Oz)</p><a href="https://www.amazon.com/dp/B00H1CJG00?tag=eloabder-20&linkCode=osi&th=1&psc=1">View Product</a></div>









<div class="product"><a href="https://www.amazon.com/dp/B074H5ZHFH?tag=eloabder-20&linkCode=osi&th=1&psc=1"><img src="https://m.media-amazon.com/images/I/410ymBds87L._SL500_.jpg" alt="Product Image"></a><p>365 by Whole Foods Market, Organic Penne Rigate, 16 Ounce</p><p> -10% 0FF </p><p>$1.97 ($0.12 / Ounce)</p><a href="https://www.amazon.com/dp/B074H5ZHFH?tag=eloabder-20&linkCode=osi&th=1&psc=1">View Product</a></div><div class="product"><a href="https://www.amazon.com/dp/B007MNYZ2M?tag=eloabder-20&linkCode=osi&th=1&psc=1"><img src="https://m.media-amazon.com/images/I/41dAZBCU7kS._SL500_.jpg" alt="Product Image"></a><p>Rummo Italian Pasta Penne Rigate No. 66, Always Al Dente (1lb Package)</p><p> -32% 0FF </p><p>$7.12 ($0.44 / Ounce)</p><a href="https://www.amazon.com/dp/B007MNYZ2M?tag=eloabder-20&linkCode=osi&th=1&psc=1">View Product</a></div><div class="product"><a href="https://www.amazon.com/dp/B07NSRQYNP?tag=eloabder-20&linkCode=osi&th=1&psc=1"><img src="https://m.media-amazon.com/images/I/413HwweC7iL._SL500_.jpg" alt="Product Image"></a><p>Rao's Homemade Penne Pasta, 16oz, Traditionally Crafted, Premium Quality, From Durum Semolina Flour, Traditional Bronze Die Cut, Imported from Italy</p><p> -24% 0FF </p><p>$2.18 ($0.14 / Fl Oz)</p><a href="https://www.amazon.com/dp/B07NSRQYNP?tag=eloabder-20&linkCode=osi&th=1&psc=1">View Product</a></div>
<div class="product"><a href="https://www.amazon.com/dp/B00112UBOG?tag=eloabder-20&linkCode=osi&th=1&psc=1"><img src="https://m.media-amazon.com/images/I/51coh9-N5gL._SL500_.jpg" alt="Product Image"></a><p>RiceSelect Arborio Rice for Italian Risotto, Premium Gluten-Free Rice, Non-GMO, 32-Ounce Jar, (Pack of 1)</p><p> -21% 0FF </p><p>$5.99 ($0.19 / Ounces)</p><a href="https://www.amazon.com/dp/B00112UBOG?tag=eloabder-20&linkCode=osi&th=1&psc=1">View Product</a></div>


<div class="product"><a href="https://www.amazon.com/dp/B0BZB9D92K?tag=eloabder-20&linkCode=osi&th=1&psc=1"><img src="https://m.media-amazon.com/images/I/41q74mciXOL._SL500_.jpg" alt="Product Image"></a><p>Amazon Grocery, Canned Pinto Beans, 15.5 Oz (Previously Amazon Fresh, Packaging May Vary)</p><p> -34% 0FF </p><p>$0.55 ($0.04 / Ounce)</p><a href="https://www.amazon.com/dp/B0BZB9D92K?tag=eloabder-20&linkCode=osi&th=1&psc=1">View Product</a></div>
<div class="product"><a href="https://www.amazon.com/dp/B0BZJNJTYV?tag=eloabder-20&linkCode=osi&th=1&psc=1"><img src="https://m.media-amazon.com/images/I/41lSsx2pjSL._SL500_.jpg" alt="Product Image"></a><p>Amazon Grocery, Sweet Peas, 15 Oz (Previously Amazon Fresh, Packaging May Vary)</p><p> -56% 0FF </p><p>$0.71 ($0.05 / Ounce)</p><a href="https://www.amazon.com/dp/B0BZJNJTYV?tag=eloabder-20&linkCode=osi&th=1&psc=1">View Product</a></div><div class="product"><a href="https://www.amazon.com/dp/B078T19Y9X?tag=eloabder-20&linkCode=osi&th=1&psc=1"><img src="https://m.media-amazon.com/images/I/51z+piSY1JL._SL500_.jpg" alt="Product Image"></a><p>DEL MONTE Sweet Peas Canned Vegetables, 12 Pack, 15 oz Can</p><p> -36% 0FF </p><p>$10.08 ($0.06 / Ounce)</p><a href="https://www.amazon.com/dp/B078T19Y9X?tag=eloabder-20&linkCode=osi&th=1&psc=1">View Product</a></div>
<div class="product"><a href="https://www.amazon.com/dp/B00GDVBHU2?tag=eloabder-20&linkCode=osi&th=1&psc=1"><img src="https://m.media-amazon.com/images/I/51BjG0g4q5L._SL500_.jpg" alt="Product Image"></a><p>Blue Diamond Almonds, Raw Whole Natural, 16 Ounce</p><p> -12% 0FF </p><p>$5.99 ($0.37 / Ounce)</p><a href="https://www.amazon.com/dp/B00GDVBHU2?tag=eloabder-20&linkCode=osi&th=1&psc=1">View Product</a></div>

<div class="product"><a href="https://www.amazon.com/dp/B07W1WKDSC?tag=eloabder-20&linkCode=osi&th=1&psc=1"><img src="https://m.media-amazon.com/images/I/31nTopuj99L._SL500_.jpg" alt="Product Image"></a><p>Amazon Grocery, Basil Leaves, 0.95 Oz (Previously Happy Belly, Packaging May Vary)</p><p> -17% 0FF </p><p>$1.59 ($1.67 / Ounce)</p><a href="https://www.amazon.com/dp/B07W1WKDSC?tag=eloabder-20&linkCode=osi&th=1&psc=1">View Product</a></div>

<div class="product"><a href="https://www.amazon.com/dp/B07VXL2JRG?tag=eloabder-20&linkCode=osi&th=1&psc=1"><img src="https://m.media-amazon.com/images/I/31ou5P5dqeL._SL500_.jpg" alt="Product Image"></a><p>Amazon Grocery, Ground Cumin, 2.6 Oz (Previously Happy Belly, Packaging May Vary)</p><p> -17% 0FF </p><p>$1.16 ($0.45 / Ounce)</p><a href="https://www.amazon.com/dp/B07VXL2JRG?tag=eloabder-20&linkCode=osi&th=1&psc=1">View Product</a></div>

<div class="product"><a href="https://www.amazon.com/dp/B07P8M5ZT1?tag=eloabder-20&linkCode=osi&th=1&psc=1"><img src="https://m.media-amazon.com/images/I/31+0qVbfagL._SL500_.jpg" alt="Product Image"></a><p>Amazon Grocery, Olive Oil, Medium Flavor, 16.9 Fl Oz (Previously Amazon Fresh, Packaging May Vary)</p><p> -17% 0FF </p><p>$4.50 ($0.27 / Ounce)</p><a href="https://www.amazon.com/dp/B07P8M5ZT1?tag=eloabder-20&linkCode=osi&th=1&psc=1">View Product</a></div>
<div class="product"><a href="https://www.amazon.com/dp/B00IY5HREA?tag=eloabder-20&linkCode=osi&th=1&psc=1"><img src="https://m.media-amazon.com/images/I/31n5MDrL-QL._SL500_.jpg" alt="Product Image"></a><p>Colavita Balsamic Vinegar of Modena, 17 Ounce Bottle</p><p> -9% 0FF </p><p>$4.22 ($0.25 / Fl Oz)</p><a href="https://www.amazon.com/dp/B00IY5HREA?tag=eloabder-20&linkCode=osi&th=1&psc=1">View Product</a></div><div class="product"><a href="https://www.amazon.com/dp/B0FHNXDWYB?tag=eloabder-20&linkCode=osi&th=1&psc=1"><img src="https://m.media-amazon.com/images/I/41AJ0vvzsSL._SL500_.jpg" alt="Product Image"></a><p>Paolo Natural Orange Balsamic Vinegar, Artisan Crafted, 36-Month Oak Barrel Aged, Sweet & Sour Flavor for Salad Dressings, Pasta, Desserts, Glass Bottle, 5.40 fl oz (160ml)</p><p> -9% 0FF </p><p>$29.99 ($5.55 / Fl Oz)</p><a href="https://www.amazon.com/dp/B0FHNXDWYB?tag=eloabder-20&linkCode=osi&th=1&psc=1">View Product</a></div>
<div class="product"><a href="https://www.amazon.com/dp/B0B46R31XD?tag=eloabder-20&linkCode=osi&th=1&psc=1"><img src="https://m.media-amazon.com/images/I/5176SDI1iyL._SL500_.jpg" alt="Product Image"></a><p>Contadina Canned Tomato Sauce, 15 oz (Pack of 4 Cans)</p><p> -8% 0FF </p><p>$3.98 ($0.07 / Ounce)</p><a href="https://www.amazon.com/dp/B0B46R31XD?tag=eloabder-20&linkCode=osi&th=1&psc=1">View Product</a></div>


<div class="product"><a href="https://www.amazon.com/dp/B07179XBP9?tag=eloabder-20&linkCode=osi&th=1&psc=1"><img src="https://m.media-amazon.com/images/I/61vs7ucqGKL._SL500_.jpg" alt="Product Image"></a><p>Lay's Potato Chips, 4 Flavor Variety Pack, 1 oz Single Serve Bags, (40 Pack)</p><p> -19% 0FF </p><p>$13.19 ($0.33 / Count)</p><a href="https://www.amazon.com/dp/B07179XBP9?tag=eloabder-20&linkCode=osi&th=1&psc=1">View Product</a></div><div class="product"><a href="https://www.amazon.com/dp/B07X1KPLNQ?tag=eloabder-20&linkCode=osi&th=1&psc=1"><img src="https://m.media-amazon.com/images/I/41grpp95ftL._SL500_.jpg" alt="Product Image"></a><p>Amazon Fresh, Wavy Potato Chips, 11 Oz (Previously Happy Belly, Packaging May Vary)</p><p> -12% 0FF </p><p>$2.67 ($0.24 / Ounce)</p><a href="https://www.amazon.com/dp/B07X1KPLNQ?tag=eloabder-20&linkCode=osi&th=1&psc=1">View Product</a></div>

<div class="product"><a href="https://www.amazon.com/dp/B0025W9A5C?tag=eloabder-20&linkCode=osi&th=1&psc=1"><img src="https://m.media-amazon.com/images/I/51Oz8SNo83L._SL500_.jpg" alt="Product Image"></a><p>Nature Valley Crunchy Oats 'n Honey Granola Bars, 60 Bars, 44.7 OZ (30 Pouches)</p><p> -33% 0FF </p><p>$7.49 ($0.17 / Ounce)</p><a href="https://www.amazon.com/dp/B0025W9A5C?tag=eloabder-20&linkCode=osi&th=1&psc=1">View Product</a></div><div class="product"><a href="https://www.amazon.com/dp/B01MRZZ3KC?tag=eloabder-20&linkCode=osi&th=1&psc=1"><img src="https://m.media-amazon.com/images/I/512IgtvlLyL._SL500_.jpg" alt="Product Image"></a><p>Quaker Chewy Granola Bars, Chocolate Chip, 58 Count - Packaging May Vary</p><p> -9% 0FF </p><p>$11.19 ($0.23 / Ounce)</p><a href="https://www.amazon.com/dp/B01MRZZ3KC?tag=eloabder-20&linkCode=osi&th=1&psc=1">View Product</a></div><div class="product"><a href="https://www.amazon.com/dp/B00GHPC47O?tag=eloabder-20&linkCode=osi&th=1&psc=1"><img src="https://m.media-amazon.com/images/I/51YsdKn53VS._SL500_.jpg" alt="Product Image"></a><p>Quaker Chewy Granola Bars, Variety Pack, 18 Count</p><p> -20% 0FF </p><p>$3.97 ($0.26 / Ounce)</p><a href="https://www.amazon.com/dp/B00GHPC47O?tag=eloabder-20&linkCode=osi&th=1&psc=1">View Product</a></div><div class="product"><a href="https://www.amazon.com/dp/B0D9R1BMJR?tag=eloabder-20&linkCode=osi&th=1&psc=1"><img src="https://m.media-amazon.com/images/I/51ksmfNpCJL._SL500_.jpg" alt="Product Image"></a><p>Quaker Chewy Granola Bars, Chewy & Dipps Variety Pack, (58 Bars), Whole Grains, No Artificial Flavors, No Added Colors</p><p> -31% 0FF </p><p>$11.87 ($0.22 / Ounce)</p><a href="https://www.amazon.com/dp/B0D9R1BMJR?tag=eloabder-20&linkCode=osi&th=1&psc=1">View Product</a></div><div class="product"><a href="https://www.amazon.com/dp/B077KYKYKN?tag=eloabder-20&linkCode=osi&th=1&psc=1"><img src="https://m.media-amazon.com/images/I/51qz85lOK2S._SL500_.jpg" alt="Product Image"></a><p>Quaker Chewy Lower Sugar Granola Bars, Chocolate Chip, 58 Count</p><p> -35% 0FF </p><p>$11.19 ($0.23 / Ounce)</p><a href="https://www.amazon.com/dp/B077KYKYKN?tag=eloabder-20&linkCode=osi&th=1&psc=1">View Product</a></div>
<div class="product"><a href="https://www.amazon.com/dp/B07VVGKHLH?tag=eloabder-20&linkCode=osi&th=1&psc=1"><img src="https://m.media-amazon.com/images/I/31hbAFlUK6L._SL500_.jpg" alt="Product Image"></a><p>Amazon Grocery, Garlic Powder, 3.9 Oz (Previously Happy Belly, Packaging May Vary)</p><p> -17% 0FF </p><p>$1.30 ($0.33 / Ounce)</p><a href="https://www.amazon.com/dp/B07VVGKHLH?tag=eloabder-20&linkCode=osi&th=1&psc=1">View Product</a></div>
<div class="product"><a href="https://www.amazon.com/dp/B000WHSD5A?tag=eloabder-20&linkCode=osi&th=1&psc=1"><img src="https://m.media-amazon.com/images/I/41QwGSr0+IL._SL500_.jpg" alt="Product Image"></a><p>Heinz Tomato Ketchup, 20 oz Bottle</p><p> -36% 0FF </p><p>$2.23 ($0.11 / Ounce)</p><a href="https://www.amazon.com/dp/B000WHSD5A?tag=eloabder-20&linkCode=osi&th=1&psc=1">View Product</a></div><div class="product"><a href="https://www.amazon.com/dp/B0005YKO8E?tag=eloabder-20&linkCode=osi&th=1&psc=1"><img src="https://m.media-amazon.com/images/I/41AFhgJ5V7L._SL500_.jpg" alt="Product Image"></a><p>Heinz Tomato Ketchup, 14 oz Bottle</p><p> -36% 0FF </p><p>$1.56 ($0.11 / Ounce)</p><a href="https://www.amazon.com/dp/B0005YKO8E?tag=eloabder-20&linkCode=osi&th=1&psc=1">View Product</a></div><div class="product"><a href="https://www.amazon.com/dp/B01B2OVUAG?tag=eloabder-20&linkCode=osi&th=1&psc=1"><img src="https://m.media-amazon.com/images/I/41gaLzbBsDL._SL500_.jpg" alt="Product Image"></a><p>Heinz Organic Tomato Ketchup, 32 oz Bottle</p><p> -47% 0FF </p><p>$3.67 ($0.11 / Ounce)</p><a href="https://www.amazon.com/dp/B01B2OVUAG?tag=eloabder-20&linkCode=osi&th=1&psc=1">View Product</a></div>
<div class="product"><a href="https://www.amazon.com/dp/B015UBV4N0?tag=eloabder-20&linkCode=osi&th=1&psc=1"><img src="https://m.media-amazon.com/images/I/51NRndhNwoL._SL500_.jpg" alt="Product Image"></a><p>Crofters Organic Premium Spread, Strawberry, 16.5 oz</p><p> -20% 0FF </p><p>$4.96 ($0.30 / oz)</p><a href="https://www.amazon.com/dp/B015UBV4N0?tag=eloabder-20&linkCode=osi&th=1&psc=1">View Product</a></div>
<div class="product"><a href="https://www.amazon.com/dp/B097RW44HZ?tag=eloabder-20&linkCode=osi&th=1&psc=1"><img src="https://m.media-amazon.com/images/I/51OhVkU8+PL._SL500_.jpg" alt="Product Image"></a><p>Apexy Jelly Fruit Candy – Assorted Fruit Flavors, Halloween Treat Juicy Chewy Gel Snacks, Kids & Adults Party Favors, Fun Treats for Goodie Bags & Events 46.9oz (1330g)</p><p> -7% 0FF </p><p>$12.99 ($0.28 / Ounce)</p><a href="https://www.amazon.com/dp/B097RW44HZ?tag=eloabder-20&linkCode=osi&th=1&psc=1">View Product</a></div><div class="product"><a href="https://www.amazon.com/dp/B00099XN56?tag=eloabder-20&linkCode=osi&th=1&psc=1"><img src="https://m.media-amazon.com/images/I/41twfbi883L._SL500_.jpg" alt="Product Image"></a><p>Smucker's Jelly, Mixed Fruit, 12 oz (340 g)</p><p> -11% 0FF </p><p>$9.94 ($0.83 / Ounce)</p><a href="https://www.amazon.com/dp/B00099XN56?tag=eloabder-20&linkCode=osi&th=1&psc=1">View Product</a></div>
<div class="product"><a href="https://www.amazon.com/dp/B0005Z6ZK4?tag=eloabder-20&linkCode=osi&th=1&psc=1"><img src="https://m.media-amazon.com/images/I/31dtADxAZbL._SL500_.jpg" alt="Product Image"></a><p>Nutella Hazelnut Spread with Cocoa, Creamy Hazelnut Spread, Breakfast Favorite, 13 oz Jar</p><p> -30% 0FF </p><p>$3.48 ($0.27 / Ounce)</p><a href="https://www.amazon.com/dp/B0005Z6ZK4?tag=eloabder-20&linkCode=osi&th=1&psc=1">View Product</a></div><div class="product"><a href="https://www.amazon.com/dp/B09PN9S9D4?tag=eloabder-20&linkCode=osi&th=1&psc=1"><img src="https://m.media-amazon.com/images/I/41VpA06vqaL._SL500_.jpg" alt="Product Image"></a><p>Amazon Grocery, Hazelnut Spread With Cocoa, 26.5 Oz (Previously Amazon Fresh, Packaging May Vary)</p><p> -17% 0FF </p><p>$4.12 ($0.16 / Ounce)</p><a href="https://www.amazon.com/dp/B09PN9S9D4?tag=eloabder-20&linkCode=osi&th=1&psc=1">View Product</a></div>
<div class="product"><a href="https://www.amazon.com/dp/B0052BFNLS?tag=eloabder-20&linkCode=osi&th=1&psc=1"><img src="https://m.media-amazon.com/images/I/31Tfk-0-ybL._SL500_.jpg" alt="Product Image"></a><p>Pompeian Gourmet Red Wine Vinegar, Naturally Gluten-Free, 30 Fl Oz</p><p> -5% 0FF </p><p>$5.33 ($0.18 / Fl Oz)</p><a href="https://www.amazon.com/dp/B0052BFNLS?tag=eloabder-20&linkCode=osi&th=1&psc=1">View Product</a></div><div class="product"><a href="https://www.amazon.com/dp/B005AYB38O?tag=eloabder-20&linkCode=osi&th=1&psc=1"><img src="https://m.media-amazon.com/images/I/31tJRcbnsfL._SL500_.jpg" alt="Product Image"></a><p>Napa Valley Naturals Organic Red Wine Vinegar, 12.7 Ounces</p><p> -51% 0FF </p><p>$5.50 ($0.43 / Ounce)</p><a href="https://www.amazon.com/dp/B005AYB38O?tag=eloabder-20&linkCode=osi&th=1&psc=1">View Product</a></div><div class="product"><a href="https://www.amazon.com/dp/B00H1CJG00?tag=eloabder-20&linkCode=osi&th=1&psc=1"><img src="https://m.media-amazon.com/images/I/31pl1n1OONL._SL500_.jpg" alt="Product Image"></a><p>Colavita Wine Vinegar - Red Wine Vinegar, 17 Fl Oz</p><p> -21% 0FF </p><p>$9.51 ($0.56 / Fl Oz)</p><a href="https://www.amazon.com/dp/B00H1CJG00?tag=eloabder-20&linkCode=osi&th=1&psc=1">View Product</a></div>









<div class="product"><a href="https://www.amazon.com/dp/B074H5ZHFH?tag=eloabder-20&linkCode=osi&th=1&psc=1"><img src="https://m.media-amazon.com/images/I/410ymBds87L._SL500_.jpg" alt="Product Image"></a><p>365 by Whole Foods Market, Organic Penne Rigate, 16 Ounce</p><p> -10% 0FF </p><p>$1.97 ($0.12 / Ounce)</p><a href="https://www.amazon.com/dp/B074H5ZHFH?tag=eloabder-20&linkCode=osi&th=1&psc=1">View Product</a></div><div class="product"><a href="https://www.amazon.com/dp/B007MNYZ2M?tag=eloabder-20&linkCode=osi&th=1&psc=1"><img src="https://m.media-amazon.com/images/I/41dAZBCU7kS._SL500_.jpg" alt="Product Image"></a><p>Rummo Italian Pasta Penne Rigate No. 66, Always Al Dente (1lb Package)</p><p> -32% 0FF </p><p>$7.12 ($0.44 / Ounce)</p><a href="https://www.amazon.com/dp/B007MNYZ2M?tag=eloabder-20&linkCode=osi&th=1&psc=1">View Product</a></div><div class="product"><a href="https://www.amazon.com/dp/B07NSRQYNP?tag=eloabder-20&linkCode=osi&th=1&psc=1"><img src="https://m.media-amazon.com/images/I/413HwweC7iL._SL500_.jpg" alt="Product Image"></a><p>Rao's Homemade Penne Pasta, 16oz, Traditionally Crafted, Premium Quality, From Durum Semolina Flour, Traditional Bronze Die Cut, Imported from Italy</p><p> -24% 0FF </p><p>$2.18 ($0.14 / Fl Oz)</p><a href="https://www.amazon.com/dp/B07NSRQYNP?tag=eloabder-20&linkCode=osi&th=1&psc=1">View Product</a></div>
<div class="product"><a href="https://www.amazon.com/dp/B00112UBOG?tag=eloabder-20&linkCode=osi&th=1&psc=1"><img src="https://m.media-amazon.com/images/I/51coh9-N5gL._SL500_.jpg" alt="Product Image"></a><p>RiceSelect Arborio Rice for Italian Risotto, Premium Gluten-Free Rice, Non-GMO, 32-Ounce Jar, (Pack of 1)</p><p> -21% 0FF </p><p>$5.99 ($0.19 / Ounces)</p><a href="https://www.amazon.com/dp/B00112UBOG?tag=eloabder-20&linkCode=osi&th=1&psc=1">View Product</a></div>


<div class="product"><a href="https://www.amazon.com/dp/B0BZB9D92K?tag=eloabder-20&linkCode=osi&th=1&psc=1"><img src="https://m.media-amazon.com/images/I/41q74mciXOL._SL500_.jpg" alt="Product Image"></a><p>Amazon Grocery, Canned Pinto Beans, 15.5 Oz (Previously Amazon Fresh, Packaging May Vary)</p><p> -34% 0FF </p><p>$0.55 ($0.04 / Ounce)</p><a href="https://www.amazon.com/dp/B0BZB9D92K?tag=eloabder-20&linkCode=osi&th=1&psc=1">View Product</a></div>
<div class="product"><a href="https://www.amazon.com/dp/B0BZJNJTYV?tag=eloabder-20&linkCode=osi&th=1&psc=1"><img src="https://m.media-amazon.com/images/I/41lSsx2pjSL._SL500_.jpg" alt="Product Image"></a><p>Amazon Grocery, Sweet Peas, 15 Oz (Previously Amazon Fresh, Packaging May Vary)</p><p> -56% 0FF </p><p>$0.71 ($0.05 / Ounce)</p><a href="https://www.amazon.com/dp/B0BZJNJTYV?tag=eloabder-20&linkCode=osi&th=1&psc=1">View Product</a></div><div class="product"><a href="https://www.amazon.com/dp/B078T19Y9X?tag=eloabder-20&linkCode=osi&th=1&psc=1"><img src="https://m.media-amazon.com/images/I/51z+piSY1JL._SL500_.jpg" alt="Product Image"></a><p>DEL MONTE Sweet Peas Canned Vegetables, 12 Pack, 15 oz Can</p><p> -36% 0FF </p><p>$10.08 ($0.06 / Ounce)</p><a href="https://www.amazon.com/dp/B078T19Y9X?tag=eloabder-20&linkCode=osi&th=1&psc=1">View Product</a></div>
<div class="product"><a href="https://www.amazon.com/dp/B00GDVBHU2?tag=eloabder-20&linkCode=osi&th=1&psc=1"><img src="https://m.media-amazon.com/images/I/51BjG0g4q5L._SL500_.jpg" alt="Product Image"></a><p>Blue Diamond Almonds, Raw Whole Natural, 16 Ounce</p><p> -12% 0FF </p><p>$5.99 ($0.37 / Ounce)</p><a href="https://www.amazon.com/dp/B00GDVBHU2?tag=eloabder-20&linkCode=osi&th=1&psc=1">View Product</a></div>

<div class="product"><a href="https://www.amazon.com/dp/B07W1WKDSC?tag=eloabder-20&linkCode=osi&th=1&psc=1"><img src="https://m.media-amazon.com/images/I/31nTopuj99L._SL500_.jpg" alt="Product Image"></a><p>Amazon Grocery, Basil Leaves, 0.95 Oz (Previously Happy Belly, Packaging May Vary)</p><p> -17% 0FF </p><p>$1.59 ($1.67 / Ounce)</p><a href="https://www.amazon.com/dp/B07W1WKDSC?tag=eloabder-20&linkCode=osi&th=1&psc=1">View Product</a></div>

<div class="product"><a href="https://www.amazon.com/dp/B07VXL2JRG?tag=eloabder-20&linkCode=osi&th=1&psc=1"><img src="https://m.media-amazon.com/images/I/31ou5P5dqeL._SL500_.jpg" alt="Product Image"></a><p>Amazon Grocery, Ground Cumin, 2.6 Oz (Previously Happy Belly, Packaging May Vary)</p><p> -17% 0FF </p><p>$1.16 ($0.45 / Ounce)</p><a href="https://www.amazon.com/dp/B07VXL2JRG?tag=eloabder-20&linkCode=osi&th=1&psc=1">View Product</a></div>

<div class="product"><a href="https://www.amazon.com/dp/B07P8M5ZT1?tag=eloabder-20&linkCode=osi&th=1&psc=1"><img src="https://m.media-amazon.com/images/I/31+0qVbfagL._SL500_.jpg" alt="Product Image"></a><p>Amazon Grocery, Olive Oil, Medium Flavor, 16.9 Fl Oz (Previously Amazon Fresh, Packaging May Vary)</p><p> -17% 0FF </p><p>$4.50 ($0.27 / Ounce)</p><a href="https://www.amazon.com/dp/B07P8M5ZT1?tag=eloabder-20&linkCode=osi&th=1&psc=1">View Product</a></div>
<div class="product"><a href="https://www.amazon.com/dp/B00IY5HREA?tag=eloabder-20&linkCode=osi&th=1&psc=1"><img src="https://m.media-amazon.com/images/I/31n5MDrL-QL._SL500_.jpg" alt="Product Image"></a><p>Colavita Balsamic Vinegar of Modena, 17 Ounce Bottle</p><p> -9% 0FF </p><p>$4.22 ($0.25 / Fl Oz)</p><a href="https://www.amazon.com/dp/B00IY5HREA?tag=eloabder-20&linkCode=osi&th=1&psc=1">View Product</a></div><div class="product"><a href="https://www.amazon.com/dp/B0FHNXDWYB?tag=eloabder-20&linkCode=osi&th=1&psc=1"><img src="https://m.media-amazon.com/images/I/41AJ0vvzsSL._SL500_.jpg" alt="Product Image"></a><p>Paolo Natural Orange Balsamic Vinegar, Artisan Crafted, 36-Month Oak Barrel Aged, Sweet & Sour Flavor for Salad Dressings, Pasta, Desserts, Glass Bottle, 5.40 fl oz (160ml)</p><p> -9% 0FF </p><p>$29.99 ($5.55 / Fl Oz)</p><a href="https://www.amazon.com/dp/B0FHNXDWYB?tag=eloabder-20&linkCode=osi&th=1&psc=1">View Product</a></div>
<div class="product"><a href="https://www.amazon.com/dp/B0B46R31XD?tag=eloabder-20&linkCode=osi&th=1&psc=1"><img src="https://m.media-amazon.com/images/I/5176SDI1iyL._SL500_.jpg" alt="Product Image"></a><p>Contadina Canned Tomato Sauce, 15 oz (Pack of 4 Cans)</p><p> -8% 0FF </p><p>$3.98 ($0.07 / Ounce)</p><a href="https://www.amazon.com/dp/B0B46R31XD?tag=eloabder-20&linkCode=osi&th=1&psc=1">View Product</a></div>


<div class="product"><a href="https://www.amazon.com/dp/B07179XBP9?tag=eloabder-20&linkCode=osi&th=1&psc=1"><img src="https://m.media-amazon.com/images/I/61vs7ucqGKL._SL500_.jpg" alt="Product Image"></a><p>Lay's Potato Chips, 4 Flavor Variety Pack, 1 oz Single Serve Bags, (40 Pack)</p><p> -19% 0FF </p><p>$13.19 ($0.33 / Count)</p><a href="https://www.amazon.com/dp/B07179XBP9?tag=eloabder-20&linkCode=osi&th=1&psc=1">View Product</a></div><div class="product"><a href="https://www.amazon.com/dp/B07X1KPLNQ?tag=eloabder-20&linkCode=osi&th=1&psc=1"><img src="https://m.media-amazon.com/images/I/41grpp95ftL._SL500_.jpg" alt="Product Image"></a><p>Amazon Fresh, Wavy Potato Chips, 11 Oz (Previously Happy Belly, Packaging May Vary)</p><p> -12% 0FF </p><p>$2.67 ($0.24 / Ounce)</p><a href="https://www.amazon.com/dp/B07X1KPLNQ?tag=eloabder-20&linkCode=osi&th=1&psc=1">View Product</a></div>


<div class="product"><a href="https://www.amazon.com/dp/B0025W9A5C?tag=eloabder-20&linkCode=osi&th=1&psc=1"><img src="https://m.media-amazon.com/images/I/51Oz8SNo83L._SL500_.jpg" alt="Product Image"></a><p>Nature Valley Crunchy Oats 'n Honey Granola Bars, 60 Bars, 44.7 OZ (30 Pouches)</p><p> -33% 0FF </p><p>$7.49 ($0.17 / Ounce)</p><a href="https://www.amazon.com/dp/B0025W9A5C?tag=eloabder-20&linkCode=osi&th=1&psc=1">View Product</a></div><div class="product"><a href="https://www.amazon.com/dp/B01MRZZ3KC?tag=eloabder-20&linkCode=osi&th=1&psc=1"><img src="https://m.media-amazon.com/images/I/512IgtvlLyL._SL500_.jpg" alt="Product Image"></a><p>Quaker Chewy Granola Bars, Chocolate Chip, 58 Count - Packaging May Vary</p><p> -9% 0FF </p><p>$11.19 ($0.23 / Ounce)</p><a href="https://www.amazon.com/dp/B01MRZZ3KC?tag=eloabder-20&linkCode=osi&th=1&psc=1">View Product</a></div><div class="product"><a href="https://www.amazon.com/dp/B00GHPC47O?tag=eloabder-20&linkCode=osi&th=1&psc=1"><img src="https://m.media-amazon.com/images/I/51YsdKn53VS._SL500_.jpg" alt="Product Image"></a><p>Quaker Chewy Granola Bars, Variety Pack, 18 Count</p><p> -20% 0FF </p><p>$3.97 ($0.26 / Ounce)</p><a href="https://www.amazon.com/dp/B00GHPC47O?tag=eloabder-20&linkCode=osi&th=1&psc=1">View Product</a></div><div class="product"><a href="https://www.amazon.com/dp/B0D9R1BMJR?tag=eloabder-20&linkCode=osi&th=1&psc=1"><img src="https://m.media-amazon.com/images/I/51ksmfNpCJL._SL500_.jpg" alt="Product Image"></a><p>Quaker Chewy Granola Bars, Chewy & Dipps Variety Pack, (58 Bars), Whole Grains, No Artificial Flavors, No Added Colors</p><p> -31% 0FF </p><p>$11.87 ($0.22 / Ounce)</p><a href="https://www.amazon.com/dp/B0D9R1BMJR?tag=eloabder-20&linkCode=osi&th=1&psc=1">View Product</a></div><div class="product"><a href="https://www.amazon.com/dp/B077KYKYKN?tag=eloabder-20&linkCode=osi&th=1&psc=1"><img src="https://m.media-amazon.com/images/I/51qz85lOK2S._SL500_.jpg" alt="Product Image"></a><p>Quaker Chewy Lower Sugar Granola Bars, Chocolate Chip, 58 Count</p><p> -35% 0FF </p><p>$11.19 ($0.23 / Ounce)</p><a href="https://www.amazon.com/dp/B077KYKYKN?tag=eloabder-20&linkCode=osi&th=1&psc=1">View Product</a></div>
<div class="product"><a href="https://www.amazon.com/dp/B07VVGKHLH?tag=eloabder-20&linkCode=osi&th=1&psc=1"><img src="https://m.media-amazon.com/images/I/31hbAFlUK6L._SL500_.jpg" alt="Product Image"></a><p>Amazon Grocery, Garlic Powder, 3.9 Oz (Previously Happy Belly, Packaging May Vary)</p><p> -17% 0FF </p><p>$1.30 ($0.33 / Ounce)</p><a href="https://www.amazon.com/dp/B07VVGKHLH?tag=eloabder-20&linkCode=osi&th=1&psc=1">View Product</a></div>
<div class="product"><a href="https://www.amazon.com/dp/B000WHSD5A?tag=eloabder-20&linkCode=osi&th=1&psc=1"><img src="https://m.media-amazon.com/images/I/41QwGSr0+IL._SL500_.jpg" alt="Product Image"></a><p>Heinz Tomato Ketchup, 20 oz Bottle</p><p> -36% 0FF </p><p>$2.23 ($0.11 / Ounce)</p><a href="https://www.amazon.com/dp/B000WHSD5A?tag=eloabder-20&linkCode=osi&th=1&psc=1">View Product</a></div><div class="product"><a href="https://www.amazon.com/dp/B0005YKO8E?tag=eloabder-20&linkCode=osi&th=1&psc=1"><img src="https://m.media-amazon.com/images/I/41AFhgJ5V7L._SL500_.jpg" alt="Product Image"></a><p>Heinz Tomato Ketchup, 14 oz Bottle</p><p> -36% 0FF </p><p>$1.56 ($0.11 / Ounce)</p><a href="https://www.amazon.com/dp/B0005YKO8E?tag=eloabder-20&linkCode=osi&th=1&psc=1">View Product</a></div><div class="product"><a href="https://www.amazon.com/dp/B01B2OVUAG?tag=eloabder-20&linkCode=osi&th=1&psc=1"><img src="https://m.media-amazon.com/images/I/41gaLzbBsDL._SL500_.jpg" alt="Product Image"></a><p>Heinz Organic Tomato Ketchup, 32 oz Bottle</p><p> -47% 0FF </p><p>$3.67 ($0.11 / Ounce)</p><a href="https://www.amazon.com/dp/B01B2OVUAG?tag=eloabder-20&linkCode=osi&th=1&psc=1">View Product</a></div>
<div class="product"><a href="https://www.amazon.com/dp/B015UBV4N0?tag=eloabder-20&linkCode=osi&th=1&psc=1"><img src="https://m.media-amazon.com/images/I/51NRndhNwoL._SL500_.jpg" alt="Product Image"></a><p>Crofters Organic Premium Spread, Strawberry, 16.5 oz</p><p> -20% 0FF </p><p>$4.96 ($0.30 / oz)</p><a href="https://www.amazon.com/dp/B015UBV4N0?tag=eloabder-20&linkCode=osi&th=1&psc=1">View Product</a></div>
<div class="product"><a href="https://www.amazon.com/dp/B097RW44HZ?tag=eloabder-20&linkCode=osi&th=1&psc=1"><img src="https://m.media-amazon.com/images/I/51OhVkU8+PL._SL500_.jpg" alt="Product Image"></a><p>Apexy Jelly Fruit Candy – Assorted Fruit Flavors, Halloween Treat Juicy Chewy Gel Snacks, Kids & Adults Party Favors, Fun Treats for Goodie Bags & Events 46.9oz (1330g)</p><p> -7% 0FF </p><p>$12.99 ($0.28 / Ounce)</p><a href="https://www.amazon.com/dp/B097RW44HZ?tag=eloabder-20&linkCode=osi&th=1&psc=1">View Product</a></div><div class="product"><a href="https://www.amazon.com/dp/B00099XN56?tag=eloabder-20&linkCode=osi&th=1&psc=1"><img src="https://m.media-amazon.com/images/I/41twfbi883L._SL500_.jpg" alt="Product Image"></a><p>Smucker's Jelly, Mixed Fruit, 12 oz (340 g)</p><p> -11% 0FF </p><p>$9.94 ($0.83 / Ounce)</p><a href="https://www.amazon.com/dp/B00099XN56?tag=eloabder-20&linkCode=osi&th=1&psc=1">View Product</a></div>
<div class="product"><a href="https://www.amazon.com/dp/B0005Z6ZK4?tag=eloabder-20&linkCode=osi&th=1&psc=1"><img src="https://m.media-amazon.com/images/I/31dtADxAZbL._SL500_.jpg" alt="Product Image"></a><p>Nutella Hazelnut Spread with Cocoa, Creamy Hazelnut Spread, Breakfast Favorite, 13 oz Jar</p><p> -30% 0FF </p><p>$3.48 ($0.27 / Ounce)</p><a href="https://www.amazon.com/dp/B0005Z6ZK4?tag=eloabder-20&linkCode=osi&th=1&psc=1">View Product</a></div><div class="product"><a href="https://www.amazon.com/dp/B09PN9S9D4?tag=eloabder-20&linkCode=osi&th=1&psc=1"><img src="https://m.media-amazon.com/images/I/41VpA06vqaL._SL500_.jpg" alt="Product Image"></a><p>Amazon Grocery, Hazelnut Spread With Cocoa, 26.5 Oz (Previously Amazon Fresh, Packaging May Vary)</p><p> -17% 0FF </p><p>$4.12 ($0.16 / Ounce)</p><a href="https://www.amazon.com/dp/B09PN9S9D4?tag=eloabder-20&linkCode=osi&th=1&psc=1">View Product</a></div>
<div class="product"><a href="https://www.amazon.com/dp/B0052BFNLS?tag=eloabder-20&linkCode=osi&th=1&psc=1"><img src="https://m.media-amazon.com/images/I/31Tfk-0-ybL._SL500_.jpg" alt="Product Image"></a><p>Pompeian Gourmet Red Wine Vinegar, Naturally Gluten-Free, 30 Fl Oz</p><p> -5% 0FF </p><p>$5.33 ($0.18 / Fl Oz)</p><a href="https://www.amazon.com/dp/B0052BFNLS?tag=eloabder-20&linkCode=osi&th=1&psc=1">View Product</a></div><div class="product"><a href="https://www.amazon.com/dp/B005AYB38O?tag=eloabder-20&linkCode=osi&th=1&psc=1"><img src="https://m.media-amazon.com/images/I/31tJRcbnsfL._SL500_.jpg" alt="Product Image"></a><p>Napa Valley Naturals Organic Red Wine Vinegar, 12.7 Ounces</p><p> -51% 0FF </p><p>$5.50 ($0.43 / Ounce)</p><a href="https://www.amazon.com/dp/B005AYB38O?tag=eloabder-20&linkCode=osi&th=1&psc=1">View Product</a></div><div class="product"><a href="https://www.amazon.com/dp/B00H1CJG00?tag=eloabder-20&linkCode=osi&th=1&psc=1"><img src="https://m.media-amazon.com/images/I/31pl1n1OONL._SL500_.jpg" alt="Product Image"></a><p>Colavita Wine Vinegar - Red Wine Vinegar, 17 Fl Oz</p><p> -21% 0FF </p><p>$9.51 ($0.56 / Fl Oz)</p><a href="https://www.amazon.com/dp/B00H1CJG00?tag=eloabder-20&linkCode=osi&th=1&psc=1">View Product</a></div>









<div class="product"><a href="https://www.amazon.com/dp/B074H5ZHFH?tag=eloabder-20&linkCode=osi&th=1&psc=1"><img src="https://m.media-amazon.com/images/I/410ymBds87L._SL500_.jpg" alt="Product Image"></a><p>365 by Whole Foods Market, Organic Penne Rigate, 16 Ounce</p><p> -10% 0FF </p><p>$1.97 ($0.12 / Ounce)</p><a href="https://www.amazon.com/dp/B074H5ZHFH?tag=eloabder-20&linkCode=osi&th=1&psc=1">View Product</a></div><div class="product"><a href="https://www.amazon.com/dp/B007MNYZ2M?tag=eloabder-20&linkCode=osi&th=1&psc=1"><img src="https://m.media-amazon.com/images/I/41dAZBCU7kS._SL500_.jpg" alt="Product Image"></a><p>Rummo Italian Pasta Penne Rigate No. 66, Always Al Dente (1lb Package)</p><p> -32% 0FF </p><p>$7.12 ($0.44 / Ounce)</p><a href="https://www.amazon.com/dp/B007MNYZ2M?tag=eloabder-20&linkCode=osi&th=1&psc=1">View Product</a></div><div class="product"><a href="https://www.amazon.com/dp/B07NSRQYNP?tag=eloabder-20&linkCode=osi&th=1&psc=1"><img src="https://m.media-amazon.com/images/I/413HwweC7iL._SL500_.jpg" alt="Product Image"></a><p>Rao's Homemade Penne Pasta, 16oz, Traditionally Crafted, Premium Quality, From Durum Semolina Flour, Traditional Bronze Die Cut, Imported from Italy</p><p> -24% 0FF </p><p>$2.18 ($0.14 / Fl Oz)</p><a href="https://www.amazon.com/dp/B07NSRQYNP?tag=eloabder-20&linkCode=osi&th=1&psc=1">View Product</a></div>
<div class="product"><a href="https://www.amazon.com/dp/B00112UBOG?tag=eloabder-20&linkCode=osi&th=1&psc=1"><img src="https://m.media-amazon.com/images/I/51coh9-N5gL._SL500_.jpg" alt="Product Image"></a><p>RiceSelect Arborio Rice for Italian Risotto, Premium Gluten-Free Rice, Non-GMO, 32-Ounce Jar, (Pack of 1)</p><p> -21% 0FF </p><p>$5.99 ($0.19 / Ounces)</p><a href="https://www.amazon.com/dp/B00112UBOG?tag=eloabder-20&linkCode=osi&th=1&psc=1">View Product</a></div>


<div class="product"><a href="https://www.amazon.com/dp/B0BZB9D92K?tag=eloabder-20&linkCode=osi&th=1&psc=1"><img src="https://m.media-amazon.com/images/I/41q74mciXOL._SL500_.jpg" alt="Product Image"></a><p>Amazon Grocery, Canned Pinto Beans, 15.5 Oz (Previously Amazon Fresh, Packaging May Vary)</p><p> -34% 0FF </p><p>$0.55 ($0.04 / Ounce)</p><a href="https://www.amazon.com/dp/B0BZB9D92K?tag=eloabder-20&linkCode=osi&th=1&psc=1">View Product</a></div>
<div class="product"><a href="https://www.amazon.com/dp/B0BZJNJTYV?tag=eloabder-20&linkCode=osi&th=1&psc=1"><img src="https://m.media-amazon.com/images/I/41lSsx2pjSL._SL500_.jpg" alt="Product Image"></a><p>Amazon Grocery, Sweet Peas, 15 Oz (Previously Amazon Fresh, Packaging May Vary)</p><p> -56% 0FF </p><p>$0.71 ($0.05 / Ounce)</p><a href="https://www.amazon.com/dp/B0BZJNJTYV?tag=eloabder-20&linkCode=osi&th=1&psc=1">View Product</a></div><div class="product"><a href="https://www.amazon.com/dp/B078T19Y9X?tag=eloabder-20&linkCode=osi&th=1&psc=1"><img src="https://m.media-amazon.com/images/I/51z+piSY1JL._SL500_.jpg" alt="Product Image"></a><p>DEL MONTE Sweet Peas Canned Vegetables, 12 Pack, 15 oz Can</p><p> -36% 0FF </p><p>$10.08 ($0.06 / Ounce)</p><a href="https://www.amazon.com/dp/B078T19Y9X?tag=eloabder-20&linkCode=osi&th=1&psc=1">View Product</a></div>
<div class="product"><a href="https://www.amazon.com/dp/B00GDVBHU2?tag=eloabder-20&linkCode=osi&th=1&psc=1"><img src="https://m.media-amazon.com/images/I/51BjG0g4q5L._SL500_.jpg" alt="Product Image"></a><p>Blue Diamond Almonds, Raw Whole Natural, 16 Ounce</p><p> -12% 0FF </p><p>$5.99 ($0.37 / Ounce)</p><a href="https://www.amazon.com/dp/B00GDVBHU2?tag=eloabder-20&linkCode=osi&th=1&psc=1">View Product</a></div>

<div class="product"><a href="https://www.amazon.com/dp/B07W1WKDSC?tag=eloabder-20&linkCode=osi&th=1&psc=1"><img src="https://m.media-amazon.com/images/I/31nTopuj99L._SL500_.jpg" alt="Product Image"></a><p>Amazon Grocery, Basil Leaves, 0.95 Oz (Previously Happy Belly, Packaging May Vary)</p><p> -17% 0FF </p><p>$1.59 ($1.67 / Ounce)</p><a href="https://www.amazon.com/dp/B07W1WKDSC?tag=eloabder-20&linkCode=osi&th=1&psc=1">View Product</a></div>

<div class="product"><a href="https://www.amazon.com/dp/B07VXL2JRG?tag=eloabder-20&linkCode=osi&th=1&psc=1"><img src="https://m.media-amazon.com/images/I/31ou5P5dqeL._SL500_.jpg" alt="Product Image"></a><p>Amazon Grocery, Ground Cumin, 2.6 Oz (Previously Happy Belly, Packaging May Vary)</p><p> -17% 0FF </p><p>$1.16 ($0.45 / Ounce)</p><a href="https://www.amazon.com/dp/B07VXL2JRG?tag=eloabder-20&linkCode=osi&th=1&psc=1">View Product</a></div>

<div class="product"><a href="https://www.amazon.com/dp/B07P8M5ZT1?tag=eloabder-20&linkCode=osi&th=1&psc=1"><img src="https://m.media-amazon.com/images/I/31+0qVbfagL._SL500_.jpg" alt="Product Image"></a><p>Amazon Grocery, Olive Oil, Medium Flavor, 16.9 Fl Oz (Previously Amazon Fresh, Packaging May Vary)</p><p> -17% 0FF </p><p>$4.50 ($0.27 / Ounce)</p><a href="https://www.amazon.com/dp/B07P8M5ZT1?tag=eloabder-20&linkCode=osi&th=1&psc=1">View Product</a></div>
<div class="product"><a href="https://www.amazon.com/dp/B00IY5HREA?tag=eloabder-20&linkCode=osi&th=1&psc=1"><img src="https://m.media-amazon.com/images/I/31n5MDrL-QL._SL500_.jpg" alt="Product Image"></a><p>Colavita Balsamic Vinegar of Modena, 17 Ounce Bottle</p><p> -9% 0FF </p><p>$4.22 ($0.25 / Fl Oz)</p><a href="https://www.amazon.com/dp/B00IY5HREA?tag=eloabder-20&linkCode=osi&th=1&psc=1">View Product</a></div><div class="product"><a href="https://www.amazon.com/dp/B0FHNXDWYB?tag=eloabder-20&linkCode=osi&th=1&psc=1"><img src="https://m.media-amazon.com/images/I/41AJ0vvzsSL._SL500_.jpg" alt="Product Image"></a><p>Paolo Natural Orange Balsamic Vinegar, Artisan Crafted, 36-Month Oak Barrel Aged, Sweet & Sour Flavor for Salad Dressings, Pasta, Desserts, Glass Bottle, 5.40 fl oz (160ml)</p><p> -9% 0FF </p><p>$29.99 ($5.55 / Fl Oz)</p><a href="https://www.amazon.com/dp/B0FHNXDWYB?tag=eloabder-20&linkCode=osi&th=1&psc=1">View Product</a></div>
<div class="product"><a href="https://www.amazon.com/dp/B0B46R31XD?tag=eloabder-20&linkCode=osi&th=1&psc=1"><img src="https://m.media-amazon.com/images/I/5176SDI1iyL._SL500_.jpg" alt="Product Image"></a><p>Contadina Canned Tomato Sauce, 15 oz (Pack of 4 Cans)</p><p> -8% 0FF </p><p>$3.98 ($0.07 / Ounce)</p><a href="https://www.amazon.com/dp/B0B46R31XD?tag=eloabder-20&linkCode=osi&th=1&psc=1">View Product</a></div>


<div class="product"><a href="https://www.amazon.com/dp/B07179XBP9?tag=eloabder-20&linkCode=osi&th=1&psc=1"><img src="https://m.media-amazon.com/images/I/61vs7ucqGKL._SL500_.jpg" alt="Product Image"></a><p>Lay's Potato Chips, 4 Flavor Variety Pack, 1 oz Single Serve Bags, (40 Pack)</p><p> -19% 0FF </p><p>$13.19 ($0.33 / Count)</p><a href="https://www.amazon.com/dp/B07179XBP9?tag=eloabder-20&linkCode=osi&th=1&psc=1">View Product</a></div><div class="product"><a href="https://www.amazon.com/dp/B07X1KPLNQ?tag=eloabder-20&linkCode=osi&th=1&psc=1"><img src="https://m.media-amazon.com/images/I/41grpp95ftL._SL500_.jpg" alt="Product Image"></a><p>Amazon Fresh, Wavy Potato Chips, 11 Oz (Previously Happy Belly, Packaging May Vary)</p><p> -12% 0FF </p><p>$2.67 ($0.24 / Ounce)</p><a href="https://www.amazon.com/dp/B07X1KPLNQ?tag=eloabder-20&linkCode=osi&th=1&psc=1">View Product</a></div>



<div class="product"><a href="https://www.amazon.com/dp/B0025W9A5C?tag=eloabder-20&linkCode=osi&th=1&psc=1"><img src="https://m.media-amazon.com/images/I/51Oz8SNo83L._SL500_.jpg" alt="Product Image"></a><p>Nature Valley Crunchy Oats 'n Honey Granola Bars, 60 Bars, 44.7 OZ (30 Pouches)</p><p> -33% 0FF </p><p>$7.49 ($0.17 / Ounce)</p><a href="https://www.amazon.com/dp/B0025W9A5C?tag=eloabder-20&linkCode=osi&th=1&psc=1">View Product</a></div><div class="product"><a href="https://www.amazon.com/dp/B01MRZZ3KC?tag=eloabder-20&linkCode=osi&th=1&psc=1"><img src="https://m.media-amazon.com/images/I/512IgtvlLyL._SL500_.jpg" alt="Product Image"></a><p>Quaker Chewy Granola Bars, Chocolate Chip, 58 Count - Packaging May Vary</p><p> -9% 0FF </p><p>$11.19 ($0.23 / Ounce)</p><a href="https://www.amazon.com/dp/B01MRZZ3KC?tag=eloabder-20&linkCode=osi&th=1&psc=1">View Product</a></div><div class="product"><a href="https://www.amazon.com/dp/B00GHPC47O?tag=eloabder-20&linkCode=osi&th=1&psc=1"><img src="https://m.media-amazon.com/images/I/51YsdKn53VS._SL500_.jpg" alt="Product Image"></a><p>Quaker Chewy Granola Bars, Variety Pack, 18 Count</p><p> -20% 0FF </p><p>$3.97 ($0.26 / Ounce)</p><a href="https://www.amazon.com/dp/B00GHPC47O?tag=eloabder-20&linkCode=osi&th=1&psc=1">View Product</a></div><div class="product"><a href="https://www.amazon.com/dp/B0D9R1BMJR?tag=eloabder-20&linkCode=osi&th=1&psc=1"><img src="https://m.media-amazon.com/images/I/51ksmfNpCJL._SL500_.jpg" alt="Product Image"></a><p>Quaker Chewy Granola Bars, Chewy & Dipps Variety Pack, (58 Bars), Whole Grains, No Artificial Flavors, No Added Colors</p><p> -31% 0FF </p><p>$11.87 ($0.22 / Ounce)</p><a href="https://www.amazon.com/dp/B0D9R1BMJR?tag=eloabder-20&linkCode=osi&th=1&psc=1">View Product</a></div><div class="product"><a href="https://www.amazon.com/dp/B077KYKYKN?tag=eloabder-20&linkCode=osi&th=1&psc=1"><img src="https://m.media-amazon.com/images/I/51qz85lOK2S._SL500_.jpg" alt="Product Image"></a><p>Quaker Chewy Lower Sugar Granola Bars, Chocolate Chip, 58 Count</p><p> -35% 0FF </p><p>$11.19 ($0.23 / Ounce)</p><a href="https://www.amazon.com/dp/B077KYKYKN?tag=eloabder-20&linkCode=osi&th=1&psc=1">View Product</a></div>
<div class="product"><a href="https://www.amazon.com/dp/B07VVGKHLH?tag=eloabder-20&linkCode=osi&th=1&psc=1"><img src="https://m.media-amazon.com/images/I/31hbAFlUK6L._SL500_.jpg" alt="Product Image"></a><p>Amazon Grocery, Garlic Powder, 3.9 Oz (Previously Happy Belly, Packaging May Vary)</p><p> -17% 0FF </p><p>$1.30 ($0.33 / Ounce)</p><a href="https://www.amazon.com/dp/B07VVGKHLH?tag=eloabder-20&linkCode=osi&th=1&psc=1">View Product</a></div>
<div class="product"><a href="https://www.amazon.com/dp/B000WHSD5A?tag=eloabder-20&linkCode=osi&th=1&psc=1"><img src="https://m.media-amazon.com/images/I/41QwGSr0+IL._SL500_.jpg" alt="Product Image"></a><p>Heinz Tomato Ketchup, 20 oz Bottle</p><p> -36% 0FF </p><p>$2.23 ($0.11 / Ounce)</p><a href="https://www.amazon.com/dp/B000WHSD5A?tag=eloabder-20&linkCode=osi&th=1&psc=1">View Product</a></div><div class="product"><a href="https://www.amazon.com/dp/B0005YKO8E?tag=eloabder-20&linkCode=osi&th=1&psc=1"><img src="https://m.media-amazon.com/images/I/41AFhgJ5V7L._SL500_.jpg" alt="Product Image"></a><p>Heinz Tomato Ketchup, 14 oz Bottle</p><p> -36% 0FF </p><p>$1.56 ($0.11 / Ounce)</p><a href="https://www.amazon.com/dp/B0005YKO8E?tag=eloabder-20&linkCode=osi&th=1&psc=1">View Product</a></div><div class="product"><a href="https://www.amazon.com/dp/B01B2OVUAG?tag=eloabder-20&linkCode=osi&th=1&psc=1"><img src="https://m.media-amazon.com/images/I/41gaLzbBsDL._SL500_.jpg" alt="Product Image"></a><p>Heinz Organic Tomato Ketchup, 32 oz Bottle</p><p> -47% 0FF </p><p>$3.67 ($0.11 / Ounce)</p><a href="https://www.amazon.com/dp/B01B2OVUAG?tag=eloabder-20&linkCode=osi&th=1&psc=1">View Product</a></div>
<div class="product"><a href="https://www.amazon.com/dp/B015UBV4N0?tag=eloabder-20&linkCode=osi&th=1&psc=1"><img src="https://m.media-amazon.com/images/I/51NRndhNwoL._SL500_.jpg" alt="Product Image"></a><p>Crofters Organic Premium Spread, Strawberry, 16.5 oz</p><p> -20% 0FF </p><p>$4.96 ($0.30 / oz)</p><a href="https://www.amazon.com/dp/B015UBV4N0?tag=eloabder-20&linkCode=osi&th=1&psc=1">View Product</a></div>
<div class="product"><a href="https://www.amazon.com/dp/B097RW44HZ?tag=eloabder-20&linkCode=osi&th=1&psc=1"><img src="https://m.media-amazon.com/images/I/51OhVkU8+PL._SL500_.jpg" alt="Product Image"></a><p>Apexy Jelly Fruit Candy – Assorted Fruit Flavors, Halloween Treat Juicy Chewy Gel Snacks, Kids & Adults Party Favors, Fun Treats for Goodie Bags & Events 46.9oz (1330g)</p><p> -7% 0FF </p><p>$12.99 ($0.28 / Ounce)</p><a href="https://www.amazon.com/dp/B097RW44HZ?tag=eloabder-20&linkCode=osi&th=1&psc=1">View Product</a></div><div class="product"><a href="https://www.amazon.com/dp/B00099XN56?tag=eloabder-20&linkCode=osi&th=1&psc=1"><img src="https://m.media-amazon.com/images/I/41twfbi883L._SL500_.jpg" alt="Product Image"></a><p>Smucker's Jelly, Mixed Fruit, 12 oz (340 g)</p><p> -11% 0FF </p><p>$9.94 ($0.83 / Ounce)</p><a href="https://www.amazon.com/dp/B00099XN56?tag=eloabder-20&linkCode=osi&th=1&psc=1">View Product</a></div>
<div class="product"><a href="https://www.amazon.com/dp/B0005Z6ZK4?tag=eloabder-20&linkCode=osi&th=1&psc=1"><img src="https://m.media-amazon.com/images/I/31dtADxAZbL._SL500_.jpg" alt="Product Image"></a><p>Nutella Hazelnut Spread with Cocoa, Creamy Hazelnut Spread, Breakfast Favorite, 13 oz Jar</p><p> -30% 0FF </p><p>$3.48 ($0.27 / Ounce)</p><a href="https://www.amazon.com/dp/B0005Z6ZK4?tag=eloabder-20&linkCode=osi&th=1&psc=1">View Product</a></div><div class="product"><a href="https://www.amazon.com/dp/B09PN9S9D4?tag=eloabder-20&linkCode=osi&th=1&psc=1"><img src="https://m.media-amazon.com/images/I/41VpA06vqaL._SL500_.jpg" alt="Product Image"></a><p>Amazon Grocery, Hazelnut Spread With Cocoa, 26.5 Oz (Previously Amazon Fresh, Packaging May Vary)</p><p> -17% 0FF </p><p>$4.12 ($0.16 / Ounce)</p><a href="https://www.amazon.com/dp/B09PN9S9D4?tag=eloabder-20&linkCode=osi&th=1&psc=1">View Product</a></div>
<div class="product"><a href="https://www.amazon.com/dp/B0052BFNLS?tag=eloabder-20&linkCode=osi&th=1&psc=1"><img src="https://m.media-amazon.com/images/I/31Tfk-0-ybL._SL500_.jpg" alt="Product Image"></a><p>Pompeian Gourmet Red Wine Vinegar, Naturally Gluten-Free, 30 Fl Oz</p><p> -5% 0FF </p><p>$5.33 ($0.18 / Fl Oz)</p><a href="https://www.amazon.com/dp/B0052BFNLS?tag=eloabder-20&linkCode=osi&th=1&psc=1">View Product</a></div><div class="product"><a href="https://www.amazon.com/dp/B005AYB38O?tag=eloabder-20&linkCode=osi&th=1&psc=1"><img src="https://m.media-amazon.com/images/I/31tJRcbnsfL._SL500_.jpg" alt="Product Image"></a><p>Napa Valley Naturals Organic Red Wine Vinegar, 12.7 Ounces</p><p> -51% 0FF </p><p>$5.50 ($0.43 / Ounce)</p><a href="https://www.amazon.com/dp/B005AYB38O?tag=eloabder-20&linkCode=osi&th=1&psc=1">View Product</a></div><div class="product"><a href="https://www.amazon.com/dp/B00H1CJG00?tag=eloabder-20&linkCode=osi&th=1&psc=1"><img src="https://m.media-amazon.com/images/I/31pl1n1OONL._SL500_.jpg" alt="Product Image"></a><p>Colavita Wine Vinegar - Red Wine Vinegar, 17 Fl Oz</p><p> -21% 0FF </p><p>$9.51 ($0.56 / Fl Oz)</p><a href="https://www.amazon.com/dp/B00H1CJG00?tag=eloabder-20&linkCode=osi&th=1&psc=1">View Product</a></div>









<div class="product"><a href="https://www.amazon.com/dp/B074H5ZHFH?tag=eloabder-20&linkCode=osi&th=1&psc=1"><img src="https://m.media-amazon.com/images/I/410ymBds87L._SL500_.jpg" alt="Product Image"></a><p>365 by Whole Foods Market, Organic Penne Rigate, 16 Ounce</p><p> -10% 0FF </p><p>$1.97 ($0.12 / Ounce)</p><a href="https://www.amazon.com/dp/B074H5ZHFH?tag=eloabder-20&linkCode=osi&th=1&psc=1">View Product</a></div><div class="product"><a href="https://www.amazon.com/dp/B007MNYZ2M?tag=eloabder-20&linkCode=osi&th=1&psc=1"><img src="https://m.media-amazon.com/images/I/41dAZBCU7kS._SL500_.jpg" alt="Product Image"></a><p>Rummo Italian Pasta Penne Rigate No. 66, Always Al Dente (1lb Package)</p><p> -32% 0FF </p><p>$7.12 ($0.44 / Ounce)</p><a href="https://www.amazon.com/dp/B007MNYZ2M?tag=eloabder-20&linkCode=osi&th=1&psc=1">View Product</a></div><div class="product"><a href="https://www.amazon.com/dp/B07NSRQYNP?tag=eloabder-20&linkCode=osi&th=1&psc=1"><img src="https://m.media-amazon.com/images/I/413HwweC7iL._SL500_.jpg" alt="Product Image"></a><p>Rao's Homemade Penne Pasta, 16oz, Traditionally Crafted, Premium Quality, From Durum Semolina Flour, Traditional Bronze Die Cut, Imported from Italy</p><p> -24% 0FF </p><p>$2.18 ($0.14 / Fl Oz)</p><a href="https://www.amazon.com/dp/B07NSRQYNP?tag=eloabder-20&linkCode=osi&th=1&psc=1">View Product</a></div>
<div class="product"><a href="https://www.amazon.com/dp/B00112UBOG?tag=eloabder-20&linkCode=osi&th=1&psc=1"><img src="https://m.media-amazon.com/images/I/51coh9-N5gL._SL500_.jpg" alt="Product Image"></a><p>RiceSelect Arborio Rice for Italian Risotto, Premium Gluten-Free Rice, Non-GMO, 32-Ounce Jar, (Pack of 1)</p><p> -21% 0FF </p><p>$5.99 ($0.19 / Ounces)</p><a href="https://www.amazon.com/dp/B00112UBOG?tag=eloabder-20&linkCode=osi&th=1&psc=1">View Product</a></div>


<div class="product"><a href="https://www.amazon.com/dp/B0BZB9D92K?tag=eloabder-20&linkCode=osi&th=1&psc=1"><img src="https://m.media-amazon.com/images/I/41q74mciXOL._SL500_.jpg" alt="Product Image"></a><p>Amazon Grocery, Canned Pinto Beans, 15.5 Oz (Previously Amazon Fresh, Packaging May Vary)</p><p> -34% 0FF </p><p>$0.55 ($0.04 / Ounce)</p><a href="https://www.amazon.com/dp/B0BZB9D92K?tag=eloabder-20&linkCode=osi&th=1&psc=1">View Product</a></div>
<div class="product"><a href="https://www.amazon.com/dp/B0BZJNJTYV?tag=eloabder-20&linkCode=osi&th=1&psc=1"><img src="https://m.media-amazon.com/images/I/41lSsx2pjSL._SL500_.jpg" alt="Product Image"></a><p>Amazon Grocery, Sweet Peas, 15 Oz (Previously Amazon Fresh, Packaging May Vary)</p><p> -56% 0FF </p><p>$0.71 ($0.05 / Ounce)</p><a href="https://www.amazon.com/dp/B0BZJNJTYV?tag=eloabder-20&linkCode=osi&th=1&psc=1">View Product</a></div><div class="product"><a href="https://www.amazon.com/dp/B078T19Y9X?tag=eloabder-20&linkCode=osi&th=1&psc=1"><img src="https://m.media-amazon.com/images/I/51z+piSY1JL._SL500_.jpg" alt="Product Image"></a><p>DEL MONTE Sweet Peas Canned Vegetables, 12 Pack, 15 oz Can</p><p> -36% 0FF </p><p>$10.08 ($0.06 / Ounce)</p><a href="https://www.amazon.com/dp/B078T19Y9X?tag=eloabder-20&linkCode=osi&th=1&psc=1">View Product</a></div>
<div class="product"><a href="https://www.amazon.com/dp/B00GDVBHU2?tag=eloabder-20&linkCode=osi&th=1&psc=1"><img src="https://m.media-amazon.com/images/I/51BjG0g4q5L._SL500_.jpg" alt="Product Image"></a><p>Blue Diamond Almonds, Raw Whole Natural, 16 Ounce</p><p> -12% 0FF </p><p>$5.99 ($0.37 / Ounce)</p><a href="https://www.amazon.com/dp/B00GDVBHU2?tag=eloabder-20&linkCode=osi&th=1&psc=1">View Product</a></div>

<div class="product"><a href="https://www.amazon.com/dp/B07W1WKDSC?tag=eloabder-20&linkCode=osi&th=1&psc=1"><img src="https://m.media-amazon.com/images/I/31nTopuj99L._SL500_.jpg" alt="Product Image"></a><p>Amazon Grocery, Basil Leaves, 0.95 Oz (Previously Happy Belly, Packaging May Vary)</p><p> -17% 0FF </p><p>$1.59 ($1.67 / Ounce)</p><a href="https://www.amazon.com/dp/B07W1WKDSC?tag=eloabder-20&linkCode=osi&th=1&psc=1">View Product</a></div>

<div class="product"><a href="https://www.amazon.com/dp/B07VXL2JRG?tag=eloabder-20&linkCode=osi&th=1&psc=1"><img src="https://m.media-amazon.com/images/I/31ou5P5dqeL._SL500_.jpg" alt="Product Image"></a><p>Amazon Grocery, Ground Cumin, 2.6 Oz (Previously Happy Belly, Packaging May Vary)</p><p> -17% 0FF </p><p>$1.16 ($0.45 / Ounce)</p><a href="https://www.amazon.com/dp/B07VXL2JRG?tag=eloabder-20&linkCode=osi&th=1&psc=1">View Product</a></div>

<div class="product"><a href="https://www.amazon.com/dp/B07P8M5ZT1?tag=eloabder-20&linkCode=osi&th=1&psc=1"><img src="https://m.media-amazon.com/images/I/31+0qVbfagL._SL500_.jpg" alt="Product Image"></a><p>Amazon Grocery, Olive Oil, Medium Flavor, 16.9 Fl Oz (Previously Amazon Fresh, Packaging May Vary)</p><p> -17% 0FF </p><p>$4.50 ($0.27 / Ounce)</p><a href="https://www.amazon.com/dp/B07P8M5ZT1?tag=eloabder-20&linkCode=osi&th=1&psc=1">View Product</a></div>
<div class="product"><a href="https://www.amazon.com/dp/B00IY5HREA?tag=eloabder-20&linkCode=osi&th=1&psc=1"><img src="https://m.media-amazon.com/images/I/31n5MDrL-QL._SL500_.jpg" alt="Product Image"></a><p>Colavita Balsamic Vinegar of Modena, 17 Ounce Bottle</p><p> -9% 0FF </p><p>$4.22 ($0.25 / Fl Oz)</p><a href="https://www.amazon.com/dp/B00IY5HREA?tag=eloabder-20&linkCode=osi&th=1&psc=1">View Product</a></div><div class="product"><a href="https://www.amazon.com/dp/B0FHNXDWYB?tag=eloabder-20&linkCode=osi&th=1&psc=1"><img src="https://m.media-amazon.com/images/I/41AJ0vvzsSL._SL500_.jpg" alt="Product Image"></a><p>Paolo Natural Orange Balsamic Vinegar, Artisan Crafted, 36-Month Oak Barrel Aged, Sweet & Sour Flavor for Salad Dressings, Pasta, Desserts, Glass Bottle, 5.40 fl oz (160ml)</p><p> -9% 0FF </p><p>$29.99 ($5.55 / Fl Oz)</p><a href="https://www.amazon.com/dp/B0FHNXDWYB?tag=eloabder-20&linkCode=osi&th=1&psc=1">View Product</a></div>
<div class="product"><a href="https://www.amazon.com/dp/B0B46R31XD?tag=eloabder-20&linkCode=osi&th=1&psc=1"><img src="https://m.media-amazon.com/images/I/5176SDI1iyL._SL500_.jpg" alt="Product Image"></a><p>Contadina Canned Tomato Sauce, 15 oz (Pack of 4 Cans)</p><p> -8% 0FF </p><p>$3.98 ($0.07 / Ounce)</p><a href="https://www.amazon.com/dp/B0B46R31XD?tag=eloabder-20&linkCode=osi&th=1&psc=1">View Product</a></div>


<div class="product"><a href="https://www.amazon.com/dp/B07179XBP9?tag=eloabder-20&linkCode=osi&th=1&psc=1"><img src="https://m.media-amazon.com/images/I/61vs7ucqGKL._SL500_.jpg" alt="Product Image"></a><p>Lay's Potato Chips, 4 Flavor Variety Pack, 1 oz Single Serve Bags, (40 Pack)</p><p> -19% 0FF </p><p>$13.19 ($0.33 / Count)</p><a href="https://www.amazon.com/dp/B07179XBP9?tag=eloabder-20&linkCode=osi&th=1&psc=1">View Product</a></div><div class="product"><a href="https://www.amazon.com/dp/B07X1KPLNQ?tag=eloabder-20&linkCode=osi&th=1&psc=1"><img src="https://m.media-amazon.com/images/I/41grpp95ftL._SL500_.jpg" alt="Product Image"></a><p>Amazon Fresh, Wavy Potato Chips, 11 Oz (Previously Happy Belly, Packaging May Vary)</p><p> -12% 0FF </p><p>$2.67 ($0.24 / Ounce)</p><a href="https://www.amazon.com/dp/B07X1KPLNQ?tag=eloabder-20&linkCode=osi&th=1&psc=1">View Product</a></div>


<div class="product"><a href="https://www.amazon.com/dp/B09NPB2DNT?tag=eloabder-20&linkCode=osi&th=1&psc=1"><img src="https://m.media-amazon.com/images/I/41EB1IsYvHL._SL500_.jpg" alt="Product Image"></a><p>M&M'S, SNICKERS & MILKY WAY Fun Size Chocolate Candy Variety Pack, Assorted Chocolate Candy Variety Pack for Halloween, Party Size, 19.2 Oz Bulk Bag</p><p> -6% 0FF </p><p>$8.99 ($0.47 / Ounce)</p><a href="https://www.amazon.com/dp/B09NPB2DNT?tag=eloabder-20&linkCode=osi&th=1&psc=1">View Product</a></div><div class="product"><a href="https://www.amazon.com/dp/B0DVM7JWP6?tag=eloabder-20&linkCode=osi&th=1&psc=1"><img src="https://m.media-amazon.com/images/I/51Lc-U8ExNL._SL500_.jpg" alt="Product Image"></a><p>Butterfinger, CRUNCH, Baby Ruth, 100 Grand Mini and Fun Size Assorted Candy Bars, Bulk 80 Count Pack, 32.1 oz</p><p> -20% 0FF </p><p>$11.19</p><a href="https://www.amazon.com/dp/B0DVM7JWP6?tag=eloabder-20&linkCode=osi&th=1&psc=1">View Product</a></div><div class="product"><a href="https://www.amazon.com/dp/B09NMX9CGB?tag=eloabder-20&linkCode=osi&th=1&psc=1"><img src="https://m.media-amazon.com/images/I/51donixesTL._SL500_.jpg" alt="Product Image"></a><p>Butterfinger, CRUNCH, Baby Ruth, 100 Grand Fun Size Assorted Candy Bars, Great for Sharing, Bulk 60 Count Pack, 37.2 oz</p><p> -20% 0FF </p><p>$11.79 ($0.32 / Ounce)</p><a href="https://www.amazon.com/dp/B09NMX9CGB?tag=eloabder-20&linkCode=osi&th=1&psc=1">View Product</a></div>

<div class="product"><a href="https://www.amazon.com/dp/B0025W9A5C?tag=eloabder-20&linkCode=osi&th=1&psc=1"><img src="https://m.media-amazon.com/images/I/51Oz8SNo83L._SL500_.jpg" alt="Product Image"></a><p>Nature Valley Crunchy Oats 'n Honey Granola Bars, 60 Bars, 44.7 OZ (30 Pouches)</p><p> -33% 0FF </p><p>$7.49 ($0.17 / Ounce)</p><a href="https://www.amazon.com/dp/B0025W9A5C?tag=eloabder-20&linkCode=osi&th=1&psc=1">View Product</a></div><div class="product"><a href="https://www.amazon.com/dp/B01MRZZ3KC?tag=eloabder-20&linkCode=osi&th=1&psc=1"><img src="https://m.media-amazon.com/images/I/512IgtvlLyL._SL500_.jpg" alt="Product Image"></a><p>Quaker Chewy Granola Bars, Chocolate Chip, 58 Count - Packaging May Vary</p><p> -9% 0FF </p><p>$11.19 ($0.23 / Ounce)</p><a href="https://www.amazon.com/dp/B01MRZZ3KC?tag=eloabder-20&linkCode=osi&th=1&psc=1">View Product</a></div><div class="product"><a href="https://www.amazon.com/dp/B00GHPC47O?tag=eloabder-20&linkCode=osi&th=1&psc=1"><img src="https://m.media-amazon.com/images/I/51YsdKn53VS._SL500_.jpg" alt="Product Image"></a><p>Quaker Chewy Granola Bars, Variety Pack, 18 Count</p><p> -20% 0FF </p><p>$3.97 ($0.26 / Ounce)</p><a href="https://www.amazon.com/dp/B00GHPC47O?tag=eloabder-20&linkCode=osi&th=1&psc=1">View Product</a></div><div class="product"><a href="https://www.amazon.com/dp/B0D9R1BMJR?tag=eloabder-20&linkCode=osi&th=1&psc=1"><img src="https://m.media-amazon.com/images/I/51ksmfNpCJL._SL500_.jpg" alt="Product Image"></a><p>Quaker Chewy Granola Bars, Chewy & Dipps Variety Pack, (58 Bars), Whole Grains, No Artificial Flavors, No Added Colors</p><p> -31% 0FF </p><p>$11.87 ($0.22 / Ounce)</p><a href="https://www.amazon.com/dp/B0D9R1BMJR?tag=eloabder-20&linkCode=osi&th=1&psc=1">View Product</a></div><div class="product"><a href="https://www.amazon.com/dp/B077KYKYKN?tag=eloabder-20&linkCode=osi&th=1&psc=1"><img src="https://m.media-amazon.com/images/I/51qz85lOK2S._SL500_.jpg" alt="Product Image"></a><p>Quaker Chewy Lower Sugar Granola Bars, Chocolate Chip, 58 Count</p><p> -35% 0FF </p><p>$11.19 ($0.23 / Ounce)</p><a href="https://www.amazon.com/dp/B077KYKYKN?tag=eloabder-20&linkCode=osi&th=1&psc=1">View Product</a></div>
<div class="product"><a href="https://www.amazon.com/dp/B07VVGKHLH?tag=eloabder-20&linkCode=osi&th=1&psc=1"><img src="https://m.media-amazon.com/images/I/31hbAFlUK6L._SL500_.jpg" alt="Product Image"></a><p>Amazon Grocery, Garlic Powder, 3.9 Oz (Previously Happy Belly, Packaging May Vary)</p><p> -17% 0FF </p><p>$1.30 ($0.33 / Ounce)</p><a href="https://www.amazon.com/dp/B07VVGKHLH?tag=eloabder-20&linkCode=osi&th=1&psc=1">View Product</a></div>
<div class="product"><a href="https://www.amazon.com/dp/B000WHSD5A?tag=eloabder-20&linkCode=osi&th=1&psc=1"><img src="https://m.media-amazon.com/images/I/41QwGSr0+IL._SL500_.jpg" alt="Product Image"></a><p>Heinz Tomato Ketchup, 20 oz Bottle</p><p> -36% 0FF </p><p>$2.23 ($0.11 / Ounce)</p><a href="https://www.amazon.com/dp/B000WHSD5A?tag=eloabder-20&linkCode=osi&th=1&psc=1">View Product</a></div><div class="product"><a href="https://www.amazon.com/dp/B0005YKO8E?tag=eloabder-20&linkCode=osi&th=1&psc=1"><img src="https://m.media-amazon.com/images/I/41AFhgJ5V7L._SL500_.jpg" alt="Product Image"></a><p>Heinz Tomato Ketchup, 14 oz Bottle</p><p> -36% 0FF </p><p>$1.56 ($0.11 / Ounce)</p><a href="https://www.amazon.com/dp/B0005YKO8E?tag=eloabder-20&linkCode=osi&th=1&psc=1">View Product</a></div><div class="product"><a href="https://www.amazon.com/dp/B01B2OVUAG?tag=eloabder-20&linkCode=osi&th=1&psc=1"><img src="https://m.media-amazon.com/images/I/41gaLzbBsDL._SL500_.jpg" alt="Product Image"></a><p>Heinz Organic Tomato Ketchup, 32 oz Bottle</p><p> -47% 0FF </p><p>$3.67 ($0.11 / Ounce)</p><a href="https://www.amazon.com/dp/B01B2OVUAG?tag=eloabder-20&linkCode=osi&th=1&psc=1">View Product</a></div>
<div class="product"><a href="https://www.amazon.com/dp/B015UBV4N0?tag=eloabder-20&linkCode=osi&th=1&psc=1"><img src="https://m.media-amazon.com/images/I/51NRndhNwoL._SL500_.jpg" alt="Product Image"></a><p>Crofters Organic Premium Spread, Strawberry, 16.5 oz</p><p> -20% 0FF </p><p>$4.96 ($0.30 / oz)</p><a href="https://www.amazon.com/dp/B015UBV4N0?tag=eloabder-20&linkCode=osi&th=1&psc=1">View Product</a></div>
<div class="product"><a href="https://www.amazon.com/dp/B097RW44HZ?tag=eloabder-20&linkCode=osi&th=1&psc=1"><img src="https://m.media-amazon.com/images/I/51OhVkU8+PL._SL500_.jpg" alt="Product Image"></a><p>Apexy Jelly Fruit Candy – Assorted Fruit Flavors, Halloween Treat Juicy Chewy Gel Snacks, Kids & Adults Party Favors, Fun Treats for Goodie Bags & Events 46.9oz (1330g)</p><p> -7% 0FF </p><p>$12.99 ($0.28 / Ounce)</p><a href="https://www.amazon.com/dp/B097RW44HZ?tag=eloabder-20&linkCode=osi&th=1&psc=1">View Product</a></div><div class="product"><a href="https://www.amazon.com/dp/B00099XN56?tag=eloabder-20&linkCode=osi&th=1&psc=1"><img src="https://m.media-amazon.com/images/I/41twfbi883L._SL500_.jpg" alt="Product Image"></a><p>Smucker's Jelly, Mixed Fruit, 12 oz (340 g)</p><p> -11% 0FF </p><p>$9.94 ($0.83 / Ounce)</p><a href="https://www.amazon.com/dp/B00099XN56?tag=eloabder-20&linkCode=osi&th=1&psc=1">View Product</a></div>
<div class="product"><a href="https://www.amazon.com/dp/B0005Z6ZK4?tag=eloabder-20&linkCode=osi&th=1&psc=1"><img src="https://m.media-amazon.com/images/I/31dtADxAZbL._SL500_.jpg" alt="Product Image"></a><p>Nutella Hazelnut Spread with Cocoa, Creamy Hazelnut Spread, Breakfast Favorite, 13 oz Jar</p><p> -30% 0FF </p><p>$3.48 ($0.27 / Ounce)</p><a href="https://www.amazon.com/dp/B0005Z6ZK4?tag=eloabder-20&linkCode=osi&th=1&psc=1">View Product</a></div><div class="product"><a href="https://www.amazon.com/dp/B09PN9S9D4?tag=eloabder-20&linkCode=osi&th=1&psc=1"><img src="https://m.media-amazon.com/images/I/41VpA06vqaL._SL500_.jpg" alt="Product Image"></a><p>Amazon Grocery, Hazelnut Spread With Cocoa, 26.5 Oz (Previously Amazon Fresh, Packaging May Vary)</p><p> -17% 0FF </p><p>$4.12 ($0.16 / Ounce)</p><a href="https://www.amazon.com/dp/B09PN9S9D4?tag=eloabder-20&linkCode=osi&th=1&psc=1">View Product</a></div>
<div class="product"><a href="https://www.amazon.com/dp/B0052BFNLS?tag=eloabder-20&linkCode=osi&th=1&psc=1"><img src="https://m.media-amazon.com/images/I/31Tfk-0-ybL._SL500_.jpg" alt="Product Image"></a><p>Pompeian Gourmet Red Wine Vinegar, Naturally Gluten-Free, 30 Fl Oz</p><p> -5% 0FF </p><p>$5.33 ($0.18 / Fl Oz)</p><a href="https://www.amazon.com/dp/B0052BFNLS?tag=eloabder-20&linkCode=osi&th=1&psc=1">View Product</a></div><div class="product"><a href="https://www.amazon.com/dp/B005AYB38O?tag=eloabder-20&linkCode=osi&th=1&psc=1"><img src="https://m.media-amazon.com/images/I/31tJRcbnsfL._SL500_.jpg" alt="Product Image"></a><p>Napa Valley Naturals Organic Red Wine Vinegar, 12.7 Ounces</p><p> -51% 0FF </p><p>$5.50 ($0.43 / Ounce)</p><a href="https://www.amazon.com/dp/B005AYB38O?tag=eloabder-20&linkCode=osi&th=1&psc=1">View Product</a></div><div class="product"><a href="https://www.amazon.com/dp/B00H1CJG00?tag=eloabder-20&linkCode=osi&th=1&psc=1"><img src="https://m.media-amazon.com/images/I/31pl1n1OONL._SL500_.jpg" alt="Product Image"></a><p>Colavita Wine Vinegar - Red Wine Vinegar, 17 Fl Oz</p><p> -21% 0FF </p><p>$9.51 ($0.56 / Fl Oz)</p><a href="https://www.amazon.com/dp/B00H1CJG00?tag=eloabder-20&linkCode=osi&th=1&psc=1">View Product</a></div>









<div class="product"><a href="https://www.amazon.com/dp/B074H5ZHFH?tag=eloabder-20&linkCode=osi&th=1&psc=1"><img src="https://m.media-amazon.com/images/I/410ymBds87L._SL500_.jpg" alt="Product Image"></a><p>365 by Whole Foods Market, Organic Penne Rigate, 16 Ounce</p><p> -10% 0FF </p><p>$1.97 ($0.12 / Ounce)</p><a href="https://www.amazon.com/dp/B074H5ZHFH?tag=eloabder-20&linkCode=osi&th=1&psc=1">View Product</a></div><div class="product"><a href="https://www.amazon.com/dp/B007MNYZ2M?tag=eloabder-20&linkCode=osi&th=1&psc=1"><img src="https://m.media-amazon.com/images/I/41dAZBCU7kS._SL500_.jpg" alt="Product Image"></a><p>Rummo Italian Pasta Penne Rigate No. 66, Always Al Dente (1lb Package)</p><p> -32% 0FF </p><p>$7.12 ($0.44 / Ounce)</p><a href="https://www.amazon.com/dp/B007MNYZ2M?tag=eloabder-20&linkCode=osi&th=1&psc=1">View Product</a></div><div class="product"><a href="https://www.amazon.com/dp/B07NSRQYNP?tag=eloabder-20&linkCode=osi&th=1&psc=1"><img src="https://m.media-amazon.com/images/I/413HwweC7iL._SL500_.jpg" alt="Product Image"></a><p>Rao's Homemade Penne Pasta, 16oz, Traditionally Crafted, Premium Quality, From Durum Semolina Flour, Traditional Bronze Die Cut, Imported from Italy</p><p> -24% 0FF </p><p>$2.18 ($0.14 / Fl Oz)</p><a href="https://www.amazon.com/dp/B07NSRQYNP?tag=eloabder-20&linkCode=osi&th=1&psc=1">View Product</a></div>
<div class="product"><a href="https://www.amazon.com/dp/B00112UBOG?tag=eloabder-20&linkCode=osi&th=1&psc=1"><img src="https://m.media-amazon.com/images/I/51coh9-N5gL._SL500_.jpg" alt="Product Image"></a><p>RiceSelect Arborio Rice for Italian Risotto, Premium Gluten-Free Rice, Non-GMO, 32-Ounce Jar, (Pack of 1)</p><p> -21% 0FF </p><p>$5.99 ($0.19 / Ounces)</p><a href="https://www.amazon.com/dp/B00112UBOG?tag=eloabder-20&linkCode=osi&th=1&psc=1">View Product</a></div>


<div class="product"><a href="https://www.amazon.com/dp/B0BZB9D92K?tag=eloabder-20&linkCode=osi&th=1&psc=1"><img src="https://m.media-amazon.com/images/I/41q74mciXOL._SL500_.jpg" alt="Product Image"></a><p>Amazon Grocery, Canned Pinto Beans, 15.5 Oz (Previously Amazon Fresh, Packaging May Vary)</p><p> -34% 0FF </p><p>$0.55 ($0.04 / Ounce)</p><a href="https://www.amazon.com/dp/B0BZB9D92K?tag=eloabder-20&linkCode=osi&th=1&psc=1">View Product</a></div>
<div class="product"><a href="https://www.amazon.com/dp/B0BZJNJTYV?tag=eloabder-20&linkCode=osi&th=1&psc=1"><img src="https://m.media-amazon.com/images/I/41lSsx2pjSL._SL500_.jpg" alt="Product Image"></a><p>Amazon Grocery, Sweet Peas, 15 Oz (Previously Amazon Fresh, Packaging May Vary)</p><p> -56% 0FF </p><p>$0.71 ($0.05 / Ounce)</p><a href="https://www.amazon.com/dp/B0BZJNJTYV?tag=eloabder-20&linkCode=osi&th=1&psc=1">View Product</a></div><div class="product"><a href="https://www.amazon.com/dp/B078T19Y9X?tag=eloabder-20&linkCode=osi&th=1&psc=1"><img src="https://m.media-amazon.com/images/I/51z+piSY1JL._SL500_.jpg" alt="Product Image"></a><p>DEL MONTE Sweet Peas Canned Vegetables, 12 Pack, 15 oz Can</p><p> -36% 0FF </p><p>$10.08 ($0.06 / Ounce)</p><a href="https://www.amazon.com/dp/B078T19Y9X?tag=eloabder-20&linkCode=osi&th=1&psc=1">View Product</a></div>
<div class="product"><a href="https://www.amazon.com/dp/B00GDVBHU2?tag=eloabder-20&linkCode=osi&th=1&psc=1"><img src="https://m.media-amazon.com/images/I/51BjG0g4q5L._SL500_.jpg" alt="Product Image"></a><p>Blue Diamond Almonds, Raw Whole Natural, 16 Ounce</p><p> -12% 0FF </p><p>$5.99 ($0.37 / Ounce)</p><a href="https://www.amazon.com/dp/B00GDVBHU2?tag=eloabder-20&linkCode=osi&th=1&psc=1">View Product</a></div>

<div class="product"><a href="https://www.amazon.com/dp/B07W1WKDSC?tag=eloabder-20&linkCode=osi&th=1&psc=1"><img src="https://m.media-amazon.com/images/I/31nTopuj99L._SL500_.jpg" alt="Product Image"></a><p>Amazon Grocery, Basil Leaves, 0.95 Oz (Previously Happy Belly, Packaging May Vary)</p><p> -17% 0FF </p><p>$1.59 ($1.67 / Ounce)</p><a href="https://www.amazon.com/dp/B07W1WKDSC?tag=eloabder-20&linkCode=osi&th=1&psc=1">View Product</a></div>

<div class="product"><a href="https://www.amazon.com/dp/B07VXL2JRG?tag=eloabder-20&linkCode=osi&th=1&psc=1"><img src="https://m.media-amazon.com/images/I/31ou5P5dqeL._SL500_.jpg" alt="Product Image"></a><p>Amazon Grocery, Ground Cumin, 2.6 Oz (Previously Happy Belly, Packaging May Vary)</p><p> -17% 0FF </p><p>$1.16 ($0.45 / Ounce)</p><a href="https://www.amazon.com/dp/B07VXL2JRG?tag=eloabder-20&linkCode=osi&th=1&psc=1">View Product</a></div>

<div class="product"><a href="https://www.amazon.com/dp/B07P8M5ZT1?tag=eloabder-20&linkCode=osi&th=1&psc=1"><img src="https://m.media-amazon.com/images/I/31+0qVbfagL._SL500_.jpg" alt="Product Image"></a><p>Amazon Grocery, Olive Oil, Medium Flavor, 16.9 Fl Oz (Previously Amazon Fresh, Packaging May Vary)</p><p> -17% 0FF </p><p>$4.50 ($0.27 / Ounce)</p><a href="https://www.amazon.com/dp/B07P8M5ZT1?tag=eloabder-20&linkCode=osi&th=1&psc=1">View Product</a></div>
<div class="product"><a href="https://www.amazon.com/dp/B00IY5HREA?tag=eloabder-20&linkCode=osi&th=1&psc=1"><img src="https://m.media-amazon.com/images/I/31n5MDrL-QL._SL500_.jpg" alt="Product Image"></a><p>Colavita Balsamic Vinegar of Modena, 17 Ounce Bottle</p><p> -9% 0FF </p><p>$4.22 ($0.25 / Fl Oz)</p><a href="https://www.amazon.com/dp/B00IY5HREA?tag=eloabder-20&linkCode=osi&th=1&psc=1">View Product</a></div><div class="product"><a href="https://www.amazon.com/dp/B0FHNXDWYB?tag=eloabder-20&linkCode=osi&th=1&psc=1"><img src="https://m.media-amazon.com/images/I/41AJ0vvzsSL._SL500_.jpg" alt="Product Image"></a><p>Paolo Natural Orange Balsamic Vinegar, Artisan Crafted, 36-Month Oak Barrel Aged, Sweet & Sour Flavor for Salad Dressings, Pasta, Desserts, Glass Bottle, 5.40 fl oz (160ml)</p><p> -9% 0FF </p><p>$29.99 ($5.55 / Fl Oz)</p><a href="https://www.amazon.com/dp/B0FHNXDWYB?tag=eloabder-20&linkCode=osi&th=1&psc=1">View Product</a></div>
<div class="product"><a href="https://www.amazon.com/dp/B0B46R31XD?tag=eloabder-20&linkCode=osi&th=1&psc=1"><img src="https://m.media-amazon.com/images/I/5176SDI1iyL._SL500_.jpg" alt="Product Image"></a><p>Contadina Canned Tomato Sauce, 15 oz (Pack of 4 Cans)</p><p> -8% 0FF </p><p>$3.98 ($0.07 / Ounce)</p><a href="https://www.amazon.com/dp/B0B46R31XD?tag=eloabder-20&linkCode=osi&th=1&psc=1">View Product</a></div>


<div class="product"><a href="https://www.amazon.com/dp/B07179XBP9?tag=eloabder-20&linkCode=osi&th=1&psc=1"><img src="https://m.media-amazon.com/images/I/61vs7ucqGKL._SL500_.jpg" alt="Product Image"></a><p>Lay's Potato Chips, 4 Flavor Variety Pack, 1 oz Single Serve Bags, (40 Pack)</p><p> -19% 0FF </p><p>$13.19 ($0.33 / Count)</p><a href="https://www.amazon.com/dp/B07179XBP9?tag=eloabder-20&linkCode=osi&th=1&psc=1">View Product</a></div><div class="product"><a href="https://www.amazon.com/dp/B07X1KPLNQ?tag=eloabder-20&linkCode=osi&th=1&psc=1"><img src="https://m.media-amazon.com/images/I/41grpp95ftL._SL500_.jpg" alt="Product Image"></a><p>Amazon Fresh, Wavy Potato Chips, 11 Oz (Previously Happy Belly, Packaging May Vary)</p><p> -12% 0FF </p><p>$2.67 ($0.24 / Ounce)</p><a href="https://www.amazon.com/dp/B07X1KPLNQ?tag=eloabder-20&linkCode=osi&th=1&psc=1">View Product</a></div>


<div class="product"><a href="https://www.amazon.com/dp/B09NPB2DNT?tag=eloabder-20&linkCode=osi&th=1&psc=1"><img src="https://m.media-amazon.com/images/I/41EB1IsYvHL._SL500_.jpg" alt="Product Image"></a><p>M&M'S, SNICKERS & MILKY WAY Fun Size Chocolate Candy Variety Pack, Assorted Chocolate Candy Variety Pack for Halloween, Party Size, 19.2 Oz Bulk Bag</p><p> -6% 0FF </p><p>$8.99 ($0.47 / Ounce)</p><a href="https://www.amazon.com/dp/B09NPB2DNT?tag=eloabder-20&linkCode=osi&th=1&psc=1">View Product</a></div><div class="product"><a href="https://www.amazon.com/dp/B0DVM7JWP6?tag=eloabder-20&linkCode=osi&th=1&psc=1"><img src="https://m.media-amazon.com/images/I/51Lc-U8ExNL._SL500_.jpg" alt="Product Image"></a><p>Butterfinger, CRUNCH, Baby Ruth, 100 Grand Mini and Fun Size Assorted Candy Bars, Bulk 80 Count Pack, 32.1 oz</p><p> -20% 0FF </p><p>$11.19</p><a href="https://www.amazon.com/dp/B0DVM7JWP6?tag=eloabder-20&linkCode=osi&th=1&psc=1">View Product</a></div><div class="product"><a href="https://www.amazon.com/dp/B09NMX9CGB?tag=eloabder-20&linkCode=osi&th=1&psc=1"><img src="https://m.media-amazon.com/images/I/51donixesTL._SL500_.jpg" alt="Product Image"></a><p>Butterfinger, CRUNCH, Baby Ruth, 100 Grand Fun Size Assorted Candy Bars, Great for Sharing, Bulk 60 Count Pack, 37.2 oz</p><p> -20% 0FF </p><p>$11.79 ($0.32 / Ounce)</p><a href="https://www.amazon.com/dp/B09NMX9CGB?tag=eloabder-20&linkCode=osi&th=1&psc=1">View Product</a></div>


<div class="product"><a href="https://www.amazon.com/dp/B0025W9A5C?tag=eloabder-20&linkCode=osi&th=1&psc=1"><img src="https://m.media-amazon.com/images/I/51Oz8SNo83L._SL500_.jpg" alt="Product Image"></a><p>Nature Valley Crunchy Oats 'n Honey Granola Bars, 60 Bars, 44.7 OZ (30 Pouches)</p><p> -33% 0FF </p><p>$7.49 ($0.17 / Ounce)</p><a href="https://www.amazon.com/dp/B0025W9A5C?tag=eloabder-20&linkCode=osi&th=1&psc=1">View Product</a></div><div class="product"><a href="https://www.amazon.com/dp/B01MRZZ3KC?tag=eloabder-20&linkCode=osi&th=1&psc=1"><img src="https://m.media-amazon.com/images/I/512IgtvlLyL._SL500_.jpg" alt="Product Image"></a><p>Quaker Chewy Granola Bars, Chocolate Chip, 58 Count - Packaging May Vary</p><p> -9% 0FF </p><p>$11.19 ($0.23 / Ounce)</p><a href="https://www.amazon.com/dp/B01MRZZ3KC?tag=eloabder-20&linkCode=osi&th=1&psc=1">View Product</a></div><div class="product"><a href="https://www.amazon.com/dp/B00GHPC47O?tag=eloabder-20&linkCode=osi&th=1&psc=1"><img src="https://m.media-amazon.com/images/I/51YsdKn53VS._SL500_.jpg" alt="Product Image"></a><p>Quaker Chewy Granola Bars, Variety Pack, 18 Count</p><p> -20% 0FF </p><p>$3.97 ($0.26 / Ounce)</p><a href="https://www.amazon.com/dp/B00GHPC47O?tag=eloabder-20&linkCode=osi&th=1&psc=1">View Product</a></div><div class="product"><a href="https://www.amazon.com/dp/B0D9R1BMJR?tag=eloabder-20&linkCode=osi&th=1&psc=1"><img src="https://m.media-amazon.com/images/I/51ksmfNpCJL._SL500_.jpg" alt="Product Image"></a><p>Quaker Chewy Granola Bars, Chewy & Dipps Variety Pack, (58 Bars), Whole Grains, No Artificial Flavors, No Added Colors</p><p> -31% 0FF </p><p>$11.87 ($0.22 / Ounce)</p><a href="https://www.amazon.com/dp/B0D9R1BMJR?tag=eloabder-20&linkCode=osi&th=1&psc=1">View Product</a></div><div class="product"><a href="https://www.amazon.com/dp/B077KYKYKN?tag=eloabder-20&linkCode=osi&th=1&psc=1"><img src="https://m.media-amazon.com/images/I/51qz85lOK2S._SL500_.jpg" alt="Product Image"></a><p>Quaker Chewy Lower Sugar Granola Bars, Chocolate Chip, 58 Count</p><p> -35% 0FF </p><p>$11.19 ($0.23 / Ounce)</p><a href="https://www.amazon.com/dp/B077KYKYKN?tag=eloabder-20&linkCode=osi&th=1&psc=1">View Product</a></div>
<div class="product"><a href="https://www.amazon.com/dp/B07VVGKHLH?tag=eloabder-20&linkCode=osi&th=1&psc=1"><img src="https://m.media-amazon.com/images/I/31hbAFlUK6L._SL500_.jpg" alt="Product Image"></a><p>Amazon Grocery, Garlic Powder, 3.9 Oz (Previously Happy Belly, Packaging May Vary)</p><p> -17% 0FF </p><p>$1.30 ($0.33 / Ounce)</p><a href="https://www.amazon.com/dp/B07VVGKHLH?tag=eloabder-20&linkCode=osi&th=1&psc=1">View Product</a></div>
<div class="product"><a href="https://www.amazon.com/dp/B000WHSD5A?tag=eloabder-20&linkCode=osi&th=1&psc=1"><img src="https://m.media-amazon.com/images/I/41QwGSr0+IL._SL500_.jpg" alt="Product Image"></a><p>Heinz Tomato Ketchup, 20 oz Bottle</p><p> -36% 0FF </p><p>$2.23 ($0.11 / Ounce)</p><a href="https://www.amazon.com/dp/B000WHSD5A?tag=eloabder-20&linkCode=osi&th=1&psc=1">View Product</a></div><div class="product"><a href="https://www.amazon.com/dp/B0005YKO8E?tag=eloabder-20&linkCode=osi&th=1&psc=1"><img src="https://m.media-amazon.com/images/I/41AFhgJ5V7L._SL500_.jpg" alt="Product Image"></a><p>Heinz Tomato Ketchup, 14 oz Bottle</p><p> -36% 0FF </p><p>$1.56 ($0.11 / Ounce)</p><a href="https://www.amazon.com/dp/B0005YKO8E?tag=eloabder-20&linkCode=osi&th=1&psc=1">View Product</a></div><div class="product"><a href="https://www.amazon.com/dp/B01B2OVUAG?tag=eloabder-20&linkCode=osi&th=1&psc=1"><img src="https://m.media-amazon.com/images/I/41gaLzbBsDL._SL500_.jpg" alt="Product Image"></a><p>Heinz Organic Tomato Ketchup, 32 oz Bottle</p><p> -47% 0FF </p><p>$3.67 ($0.11 / Ounce)</p><a href="https://www.amazon.com/dp/B01B2OVUAG?tag=eloabder-20&linkCode=osi&th=1&psc=1">View Product</a></div>
<div class="product"><a href="https://www.amazon.com/dp/B015UBV4N0?tag=eloabder-20&linkCode=osi&th=1&psc=1"><img src="https://m.media-amazon.com/images/I/51NRndhNwoL._SL500_.jpg" alt="Product Image"></a><p>Crofters Organic Premium Spread, Strawberry, 16.5 oz</p><p> -20% 0FF </p><p>$4.96 ($0.30 / oz)</p><a href="https://www.amazon.com/dp/B015UBV4N0?tag=eloabder-20&linkCode=osi&th=1&psc=1">View Product</a></div>
<div class="product"><a href="https://www.amazon.com/dp/B097RW44HZ?tag=eloabder-20&linkCode=osi&th=1&psc=1"><img src="https://m.media-amazon.com/images/I/51OhVkU8+PL._SL500_.jpg" alt="Product Image"></a><p>Apexy Jelly Fruit Candy – Assorted Fruit Flavors, Halloween Treat Juicy Chewy Gel Snacks, Kids & Adults Party Favors, Fun Treats for Goodie Bags & Events 46.9oz (1330g)</p><p> -7% 0FF </p><p>$12.99 ($0.28 / Ounce)</p><a href="https://www.amazon.com/dp/B097RW44HZ?tag=eloabder-20&linkCode=osi&th=1&psc=1">View Product</a></div><div class="product"><a href="https://www.amazon.com/dp/B00099XN56?tag=eloabder-20&linkCode=osi&th=1&psc=1"><img src="https://m.media-amazon.com/images/I/41twfbi883L._SL500_.jpg" alt="Product Image"></a><p>Smucker's Jelly, Mixed Fruit, 12 oz (340 g)</p><p> -11% 0FF </p><p>$9.94 ($0.83 / Ounce)</p><a href="https://www.amazon.com/dp/B00099XN56?tag=eloabder-20&linkCode=osi&th=1&psc=1">View Product</a></div>
<div class="product"><a href="https://www.amazon.com/dp/B0005Z6ZK4?tag=eloabder-20&linkCode=osi&th=1&psc=1"><img src="https://m.media-amazon.com/images/I/31dtADxAZbL._SL500_.jpg" alt="Product Image"></a><p>Nutella Hazelnut Spread with Cocoa, Creamy Hazelnut Spread, Breakfast Favorite, 13 oz Jar</p><p> -30% 0FF </p><p>$3.48 ($0.27 / Ounce)</p><a href="https://www.amazon.com/dp/B0005Z6ZK4?tag=eloabder-20&linkCode=osi&th=1&psc=1">View Product</a></div><div class="product"><a href="https://www.amazon.com/dp/B09PN9S9D4?tag=eloabder-20&linkCode=osi&th=1&psc=1"><img src="https://m.media-amazon.com/images/I/41VpA06vqaL._SL500_.jpg" alt="Product Image"></a><p>Amazon Grocery, Hazelnut Spread With Cocoa, 26.5 Oz (Previously Amazon Fresh, Packaging May Vary)</p><p> -17% 0FF </p><p>$4.12 ($0.16 / Ounce)</p><a href="https://www.amazon.com/dp/B09PN9S9D4?tag=eloabder-20&linkCode=osi&th=1&psc=1">View Product</a></div>
<div class="product"><a href="https://www.amazon.com/dp/B0052BFNLS?tag=eloabder-20&linkCode=osi&th=1&psc=1"><img src="https://m.media-amazon.com/images/I/31Tfk-0-ybL._SL500_.jpg" alt="Product Image"></a><p>Pompeian Gourmet Red Wine Vinegar, Naturally Gluten-Free, 30 Fl Oz</p><p> -5% 0FF </p><p>$5.33 ($0.18 / Fl Oz)</p><a href="https://www.amazon.com/dp/B0052BFNLS?tag=eloabder-20&linkCode=osi&th=1&psc=1">View Product</a></div><div class="product"><a href="https://www.amazon.com/dp/B005AYB38O?tag=eloabder-20&linkCode=osi&th=1&psc=1"><img src="https://m.media-amazon.com/images/I/31tJRcbnsfL._SL500_.jpg" alt="Product Image"></a><p>Napa Valley Naturals Organic Red Wine Vinegar, 12.7 Ounces</p><p> -51% 0FF </p><p>$5.50 ($0.43 / Ounce)</p><a href="https://www.amazon.com/dp/B005AYB38O?tag=eloabder-20&linkCode=osi&th=1&psc=1">View Product</a></div><div class="product"><a href="https://www.amazon.com/dp/B00H1CJG00?tag=eloabder-20&linkCode=osi&th=1&psc=1"><img src="https://m.media-amazon.com/images/I/31pl1n1OONL._SL500_.jpg" alt="Product Image"></a><p>Colavita Wine Vinegar - Red Wine Vinegar, 17 Fl Oz</p><p> -21% 0FF </p><p>$9.51 ($0.56 / Fl Oz)</p><a href="https://www.amazon.com/dp/B00H1CJG00?tag=eloabder-20&linkCode=osi&th=1&psc=1">View Product</a></div>









<div class="product"><a href="https://www.amazon.com/dp/B074H5ZHFH?tag=eloabder-20&linkCode=osi&th=1&psc=1"><img src="https://m.media-amazon.com/images/I/410ymBds87L._SL500_.jpg" alt="Product Image"></a><p>365 by Whole Foods Market, Organic Penne Rigate, 16 Ounce</p><p> -10% 0FF </p><p>$1.97 ($0.12 / Ounce)</p><a href="https://www.amazon.com/dp/B074H5ZHFH?tag=eloabder-20&linkCode=osi&th=1&psc=1">View Product</a></div><div class="product"><a href="https://www.amazon.com/dp/B007MNYZ2M?tag=eloabder-20&linkCode=osi&th=1&psc=1"><img src="https://m.media-amazon.com/images/I/41dAZBCU7kS._SL500_.jpg" alt="Product Image"></a><p>Rummo Italian Pasta Penne Rigate No. 66, Always Al Dente (1lb Package)</p><p> -32% 0FF </p><p>$7.12 ($0.44 / Ounce)</p><a href="https://www.amazon.com/dp/B007MNYZ2M?tag=eloabder-20&linkCode=osi&th=1&psc=1">View Product</a></div><div class="product"><a href="https://www.amazon.com/dp/B07NSRQYNP?tag=eloabder-20&linkCode=osi&th=1&psc=1"><img src="https://m.media-amazon.com/images/I/413HwweC7iL._SL500_.jpg" alt="Product Image"></a><p>Rao's Homemade Penne Pasta, 16oz, Traditionally Crafted, Premium Quality, From Durum Semolina Flour, Traditional Bronze Die Cut, Imported from Italy</p><p> -24% 0FF </p><p>$2.18 ($0.14 / Fl Oz)</p><a href="https://www.amazon.com/dp/B07NSRQYNP?tag=eloabder-20&linkCode=osi&th=1&psc=1">View Product</a></div>
<div class="product"><a href="https://www.amazon.com/dp/B00112UBOG?tag=eloabder-20&linkCode=osi&th=1&psc=1"><img src="https://m.media-amazon.com/images/I/51coh9-N5gL._SL500_.jpg" alt="Product Image"></a><p>RiceSelect Arborio Rice for Italian Risotto, Premium Gluten-Free Rice, Non-GMO, 32-Ounce Jar, (Pack of 1)</p><p> -21% 0FF </p><p>$5.99 ($0.19 / Ounces)</p><a href="https://www.amazon.com/dp/B00112UBOG?tag=eloabder-20&linkCode=osi&th=1&psc=1">View Product</a></div>


<div class="product"><a href="https://www.amazon.com/dp/B0BZB9D92K?tag=eloabder-20&linkCode=osi&th=1&psc=1"><img src="https://m.media-amazon.com/images/I/41q74mciXOL._SL500_.jpg" alt="Product Image"></a><p>Amazon Grocery, Canned Pinto Beans, 15.5 Oz (Previously Amazon Fresh, Packaging May Vary)</p><p> -34% 0FF </p><p>$0.55 ($0.04 / Ounce)</p><a href="https://www.amazon.com/dp/B0BZB9D92K?tag=eloabder-20&linkCode=osi&th=1&psc=1">View Product</a></div>
<div class="product"><a href="https://www.amazon.com/dp/B0BZJNJTYV?tag=eloabder-20&linkCode=osi&th=1&psc=1"><img src="https://m.media-amazon.com/images/I/41lSsx2pjSL._SL500_.jpg" alt="Product Image"></a><p>Amazon Grocery, Sweet Peas, 15 Oz (Previously Amazon Fresh, Packaging May Vary)</p><p> -56% 0FF </p><p>$0.71 ($0.05 / Ounce)</p><a href="https://www.amazon.com/dp/B0BZJNJTYV?tag=eloabder-20&linkCode=osi&th=1&psc=1">View Product</a></div><div class="product"><a href="https://www.amazon.com/dp/B078T19Y9X?tag=eloabder-20&linkCode=osi&th=1&psc=1"><img src="https://m.media-amazon.com/images/I/51z+piSY1JL._SL500_.jpg" alt="Product Image"></a><p>DEL MONTE Sweet Peas Canned Vegetables, 12 Pack, 15 oz Can</p><p> -36% 0FF </p><p>$10.08 ($0.06 / Ounce)</p><a href="https://www.amazon.com/dp/B078T19Y9X?tag=eloabder-20&linkCode=osi&th=1&psc=1">View Product</a></div>
<div class="product"><a href="https://www.amazon.com/dp/B00GDVBHU2?tag=eloabder-20&linkCode=osi&th=1&psc=1"><img src="https://m.media-amazon.com/images/I/51BjG0g4q5L._SL500_.jpg" alt="Product Image"></a><p>Blue Diamond Almonds, Raw Whole Natural, 16 Ounce</p><p> -12% 0FF </p><p>$5.99 ($0.37 / Ounce)</p><a href="https://www.amazon.com/dp/B00GDVBHU2?tag=eloabder-20&linkCode=osi&th=1&psc=1">View Product</a></div>

<div class="product"><a href="https://www.amazon.com/dp/B07W1WKDSC?tag=eloabder-20&linkCode=osi&th=1&psc=1"><img src="https://m.media-amazon.com/images/I/31nTopuj99L._SL500_.jpg" alt="Product Image"></a><p>Amazon Grocery, Basil Leaves, 0.95 Oz (Previously Happy Belly, Packaging May Vary)</p><p> -17% 0FF </p><p>$1.59 ($1.67 / Ounce)</p><a href="https://www.amazon.com/dp/B07W1WKDSC?tag=eloabder-20&linkCode=osi&th=1&psc=1">View Product</a></div>

<div class="product"><a href="https://www.amazon.com/dp/B07VXL2JRG?tag=eloabder-20&linkCode=osi&th=1&psc=1"><img src="https://m.media-amazon.com/images/I/31ou5P5dqeL._SL500_.jpg" alt="Product Image"></a><p>Amazon Grocery, Ground Cumin, 2.6 Oz (Previously Happy Belly, Packaging May Vary)</p><p> -17% 0FF </p><p>$1.16 ($0.45 / Ounce)</p><a href="https://www.amazon.com/dp/B07VXL2JRG?tag=eloabder-20&linkCode=osi&th=1&psc=1">View Product</a></div>

<div class="product"><a href="https://www.amazon.com/dp/B07P8M5ZT1?tag=eloabder-20&linkCode=osi&th=1&psc=1"><img src="https://m.media-amazon.com/images/I/31+0qVbfagL._SL500_.jpg" alt="Product Image"></a><p>Amazon Grocery, Olive Oil, Medium Flavor, 16.9 Fl Oz (Previously Amazon Fresh, Packaging May Vary)</p><p> -17% 0FF </p><p>$4.50 ($0.27 / Ounce)</p><a href="https://www.amazon.com/dp/B07P8M5ZT1?tag=eloabder-20&linkCode=osi&th=1&psc=1">View Product</a></div>
<div class="product"><a href="https://www.amazon.com/dp/B00IY5HREA?tag=eloabder-20&linkCode=osi&th=1&psc=1"><img src="https://m.media-amazon.com/images/I/31n5MDrL-QL._SL500_.jpg" alt="Product Image"></a><p>Colavita Balsamic Vinegar of Modena, 17 Ounce Bottle</p><p> -9% 0FF </p><p>$4.22 ($0.25 / Fl Oz)</p><a href="https://www.amazon.com/dp/B00IY5HREA?tag=eloabder-20&linkCode=osi&th=1&psc=1">View Product</a></div><div class="product"><a href="https://www.amazon.com/dp/B0FHNXDWYB?tag=eloabder-20&linkCode=osi&th=1&psc=1"><img src="https://m.media-amazon.com/images/I/41AJ0vvzsSL._SL500_.jpg" alt="Product Image"></a><p>Paolo Natural Orange Balsamic Vinegar, Artisan Crafted, 36-Month Oak Barrel Aged, Sweet & Sour Flavor for Salad Dressings, Pasta, Desserts, Glass Bottle, 5.40 fl oz (160ml)</p><p> -9% 0FF </p><p>$29.99 ($5.55 / Fl Oz)</p><a href="https://www.amazon.com/dp/B0FHNXDWYB?tag=eloabder-20&linkCode=osi&th=1&psc=1">View Product</a></div>
<div class="product"><a href="https://www.amazon.com/dp/B0B46R31XD?tag=eloabder-20&linkCode=osi&th=1&psc=1"><img src="https://m.media-amazon.com/images/I/5176SDI1iyL._SL500_.jpg" alt="Product Image"></a><p>Contadina Canned Tomato Sauce, 15 oz (Pack of 4 Cans)</p><p> -8% 0FF </p><p>$3.98 ($0.07 / Ounce)</p><a href="https://www.amazon.com/dp/B0B46R31XD?tag=eloabder-20&linkCode=osi&th=1&psc=1">View Product</a></div>


<div class="product"><a href="https://www.amazon.com/dp/B07179XBP9?tag=eloabder-20&linkCode=osi&th=1&psc=1"><img src="https://m.media-amazon.com/images/I/61vs7ucqGKL._SL500_.jpg" alt="Product Image"></a><p>Lay's Potato Chips, 4 Flavor Variety Pack, 1 oz Single Serve Bags, (40 Pack)</p><p> -19% 0FF </p><p>$13.19 ($0.33 / Count)</p><a href="https://www.amazon.com/dp/B07179XBP9?tag=eloabder-20&linkCode=osi&th=1&psc=1">View Product</a></div><div class="product"><a href="https://www.amazon.com/dp/B07X1KPLNQ?tag=eloabder-20&linkCode=osi&th=1&psc=1"><img src="https://m.media-amazon.com/images/I/41grpp95ftL._SL500_.jpg" alt="Product Image"></a><p>Amazon Fresh, Wavy Potato Chips, 11 Oz (Previously Happy Belly, Packaging May Vary)</p><p> -12% 0FF </p><p>$2.67 ($0.24 / Ounce)</p><a href="https://www.amazon.com/dp/B07X1KPLNQ?tag=eloabder-20&linkCode=osi&th=1&psc=1">View Product</a></div>


<div class="product"><a href="https://www.amazon.com/dp/B09NPB2DNT?tag=eloabder-20&linkCode=osi&th=1&psc=1"><img src="https://m.media-amazon.com/images/I/41EB1IsYvHL._SL500_.jpg" alt="Product Image"></a><p>M&M'S, SNICKERS & MILKY WAY Fun Size Chocolate Candy Variety Pack, Assorted Chocolate Candy Variety Pack for Halloween, Party Size, 19.2 Oz Bulk Bag</p><p> -6% 0FF </p><p>$8.99 ($0.47 / Ounce)</p><a href="https://www.amazon.com/dp/B09NPB2DNT?tag=eloabder-20&linkCode=osi&th=1&psc=1">View Product</a></div><div class="product"><a href="https://www.amazon.com/dp/B0DVM7JWP6?tag=eloabder-20&linkCode=osi&th=1&psc=1"><img src="https://m.media-amazon.com/images/I/51Lc-U8ExNL._SL500_.jpg" alt="Product Image"></a><p>Butterfinger, CRUNCH, Baby Ruth, 100 Grand Mini and Fun Size Assorted Candy Bars, Bulk 80 Count Pack, 32.1 oz</p><p> -20% 0FF </p><p>$11.19</p><a href="https://www.amazon.com/dp/B0DVM7JWP6?tag=eloabder-20&linkCode=osi&th=1&psc=1">View Product</a></div><div class="product"><a href="https://www.amazon.com/dp/B09NMX9CGB?tag=eloabder-20&linkCode=osi&th=1&psc=1"><img src="https://m.media-amazon.com/images/I/51donixesTL._SL500_.jpg" alt="Product Image"></a><p>Butterfinger, CRUNCH, Baby Ruth, 100 Grand Fun Size Assorted Candy Bars, Great for Sharing, Bulk 60 Count Pack, 37.2 oz</p><p> -20% 0FF </p><p>$11.79 ($0.32 / Ounce)</p><a href="https://www.amazon.com/dp/B09NMX9CGB?tag=eloabder-20&linkCode=osi&th=1&psc=1">View Product</a></div>



<div class="product"><a href="https://www.amazon.com/dp/B0025W9A5C?tag=eloabder-20&linkCode=osi&th=1&psc=1"><img src="https://m.media-amazon.com/images/I/51Oz8SNo83L._SL500_.jpg" alt="Product Image"></a><p>Nature Valley Crunchy Oats 'n Honey Granola Bars, 60 Bars, 44.7 OZ (30 Pouches)</p><p> -33% 0FF </p><p>$7.49 ($0.17 / Ounce)</p><a href="https://www.amazon.com/dp/B0025W9A5C?tag=eloabder-20&linkCode=osi&th=1&psc=1">View Product</a></div><div class="product"><a href="https://www.amazon.com/dp/B01MRZZ3KC?tag=eloabder-20&linkCode=osi&th=1&psc=1"><img src="https://m.media-amazon.com/images/I/512IgtvlLyL._SL500_.jpg" alt="Product Image"></a><p>Quaker Chewy Granola Bars, Chocolate Chip, 58 Count - Packaging May Vary</p><p> -9% 0FF </p><p>$11.19 ($0.23 / Ounce)</p><a href="https://www.amazon.com/dp/B01MRZZ3KC?tag=eloabder-20&linkCode=osi&th=1&psc=1">View Product</a></div><div class="product"><a href="https://www.amazon.com/dp/B00GHPC47O?tag=eloabder-20&linkCode=osi&th=1&psc=1"><img src="https://m.media-amazon.com/images/I/51YsdKn53VS._SL500_.jpg" alt="Product Image"></a><p>Quaker Chewy Granola Bars, Variety Pack, 18 Count</p><p> -20% 0FF </p><p>$3.97 ($0.26 / Ounce)</p><a href="https://www.amazon.com/dp/B00GHPC47O?tag=eloabder-20&linkCode=osi&th=1&psc=1">View Product</a></div><div class="product"><a href="https://www.amazon.com/dp/B0D9R1BMJR?tag=eloabder-20&linkCode=osi&th=1&psc=1"><img src="https://m.media-amazon.com/images/I/51ksmfNpCJL._SL500_.jpg" alt="Product Image"></a><p>Quaker Chewy Granola Bars, Chewy & Dipps Variety Pack, (58 Bars), Whole Grains, No Artificial Flavors, No Added Colors</p><p> -31% 0FF </p><p>$11.87 ($0.22 / Ounce)</p><a href="https://www.amazon.com/dp/B0D9R1BMJR?tag=eloabder-20&linkCode=osi&th=1&psc=1">View Product</a></div><div class="product"><a href="https://www.amazon.com/dp/B077KYKYKN?tag=eloabder-20&linkCode=osi&th=1&psc=1"><img src="https://m.media-amazon.com/images/I/51qz85lOK2S._SL500_.jpg" alt="Product Image"></a><p>Quaker Chewy Lower Sugar Granola Bars, Chocolate Chip, 58 Count</p><p> -35% 0FF </p><p>$11.19 ($0.23 / Ounce)</p><a href="https://www.amazon.com/dp/B077KYKYKN?tag=eloabder-20&linkCode=osi&th=1&psc=1">View Product</a></div>
<div class="product"><a href="https://www.amazon.com/dp/B07VVGKHLH?tag=eloabder-20&linkCode=osi&th=1&psc=1"><img src="https://m.media-amazon.com/images/I/31hbAFlUK6L._SL500_.jpg" alt="Product Image"></a><p>Amazon Grocery, Garlic Powder, 3.9 Oz (Previously Happy Belly, Packaging May Vary)</p><p> -17% 0FF </p><p>$1.30 ($0.33 / Ounce)</p><a href="https://www.amazon.com/dp/B07VVGKHLH?tag=eloabder-20&linkCode=osi&th=1&psc=1">View Product</a></div>
<div class="product"><a href="https://www.amazon.com/dp/B000WHSD5A?tag=eloabder-20&linkCode=osi&th=1&psc=1"><img src="https://m.media-amazon.com/images/I/41QwGSr0+IL._SL500_.jpg" alt="Product Image"></a><p>Heinz Tomato Ketchup, 20 oz Bottle</p><p> -36% 0FF </p><p>$2.23 ($0.11 / Ounce)</p><a href="https://www.amazon.com/dp/B000WHSD5A?tag=eloabder-20&linkCode=osi&th=1&psc=1">View Product</a></div><div class="product"><a href="https://www.amazon.com/dp/B0005YKO8E?tag=eloabder-20&linkCode=osi&th=1&psc=1"><img src="https://m.media-amazon.com/images/I/41AFhgJ5V7L._SL500_.jpg" alt="Product Image"></a><p>Heinz Tomato Ketchup, 14 oz Bottle</p><p> -36% 0FF </p><p>$1.56 ($0.11 / Ounce)</p><a href="https://www.amazon.com/dp/B0005YKO8E?tag=eloabder-20&linkCode=osi&th=1&psc=1">View Product</a></div><div class="product"><a href="https://www.amazon.com/dp/B01B2OVUAG?tag=eloabder-20&linkCode=osi&th=1&psc=1"><img src="https://m.media-amazon.com/images/I/41gaLzbBsDL._SL500_.jpg" alt="Product Image"></a><p>Heinz Organic Tomato Ketchup, 32 oz Bottle</p><p> -47% 0FF </p><p>$3.67 ($0.11 / Ounce)</p><a href="https://www.amazon.com/dp/B01B2OVUAG?tag=eloabder-20&linkCode=osi&th=1&psc=1">View Product</a></div>
<div class="product"><a href="https://www.amazon.com/dp/B015UBV4N0?tag=eloabder-20&linkCode=osi&th=1&psc=1"><img src="https://m.media-amazon.com/images/I/51NRndhNwoL._SL500_.jpg" alt="Product Image"></a><p>Crofters Organic Premium Spread, Strawberry, 16.5 oz</p><p> -20% 0FF </p><p>$4.96 ($0.30 / oz)</p><a href="https://www.amazon.com/dp/B015UBV4N0?tag=eloabder-20&linkCode=osi&th=1&psc=1">View Product</a></div>
<div class="product"><a href="https://www.amazon.com/dp/B097RW44HZ?tag=eloabder-20&linkCode=osi&th=1&psc=1"><img src="https://m.media-amazon.com/images/I/51OhVkU8+PL._SL500_.jpg" alt="Product Image"></a><p>Apexy Jelly Fruit Candy – Assorted Fruit Flavors, Halloween Treat Juicy Chewy Gel Snacks, Kids & Adults Party Favors, Fun Treats for Goodie Bags & Events 46.9oz (1330g)</p><p> -7% 0FF </p><p>$12.99 ($0.28 / Ounce)</p><a href="https://www.amazon.com/dp/B097RW44HZ?tag=eloabder-20&linkCode=osi&th=1&psc=1">View Product</a></div><div class="product"><a href="https://www.amazon.com/dp/B00099XN56?tag=eloabder-20&linkCode=osi&th=1&psc=1"><img src="https://m.media-amazon.com/images/I/41twfbi883L._SL500_.jpg" alt="Product Image"></a><p>Smucker's Jelly, Mixed Fruit, 12 oz (340 g)</p><p> -11% 0FF </p><p>$9.94 ($0.83 / Ounce)</p><a href="https://www.amazon.com/dp/B00099XN56?tag=eloabder-20&linkCode=osi&th=1&psc=1">View Product</a></div>
<div class="product"><a href="https://www.amazon.com/dp/B0005Z6ZK4?tag=eloabder-20&linkCode=osi&th=1&psc=1"><img src="https://m.media-amazon.com/images/I/31dtADxAZbL._SL500_.jpg" alt="Product Image"></a><p>Nutella Hazelnut Spread with Cocoa, Creamy Hazelnut Spread, Breakfast Favorite, 13 oz Jar</p><p> -30% 0FF </p><p>$3.48 ($0.27 / Ounce)</p><a href="https://www.amazon.com/dp/B0005Z6ZK4?tag=eloabder-20&linkCode=osi&th=1&psc=1">View Product</a></div><div class="product"><a href="https://www.amazon.com/dp/B09PN9S9D4?tag=eloabder-20&linkCode=osi&th=1&psc=1"><img src="https://m.media-amazon.com/images/I/41VpA06vqaL._SL500_.jpg" alt="Product Image"></a><p>Amazon Grocery, Hazelnut Spread With Cocoa, 26.5 Oz (Previously Amazon Fresh, Packaging May Vary)</p><p> -17% 0FF </p><p>$4.12 ($0.16 / Ounce)</p><a href="https://www.amazon.com/dp/B09PN9S9D4?tag=eloabder-20&linkCode=osi&th=1&psc=1">View Product</a></div>
<div class="product"><a href="https://www.amazon.com/dp/B0052BFNLS?tag=eloabder-20&linkCode=osi&th=1&psc=1"><img src="https://m.media-amazon.com/images/I/31Tfk-0-ybL._SL500_.jpg" alt="Product Image"></a><p>Pompeian Gourmet Red Wine Vinegar, Naturally Gluten-Free, 30 Fl Oz</p><p> -5% 0FF </p><p>$5.33 ($0.18 / Fl Oz)</p><a href="https://www.amazon.com/dp/B0052BFNLS?tag=eloabder-20&linkCode=osi&th=1&psc=1">View Product</a></div><div class="product"><a href="https://www.amazon.com/dp/B005AYB38O?tag=eloabder-20&linkCode=osi&th=1&psc=1"><img src="https://m.media-amazon.com/images/I/31tJRcbnsfL._SL500_.jpg" alt="Product Image"></a><p>Napa Valley Naturals Organic Red Wine Vinegar, 12.7 Ounces</p><p> -51% 0FF </p><p>$5.50 ($0.43 / Ounce)</p><a href="https://www.amazon.com/dp/B005AYB38O?tag=eloabder-20&linkCode=osi&th=1&psc=1">View Product</a></div><div class="product"><a href="https://www.amazon.com/dp/B00H1CJG00?tag=eloabder-20&linkCode=osi&th=1&psc=1"><img src="https://m.media-amazon.com/images/I/31pl1n1OONL._SL500_.jpg" alt="Product Image"></a><p>Colavita Wine Vinegar - Red Wine Vinegar, 17 Fl Oz</p><p> -21% 0FF </p><p>$9.51 ($0.56 / Fl Oz)</p><a href="https://www.amazon.com/dp/B00H1CJG00?tag=eloabder-20&linkCode=osi&th=1&psc=1">View Product</a></div>









<div class="product"><a href="https://www.amazon.com/dp/B074H5ZHFH?tag=eloabder-20&linkCode=osi&th=1&psc=1"><img src="https://m.media-amazon.com/images/I/410ymBds87L._SL500_.jpg" alt="Product Image"></a><p>365 by Whole Foods Market, Organic Penne Rigate, 16 Ounce</p><p> -10% 0FF </p><p>$1.97 ($0.12 / Ounce)</p><a href="https://www.amazon.com/dp/B074H5ZHFH?tag=eloabder-20&linkCode=osi&th=1&psc=1">View Product</a></div><div class="product"><a href="https://www.amazon.com/dp/B007MNYZ2M?tag=eloabder-20&linkCode=osi&th=1&psc=1"><img src="https://m.media-amazon.com/images/I/41dAZBCU7kS._SL500_.jpg" alt="Product Image"></a><p>Rummo Italian Pasta Penne Rigate No. 66, Always Al Dente (1lb Package)</p><p> -32% 0FF </p><p>$7.12 ($0.44 / Ounce)</p><a href="https://www.amazon.com/dp/B007MNYZ2M?tag=eloabder-20&linkCode=osi&th=1&psc=1">View Product</a></div><div class="product"><a href="https://www.amazon.com/dp/B07NSRQYNP?tag=eloabder-20&linkCode=osi&th=1&psc=1"><img src="https://m.media-amazon.com/images/I/413HwweC7iL._SL500_.jpg" alt="Product Image"></a><p>Rao's Homemade Penne Pasta, 16oz, Traditionally Crafted, Premium Quality, From Durum Semolina Flour, Traditional Bronze Die Cut, Imported from Italy</p><p> -24% 0FF </p><p>$2.18 ($0.14 / Fl Oz)</p><a href="https://www.amazon.com/dp/B07NSRQYNP?tag=eloabder-20&linkCode=osi&th=1&psc=1">View Product</a></div>
<div class="product"><a href="https://www.amazon.com/dp/B00112UBOG?tag=eloabder-20&linkCode=osi&th=1&psc=1"><img src="https://m.media-amazon.com/images/I/51coh9-N5gL._SL500_.jpg" alt="Product Image"></a><p>RiceSelect Arborio Rice for Italian Risotto, Premium Gluten-Free Rice, Non-GMO, 32-Ounce Jar, (Pack of 1)</p><p> -21% 0FF </p><p>$5.99 ($0.19 / Ounces)</p><a href="https://www.amazon.com/dp/B00112UBOG?tag=eloabder-20&linkCode=osi&th=1&psc=1">View Product</a></div>


<div class="product"><a href="https://www.amazon.com/dp/B0BZB9D92K?tag=eloabder-20&linkCode=osi&th=1&psc=1"><img src="https://m.media-amazon.com/images/I/41q74mciXOL._SL500_.jpg" alt="Product Image"></a><p>Amazon Grocery, Canned Pinto Beans, 15.5 Oz (Previously Amazon Fresh, Packaging May Vary)</p><p> -34% 0FF </p><p>$0.55 ($0.04 / Ounce)</p><a href="https://www.amazon.com/dp/B0BZB9D92K?tag=eloabder-20&linkCode=osi&th=1&psc=1">View Product</a></div>
<div class="product"><a href="https://www.amazon.com/dp/B0BZJNJTYV?tag=eloabder-20&linkCode=osi&th=1&psc=1"><img src="https://m.media-amazon.com/images/I/41lSsx2pjSL._SL500_.jpg" alt="Product Image"></a><p>Amazon Grocery, Sweet Peas, 15 Oz (Previously Amazon Fresh, Packaging May Vary)</p><p> -56% 0FF </p><p>$0.71 ($0.05 / Ounce)</p><a href="https://www.amazon.com/dp/B0BZJNJTYV?tag=eloabder-20&linkCode=osi&th=1&psc=1">View Product</a></div><div class="product"><a href="https://www.amazon.com/dp/B078T19Y9X?tag=eloabder-20&linkCode=osi&th=1&psc=1"><img src="https://m.media-amazon.com/images/I/51z+piSY1JL._SL500_.jpg" alt="Product Image"></a><p>DEL MONTE Sweet Peas Canned Vegetables, 12 Pack, 15 oz Can</p><p> -36% 0FF </p><p>$10.08 ($0.06 / Ounce)</p><a href="https://www.amazon.com/dp/B078T19Y9X?tag=eloabder-20&linkCode=osi&th=1&psc=1">View Product</a></div>
<div class="product"><a href="https://www.amazon.com/dp/B00GDVBHU2?tag=eloabder-20&linkCode=osi&th=1&psc=1"><img src="https://m.media-amazon.com/images/I/51BjG0g4q5L._SL500_.jpg" alt="Product Image"></a><p>Blue Diamond Almonds, Raw Whole Natural, 16 Ounce</p><p> -12% 0FF </p><p>$5.99 ($0.37 / Ounce)</p><a href="https://www.amazon.com/dp/B00GDVBHU2?tag=eloabder-20&linkCode=osi&th=1&psc=1">View Product</a></div>

<div class="product"><a href="https://www.amazon.com/dp/B07W1WKDSC?tag=eloabder-20&linkCode=osi&th=1&psc=1"><img src="https://m.media-amazon.com/images/I/31nTopuj99L._SL500_.jpg" alt="Product Image"></a><p>Amazon Grocery, Basil Leaves, 0.95 Oz (Previously Happy Belly, Packaging May Vary)</p><p> -17% 0FF </p><p>$1.59 ($1.67 / Ounce)</p><a href="https://www.amazon.com/dp/B07W1WKDSC?tag=eloabder-20&linkCode=osi&th=1&psc=1">View Product</a></div>

<div class="product"><a href="https://www.amazon.com/dp/B07VXL2JRG?tag=eloabder-20&linkCode=osi&th=1&psc=1"><img src="https://m.media-amazon.com/images/I/31ou5P5dqeL._SL500_.jpg" alt="Product Image"></a><p>Amazon Grocery, Ground Cumin, 2.6 Oz (Previously Happy Belly, Packaging May Vary)</p><p> -17% 0FF </p><p>$1.16 ($0.45 / Ounce)</p><a href="https://www.amazon.com/dp/B07VXL2JRG?tag=eloabder-20&linkCode=osi&th=1&psc=1">View Product</a></div>

<div class="product"><a href="https://www.amazon.com/dp/B07P8M5ZT1?tag=eloabder-20&linkCode=osi&th=1&psc=1"><img src="https://m.media-amazon.com/images/I/31+0qVbfagL._SL500_.jpg" alt="Product Image"></a><p>Amazon Grocery, Olive Oil, Medium Flavor, 16.9 Fl Oz (Previously Amazon Fresh, Packaging May Vary)</p><p> -17% 0FF </p><p>$4.50 ($0.27 / Ounce)</p><a href="https://www.amazon.com/dp/B07P8M5ZT1?tag=eloabder-20&linkCode=osi&th=1&psc=1">View Product</a></div>
<div class="product"><a href="https://www.amazon.com/dp/B00IY5HREA?tag=eloabder-20&linkCode=osi&th=1&psc=1"><img src="https://m.media-amazon.com/images/I/31n5MDrL-QL._SL500_.jpg" alt="Product Image"></a><p>Colavita Balsamic Vinegar of Modena, 17 Ounce Bottle</p><p> -9% 0FF </p><p>$4.22 ($0.25 / Fl Oz)</p><a href="https://www.amazon.com/dp/B00IY5HREA?tag=eloabder-20&linkCode=osi&th=1&psc=1">View Product</a></div><div class="product"><a href="https://www.amazon.com/dp/B0FHNXDWYB?tag=eloabder-20&linkCode=osi&th=1&psc=1"><img src="https://m.media-amazon.com/images/I/41AJ0vvzsSL._SL500_.jpg" alt="Product Image"></a><p>Paolo Natural Orange Balsamic Vinegar, Artisan Crafted, 36-Month Oak Barrel Aged, Sweet & Sour Flavor for Salad Dressings, Pasta, Desserts, Glass Bottle, 5.40 fl oz (160ml)</p><p> -9% 0FF </p><p>$29.99 ($5.55 / Fl Oz)</p><a href="https://www.amazon.com/dp/B0FHNXDWYB?tag=eloabder-20&linkCode=osi&th=1&psc=1">View Product</a></div>
<div class="product"><a href="https://www.amazon.com/dp/B0B46R31XD?tag=eloabder-20&linkCode=osi&th=1&psc=1"><img src="https://m.media-amazon.com/images/I/5176SDI1iyL._SL500_.jpg" alt="Product Image"></a><p>Contadina Canned Tomato Sauce, 15 oz (Pack of 4 Cans)</p><p> -8% 0FF </p><p>$3.98 ($0.07 / Ounce)</p><a href="https://www.amazon.com/dp/B0B46R31XD?tag=eloabder-20&linkCode=osi&th=1&psc=1">View Product</a></div>


<div class="product"><a href="https://www.amazon.com/dp/B07179XBP9?tag=eloabder-20&linkCode=osi&th=1&psc=1"><img src="https://m.media-amazon.com/images/I/61vs7ucqGKL._SL500_.jpg" alt="Product Image"></a><p>Lay's Potato Chips, 4 Flavor Variety Pack, 1 oz Single Serve Bags, (40 Pack)</p><p> -19% 0FF </p><p>$13.19 ($0.33 / Count)</p><a href="https://www.amazon.com/dp/B07179XBP9?tag=eloabder-20&linkCode=osi&th=1&psc=1">View Product</a></div><div class="product"><a href="https://www.amazon.com/dp/B07X1KPLNQ?tag=eloabder-20&linkCode=osi&th=1&psc=1"><img src="https://m.media-amazon.com/images/I/41grpp95ftL._SL500_.jpg" alt="Product Image"></a><p>Amazon Fresh, Wavy Potato Chips, 11 Oz (Previously Happy Belly, Packaging May Vary)</p><p> -12% 0FF </p><p>$2.67 ($0.24 / Ounce)</p><a href="https://www.amazon.com/dp/B07X1KPLNQ?tag=eloabder-20&linkCode=osi&th=1&psc=1">View Product</a></div>


<div class="product"><a href="https://www.amazon.com/dp/B09NPB2DNT?tag=eloabder-20&linkCode=osi&th=1&psc=1"><img src="https://m.media-amazon.com/images/I/41EB1IsYvHL._SL500_.jpg" alt="Product Image"></a><p>M&M'S, SNICKERS & MILKY WAY Fun Size Chocolate Candy Variety Pack, Assorted Chocolate Candy Variety Pack for Halloween, Party Size, 19.2 Oz Bulk Bag</p><p> -6% 0FF </p><p>$8.99 ($0.47 / Ounce)</p><a href="https://www.amazon.com/dp/B09NPB2DNT?tag=eloabder-20&linkCode=osi&th=1&psc=1">View Product</a></div><div class="product"><a href="https://www.amazon.com/dp/B0DVM7JWP6?tag=eloabder-20&linkCode=osi&th=1&psc=1"><img src="https://m.media-amazon.com/images/I/51Lc-U8ExNL._SL500_.jpg" alt="Product Image"></a><p>Butterfinger, CRUNCH, Baby Ruth, 100 Grand Mini and Fun Size Assorted Candy Bars, Bulk 80 Count Pack, 32.1 oz</p><p> -20% 0FF </p><p>$11.19</p><a href="https://www.amazon.com/dp/B0DVM7JWP6?tag=eloabder-20&linkCode=osi&th=1&psc=1">View Product</a></div><div class="product"><a href="https://www.amazon.com/dp/B09NMX9CGB?tag=eloabder-20&linkCode=osi&th=1&psc=1"><img src="https://m.media-amazon.com/images/I/51donixesTL._SL500_.jpg" alt="Product Image"></a><p>Butterfinger, CRUNCH, Baby Ruth, 100 Grand Fun Size Assorted Candy Bars, Great for Sharing, Bulk 60 Count Pack, 37.2 oz</p><p> -20% 0FF </p><p>$11.79 ($0.32 / Ounce)</p><a href="https://www.amazon.com/dp/B09NMX9CGB?tag=eloabder-20&linkCode=osi&th=1&psc=1">View Product</a></div>




<div class="product"><a href="https://www.amazon.com/dp/B0025W9A5C?tag=eloabder-20&linkCode=osi&th=1&psc=1"><img src="https://m.media-amazon.com/images/I/51Oz8SNo83L._SL500_.jpg" alt="Product Image"></a><p>Nature Valley Crunchy Oats 'n Honey Granola Bars, 60 Bars, 44.7 OZ (30 Pouches)</p><p> -33% 0FF </p><p>$7.49 ($0.17 / Ounce)</p><a href="https://www.amazon.com/dp/B0025W9A5C?tag=eloabder-20&linkCode=osi&th=1&psc=1">View Product</a></div><div class="product"><a href="https://www.amazon.com/dp/B01MRZZ3KC?tag=eloabder-20&linkCode=osi&th=1&psc=1"><img src="https://m.media-amazon.com/images/I/512IgtvlLyL._SL500_.jpg" alt="Product Image"></a><p>Quaker Chewy Granola Bars, Chocolate Chip, 58 Count - Packaging May Vary</p><p> -9% 0FF </p><p>$11.19 ($0.23 / Ounce)</p><a href="https://www.amazon.com/dp/B01MRZZ3KC?tag=eloabder-20&linkCode=osi&th=1&psc=1">View Product</a></div><div class="product"><a href="https://www.amazon.com/dp/B00GHPC47O?tag=eloabder-20&linkCode=osi&th=1&psc=1"><img src="https://m.media-amazon.com/images/I/51YsdKn53VS._SL500_.jpg" alt="Product Image"></a><p>Quaker Chewy Granola Bars, Variety Pack, 18 Count</p><p> -20% 0FF </p><p>$3.97 ($0.26 / Ounce)</p><a href="https://www.amazon.com/dp/B00GHPC47O?tag=eloabder-20&linkCode=osi&th=1&psc=1">View Product</a></div><div class="product"><a href="https://www.amazon.com/dp/B0D9R1BMJR?tag=eloabder-20&linkCode=osi&th=1&psc=1"><img src="https://m.media-amazon.com/images/I/51ksmfNpCJL._SL500_.jpg" alt="Product Image"></a><p>Quaker Chewy Granola Bars, Chewy & Dipps Variety Pack, (58 Bars), Whole Grains, No Artificial Flavors, No Added Colors</p><p> -31% 0FF </p><p>$11.87 ($0.22 / Ounce)</p><a href="https://www.amazon.com/dp/B0D9R1BMJR?tag=eloabder-20&linkCode=osi&th=1&psc=1">View Product</a></div><div class="product"><a href="https://www.amazon.com/dp/B077KYKYKN?tag=eloabder-20&linkCode=osi&th=1&psc=1"><img src="https://m.media-amazon.com/images/I/51qz85lOK2S._SL500_.jpg" alt="Product Image"></a><p>Quaker Chewy Lower Sugar Granola Bars, Chocolate Chip, 58 Count</p><p> -35% 0FF </p><p>$11.19 ($0.23 / Ounce)</p><a href="https://www.amazon.com/dp/B077KYKYKN?tag=eloabder-20&linkCode=osi&th=1&psc=1">View Product</a></div>
<div class="product"><a href="https://www.amazon.com/dp/B07VVGKHLH?tag=eloabder-20&linkCode=osi&th=1&psc=1"><img src="https://m.media-amazon.com/images/I/31hbAFlUK6L._SL500_.jpg" alt="Product Image"></a><p>Amazon Grocery, Garlic Powder, 3.9 Oz (Previously Happy Belly, Packaging May Vary)</p><p> -17% 0FF </p><p>$1.30 ($0.33 / Ounce)</p><a href="https://www.amazon.com/dp/B07VVGKHLH?tag=eloabder-20&linkCode=osi&th=1&psc=1">View Product</a></div>
<div class="product"><a href="https://www.amazon.com/dp/B000WHSD5A?tag=eloabder-20&linkCode=osi&th=1&psc=1"><img src="https://m.media-amazon.com/images/I/41QwGSr0+IL._SL500_.jpg" alt="Product Image"></a><p>Heinz Tomato Ketchup, 20 oz Bottle</p><p> -36% 0FF </p><p>$2.23 ($0.11 / Ounce)</p><a href="https://www.amazon.com/dp/B000WHSD5A?tag=eloabder-20&linkCode=osi&th=1&psc=1">View Product</a></div><div class="product"><a href="https://www.amazon.com/dp/B0005YKO8E?tag=eloabder-20&linkCode=osi&th=1&psc=1"><img src="https://m.media-amazon.com/images/I/41AFhgJ5V7L._SL500_.jpg" alt="Product Image"></a><p>Heinz Tomato Ketchup, 14 oz Bottle</p><p> -36% 0FF </p><p>$1.56 ($0.11 / Ounce)</p><a href="https://www.amazon.com/dp/B0005YKO8E?tag=eloabder-20&linkCode=osi&th=1&psc=1">View Product</a></div><div class="product"><a href="https://www.amazon.com/dp/B01B2OVUAG?tag=eloabder-20&linkCode=osi&th=1&psc=1"><img src="https://m.media-amazon.com/images/I/41gaLzbBsDL._SL500_.jpg" alt="Product Image"></a><p>Heinz Organic Tomato Ketchup, 32 oz Bottle</p><p> -47% 0FF </p><p>$3.67 ($0.11 / Ounce)</p><a href="https://www.amazon.com/dp/B01B2OVUAG?tag=eloabder-20&linkCode=osi&th=1&psc=1">View Product</a></div>
<div class="product"><a href="https://www.amazon.com/dp/B015UBV4N0?tag=eloabder-20&linkCode=osi&th=1&psc=1"><img src="https://m.media-amazon.com/images/I/51NRndhNwoL._SL500_.jpg" alt="Product Image"></a><p>Crofters Organic Premium Spread, Strawberry, 16.5 oz</p><p> -20% 0FF </p><p>$4.96 ($0.30 / oz)</p><a href="https://www.amazon.com/dp/B015UBV4N0?tag=eloabder-20&linkCode=osi&th=1&psc=1">View Product</a></div>
<div class="product"><a href="https://www.amazon.com/dp/B097RW44HZ?tag=eloabder-20&linkCode=osi&th=1&psc=1"><img src="https://m.media-amazon.com/images/I/51OhVkU8+PL._SL500_.jpg" alt="Product Image"></a><p>Apexy Jelly Fruit Candy – Assorted Fruit Flavors, Halloween Treat Juicy Chewy Gel Snacks, Kids & Adults Party Favors, Fun Treats for Goodie Bags & Events 46.9oz (1330g)</p><p> -7% 0FF </p><p>$12.99 ($0.28 / Ounce)</p><a href="https://www.amazon.com/dp/B097RW44HZ?tag=eloabder-20&linkCode=osi&th=1&psc=1">View Product</a></div><div class="product"><a href="https://www.amazon.com/dp/B00099XN56?tag=eloabder-20&linkCode=osi&th=1&psc=1"><img src="https://m.media-amazon.com/images/I/41twfbi883L._SL500_.jpg" alt="Product Image"></a><p>Smucker's Jelly, Mixed Fruit, 12 oz (340 g)</p><p> -11% 0FF </p><p>$9.94 ($0.83 / Ounce)</p><a href="https://www.amazon.com/dp/B00099XN56?tag=eloabder-20&linkCode=osi&th=1&psc=1">View Product</a></div>
<div class="product"><a href="https://www.amazon.com/dp/B0005Z6ZK4?tag=eloabder-20&linkCode=osi&th=1&psc=1"><img src="https://m.media-amazon.com/images/I/31dtADxAZbL._SL500_.jpg" alt="Product Image"></a><p>Nutella Hazelnut Spread with Cocoa, Creamy Hazelnut Spread, Breakfast Favorite, 13 oz Jar</p><p> -30% 0FF </p><p>$3.48 ($0.27 / Ounce)</p><a href="https://www.amazon.com/dp/B0005Z6ZK4?tag=eloabder-20&linkCode=osi&th=1&psc=1">View Product</a></div><div class="product"><a href="https://www.amazon.com/dp/B09PN9S9D4?tag=eloabder-20&linkCode=osi&th=1&psc=1"><img src="https://m.media-amazon.com/images/I/41VpA06vqaL._SL500_.jpg" alt="Product Image"></a><p>Amazon Grocery, Hazelnut Spread With Cocoa, 26.5 Oz (Previously Amazon Fresh, Packaging May Vary)</p><p> -17% 0FF </p><p>$4.12 ($0.16 / Ounce)</p><a href="https://www.amazon.com/dp/B09PN9S9D4?tag=eloabder-20&linkCode=osi&th=1&psc=1">View Product</a></div>
<div class="product"><a href="https://www.amazon.com/dp/B0052BFNLS?tag=eloabder-20&linkCode=osi&th=1&psc=1"><img src="https://m.media-amazon.com/images/I/31Tfk-0-ybL._SL500_.jpg" alt="Product Image"></a><p>Pompeian Gourmet Red Wine Vinegar, Naturally Gluten-Free, 30 Fl Oz</p><p> -5% 0FF </p><p>$5.33 ($0.18 / Fl Oz)</p><a href="https://www.amazon.com/dp/B0052BFNLS?tag=eloabder-20&linkCode=osi&th=1&psc=1">View Product</a></div><div class="product"><a href="https://www.amazon.com/dp/B005AYB38O?tag=eloabder-20&linkCode=osi&th=1&psc=1"><img src="https://m.media-amazon.com/images/I/31tJRcbnsfL._SL500_.jpg" alt="Product Image"></a><p>Napa Valley Naturals Organic Red Wine Vinegar, 12.7 Ounces</p><p> -51% 0FF </p><p>$5.50 ($0.43 / Ounce)</p><a href="https://www.amazon.com/dp/B005AYB38O?tag=eloabder-20&linkCode=osi&th=1&psc=1">View Product</a></div><div class="product"><a href="https://www.amazon.com/dp/B00H1CJG00?tag=eloabder-20&linkCode=osi&th=1&psc=1"><img src="https://m.media-amazon.com/images/I/31pl1n1OONL._SL500_.jpg" alt="Product Image"></a><p>Colavita Wine Vinegar - Red Wine Vinegar, 17 Fl Oz</p><p> -21% 0FF </p><p>$9.51 ($0.56 / Fl Oz)</p><a href="https://www.amazon.com/dp/B00H1CJG00?tag=eloabder-20&linkCode=osi&th=1&psc=1">View Product</a></div>









<div class="product"><a href="https://www.amazon.com/dp/B074H5ZHFH?tag=eloabder-20&linkCode=osi&th=1&psc=1"><img src="https://m.media-amazon.com/images/I/410ymBds87L._SL500_.jpg" alt="Product Image"></a><p>365 by Whole Foods Market, Organic Penne Rigate, 16 Ounce</p><p> -10% 0FF </p><p>$1.97 ($0.12 / Ounce)</p><a href="https://www.amazon.com/dp/B074H5ZHFH?tag=eloabder-20&linkCode=osi&th=1&psc=1">View Product</a></div><div class="product"><a href="https://www.amazon.com/dp/B007MNYZ2M?tag=eloabder-20&linkCode=osi&th=1&psc=1"><img src="https://m.media-amazon.com/images/I/41dAZBCU7kS._SL500_.jpg" alt="Product Image"></a><p>Rummo Italian Pasta Penne Rigate No. 66, Always Al Dente (1lb Package)</p><p> -32% 0FF </p><p>$7.12 ($0.44 / Ounce)</p><a href="https://www.amazon.com/dp/B007MNYZ2M?tag=eloabder-20&linkCode=osi&th=1&psc=1">View Product</a></div><div class="product"><a href="https://www.amazon.com/dp/B07NSRQYNP?tag=eloabder-20&linkCode=osi&th=1&psc=1"><img src="https://m.media-amazon.com/images/I/413HwweC7iL._SL500_.jpg" alt="Product Image"></a><p>Rao's Homemade Penne Pasta, 16oz, Traditionally Crafted, Premium Quality, From Durum Semolina Flour, Traditional Bronze Die Cut, Imported from Italy</p><p> -24% 0FF </p><p>$2.18 ($0.14 / Fl Oz)</p><a href="https://www.amazon.com/dp/B07NSRQYNP?tag=eloabder-20&linkCode=osi&th=1&psc=1">View Product</a></div>
<div class="product"><a href="https://www.amazon.com/dp/B00112UBOG?tag=eloabder-20&linkCode=osi&th=1&psc=1"><img src="https://m.media-amazon.com/images/I/51coh9-N5gL._SL500_.jpg" alt="Product Image"></a><p>RiceSelect Arborio Rice for Italian Risotto, Premium Gluten-Free Rice, Non-GMO, 32-Ounce Jar, (Pack of 1)</p><p> -21% 0FF </p><p>$5.99 ($0.19 / Ounces)</p><a href="https://www.amazon.com/dp/B00112UBOG?tag=eloabder-20&linkCode=osi&th=1&psc=1">View Product</a></div>


<div class="product"><a href="https://www.amazon.com/dp/B0BZB9D92K?tag=eloabder-20&linkCode=osi&th=1&psc=1"><img src="https://m.media-amazon.com/images/I/41q74mciXOL._SL500_.jpg" alt="Product Image"></a><p>Amazon Grocery, Canned Pinto Beans, 15.5 Oz (Previously Amazon Fresh, Packaging May Vary)</p><p> -34% 0FF </p><p>$0.55 ($0.04 / Ounce)</p><a href="https://www.amazon.com/dp/B0BZB9D92K?tag=eloabder-20&linkCode=osi&th=1&psc=1">View Product</a></div>
<div class="product"><a href="https://www.amazon.com/dp/B0BZJNJTYV?tag=eloabder-20&linkCode=osi&th=1&psc=1"><img src="https://m.media-amazon.com/images/I/41lSsx2pjSL._SL500_.jpg" alt="Product Image"></a><p>Amazon Grocery, Sweet Peas, 15 Oz (Previously Amazon Fresh, Packaging May Vary)</p><p> -56% 0FF </p><p>$0.71 ($0.05 / Ounce)</p><a href="https://www.amazon.com/dp/B0BZJNJTYV?tag=eloabder-20&linkCode=osi&th=1&psc=1">View Product</a></div><div class="product"><a href="https://www.amazon.com/dp/B078T19Y9X?tag=eloabder-20&linkCode=osi&th=1&psc=1"><img src="https://m.media-amazon.com/images/I/51z+piSY1JL._SL500_.jpg" alt="Product Image"></a><p>DEL MONTE Sweet Peas Canned Vegetables, 12 Pack, 15 oz Can</p><p> -36% 0FF </p><p>$10.08 ($0.06 / Ounce)</p><a href="https://www.amazon.com/dp/B078T19Y9X?tag=eloabder-20&linkCode=osi&th=1&psc=1">View Product</a></div>
<div class="product"><a href="https://www.amazon.com/dp/B00GDVBHU2?tag=eloabder-20&linkCode=osi&th=1&psc=1"><img src="https://m.media-amazon.com/images/I/51BjG0g4q5L._SL500_.jpg" alt="Product Image"></a><p>Blue Diamond Almonds, Raw Whole Natural, 16 Ounce</p><p> -12% 0FF </p><p>$5.99 ($0.37 / Ounce)</p><a href="https://www.amazon.com/dp/B00GDVBHU2?tag=eloabder-20&linkCode=osi&th=1&psc=1">View Product</a></div>

<div class="product"><a href="https://www.amazon.com/dp/B07W1WKDSC?tag=eloabder-20&linkCode=osi&th=1&psc=1"><img src="https://m.media-amazon.com/images/I/31nTopuj99L._SL500_.jpg" alt="Product Image"></a><p>Amazon Grocery, Basil Leaves, 0.95 Oz (Previously Happy Belly, Packaging May Vary)</p><p> -17% 0FF </p><p>$1.59 ($1.67 / Ounce)</p><a href="https://www.amazon.com/dp/B07W1WKDSC?tag=eloabder-20&linkCode=osi&th=1&psc=1">View Product</a></div>

<div class="product"><a href="https://www.amazon.com/dp/B07VXL2JRG?tag=eloabder-20&linkCode=osi&th=1&psc=1"><img src="https://m.media-amazon.com/images/I/31ou5P5dqeL._SL500_.jpg" alt="Product Image"></a><p>Amazon Grocery, Ground Cumin, 2.6 Oz (Previously Happy Belly, Packaging May Vary)</p><p> -17% 0FF </p><p>$1.16 ($0.45 / Ounce)</p><a href="https://www.amazon.com/dp/B07VXL2JRG?tag=eloabder-20&linkCode=osi&th=1&psc=1">View Product</a></div>

<div class="product"><a href="https://www.amazon.com/dp/B07P8M5ZT1?tag=eloabder-20&linkCode=osi&th=1&psc=1"><img src="https://m.media-amazon.com/images/I/31+0qVbfagL._SL500_.jpg" alt="Product Image"></a><p>Amazon Grocery, Olive Oil, Medium Flavor, 16.9 Fl Oz (Previously Amazon Fresh, Packaging May Vary)</p><p> -17% 0FF </p><p>$4.50 ($0.27 / Ounce)</p><a href="https://www.amazon.com/dp/B07P8M5ZT1?tag=eloabder-20&linkCode=osi&th=1&psc=1">View Product</a></div>
<div class="product"><a href="https://www.amazon.com/dp/B00IY5HREA?tag=eloabder-20&linkCode=osi&th=1&psc=1"><img src="https://m.media-amazon.com/images/I/31n5MDrL-QL._SL500_.jpg" alt="Product Image"></a><p>Colavita Balsamic Vinegar of Modena, 17 Ounce Bottle</p><p> -9% 0FF </p><p>$4.22 ($0.25 / Fl Oz)</p><a href="https://www.amazon.com/dp/B00IY5HREA?tag=eloabder-20&linkCode=osi&th=1&psc=1">View Product</a></div><div class="product"><a href="https://www.amazon.com/dp/B0FHNXDWYB?tag=eloabder-20&linkCode=osi&th=1&psc=1"><img src="https://m.media-amazon.com/images/I/41AJ0vvzsSL._SL500_.jpg" alt="Product Image"></a><p>Paolo Natural Orange Balsamic Vinegar, Artisan Crafted, 36-Month Oak Barrel Aged, Sweet & Sour Flavor for Salad Dressings, Pasta, Desserts, Glass Bottle, 5.40 fl oz (160ml)</p><p> -9% 0FF </p><p>$29.99 ($5.55 / Fl Oz)</p><a href="https://www.amazon.com/dp/B0FHNXDWYB?tag=eloabder-20&linkCode=osi&th=1&psc=1">View Product</a></div>
<div class="product"><a href="https://www.amazon.com/dp/B0B46R31XD?tag=eloabder-20&linkCode=osi&th=1&psc=1"><img src="https://m.media-amazon.com/images/I/5176SDI1iyL._SL500_.jpg" alt="Product Image"></a><p>Contadina Canned Tomato Sauce, 15 oz (Pack of 4 Cans)</p><p> -8% 0FF </p><p>$3.98 ($0.07 / Ounce)</p><a href="https://www.amazon.com/dp/B0B46R31XD?tag=eloabder-20&linkCode=osi&th=1&psc=1">View Product</a></div>


<div class="product"><a href="https://www.amazon.com/dp/B07179XBP9?tag=eloabder-20&linkCode=osi&th=1&psc=1"><img src="https://m.media-amazon.com/images/I/61vs7ucqGKL._SL500_.jpg" alt="Product Image"></a><p>Lay's Potato Chips, 4 Flavor Variety Pack, 1 oz Single Serve Bags, (40 Pack)</p><p> -19% 0FF </p><p>$13.19 ($0.33 / Count)</p><a href="https://www.amazon.com/dp/B07179XBP9?tag=eloabder-20&linkCode=osi&th=1&psc=1">View Product</a></div><div class="product"><a href="https://www.amazon.com/dp/B07X1KPLNQ?tag=eloabder-20&linkCode=osi&th=1&psc=1"><img src="https://m.media-amazon.com/images/I/41grpp95ftL._SL500_.jpg" alt="Product Image"></a><p>Amazon Fresh, Wavy Potato Chips, 11 Oz (Previously Happy Belly, Packaging May Vary)</p><p> -12% 0FF </p><p>$2.67 ($0.24 / Ounce)</p><a href="https://www.amazon.com/dp/B07X1KPLNQ?tag=eloabder-20&linkCode=osi&th=1&psc=1">View Product</a></div>


<div class="product"><a href="https://www.amazon.com/dp/B09NPB2DNT?tag=eloabder-20&linkCode=osi&th=1&psc=1"><img src="https://m.media-amazon.com/images/I/41EB1IsYvHL._SL500_.jpg" alt="Product Image"></a><p>M&M'S, SNICKERS & MILKY WAY Fun Size Chocolate Candy Variety Pack, Assorted Chocolate Candy Variety Pack for Halloween, Party Size, 19.2 Oz Bulk Bag</p><p> -6% 0FF </p><p>$8.99 ($0.47 / Ounce)</p><a href="https://www.amazon.com/dp/B09NPB2DNT?tag=eloabder-20&linkCode=osi&th=1&psc=1">View Product</a></div><div class="product"><a href="https://www.amazon.com/dp/B0DVM7JWP6?tag=eloabder-20&linkCode=osi&th=1&psc=1"><img src="https://m.media-amazon.com/images/I/51Lc-U8ExNL._SL500_.jpg" alt="Product Image"></a><p>Butterfinger, CRUNCH, Baby Ruth, 100 Grand Mini and Fun Size Assorted Candy Bars, Bulk 80 Count Pack, 32.1 oz</p><p> -20% 0FF </p><p>$11.19</p><a href="https://www.amazon.com/dp/B0DVM7JWP6?tag=eloabder-20&linkCode=osi&th=1&psc=1">View Product</a></div><div class="product"><a href="https://www.amazon.com/dp/B09NMX9CGB?tag=eloabder-20&linkCode=osi&th=1&psc=1"><img src="https://m.media-amazon.com/images/I/51donixesTL._SL500_.jpg" alt="Product Image"></a><p>Butterfinger, CRUNCH, Baby Ruth, 100 Grand Fun Size Assorted Candy Bars, Great for Sharing, Bulk 60 Count Pack, 37.2 oz</p><p> -20% 0FF </p><p>$11.79 ($0.32 / Ounce)</p><a href="https://www.amazon.com/dp/B09NMX9CGB?tag=eloabder-20&linkCode=osi&th=1&psc=1">View Product</a></div>





<div class="product"><a href="https://www.amazon.com/dp/B0025W9A5C?tag=eloabder-20&linkCode=osi&th=1&psc=1"><img src="https://m.media-amazon.com/images/I/51Oz8SNo83L._SL500_.jpg" alt="Product Image"></a><p>Nature Valley Crunchy Oats 'n Honey Granola Bars, 60 Bars, 44.7 OZ (30 Pouches)</p><p> -33% 0FF </p><p>$7.49 ($0.17 / Ounce)</p><a href="https://www.amazon.com/dp/B0025W9A5C?tag=eloabder-20&linkCode=osi&th=1&psc=1">View Product</a></div><div class="product"><a href="https://www.amazon.com/dp/B01MRZZ3KC?tag=eloabder-20&linkCode=osi&th=1&psc=1"><img src="https://m.media-amazon.com/images/I/512IgtvlLyL._SL500_.jpg" alt="Product Image"></a><p>Quaker Chewy Granola Bars, Chocolate Chip, 58 Count - Packaging May Vary</p><p> -9% 0FF </p><p>$11.19 ($0.23 / Ounce)</p><a href="https://www.amazon.com/dp/B01MRZZ3KC?tag=eloabder-20&linkCode=osi&th=1&psc=1">View Product</a></div><div class="product"><a href="https://www.amazon.com/dp/B00GHPC47O?tag=eloabder-20&linkCode=osi&th=1&psc=1"><img src="https://m.media-amazon.com/images/I/51YsdKn53VS._SL500_.jpg" alt="Product Image"></a><p>Quaker Chewy Granola Bars, Variety Pack, 18 Count</p><p> -20% 0FF </p><p>$3.97 ($0.26 / Ounce)</p><a href="https://www.amazon.com/dp/B00GHPC47O?tag=eloabder-20&linkCode=osi&th=1&psc=1">View Product</a></div><div class="product"><a href="https://www.amazon.com/dp/B0D9R1BMJR?tag=eloabder-20&linkCode=osi&th=1&psc=1"><img src="https://m.media-amazon.com/images/I/51ksmfNpCJL._SL500_.jpg" alt="Product Image"></a><p>Quaker Chewy Granola Bars, Chewy & Dipps Variety Pack, (58 Bars), Whole Grains, No Artificial Flavors, No Added Colors</p><p> -31% 0FF </p><p>$11.87 ($0.22 / Ounce)</p><a href="https://www.amazon.com/dp/B0D9R1BMJR?tag=eloabder-20&linkCode=osi&th=1&psc=1">View Product</a></div><div class="product"><a href="https://www.amazon.com/dp/B077KYKYKN?tag=eloabder-20&linkCode=osi&th=1&psc=1"><img src="https://m.media-amazon.com/images/I/51qz85lOK2S._SL500_.jpg" alt="Product Image"></a><p>Quaker Chewy Lower Sugar Granola Bars, Chocolate Chip, 58 Count</p><p> -35% 0FF </p><p>$11.19 ($0.23 / Ounce)</p><a href="https://www.amazon.com/dp/B077KYKYKN?tag=eloabder-20&linkCode=osi&th=1&psc=1">View Product</a></div>
<div class="product"><a href="https://www.amazon.com/dp/B07VVGKHLH?tag=eloabder-20&linkCode=osi&th=1&psc=1"><img src="https://m.media-amazon.com/images/I/31hbAFlUK6L._SL500_.jpg" alt="Product Image"></a><p>Amazon Grocery, Garlic Powder, 3.9 Oz (Previously Happy Belly, Packaging May Vary)</p><p> -17% 0FF </p><p>$1.30 ($0.33 / Ounce)</p><a href="https://www.amazon.com/dp/B07VVGKHLH?tag=eloabder-20&linkCode=osi&th=1&psc=1">View Product</a></div>
<div class="product"><a href="https://www.amazon.com/dp/B000WHSD5A?tag=eloabder-20&linkCode=osi&th=1&psc=1"><img src="https://m.media-amazon.com/images/I/41QwGSr0+IL._SL500_.jpg" alt="Product Image"></a><p>Heinz Tomato Ketchup, 20 oz Bottle</p><p> -36% 0FF </p><p>$2.23 ($0.11 / Ounce)</p><a href="https://www.amazon.com/dp/B000WHSD5A?tag=eloabder-20&linkCode=osi&th=1&psc=1">View Product</a></div><div class="product"><a href="https://www.amazon.com/dp/B0005YKO8E?tag=eloabder-20&linkCode=osi&th=1&psc=1"><img src="https://m.media-amazon.com/images/I/41AFhgJ5V7L._SL500_.jpg" alt="Product Image"></a><p>Heinz Tomato Ketchup, 14 oz Bottle</p><p> -36% 0FF </p><p>$1.56 ($0.11 / Ounce)</p><a href="https://www.amazon.com/dp/B0005YKO8E?tag=eloabder-20&linkCode=osi&th=1&psc=1">View Product</a></div><div class="product"><a href="https://www.amazon.com/dp/B01B2OVUAG?tag=eloabder-20&linkCode=osi&th=1&psc=1"><img src="https://m.media-amazon.com/images/I/41gaLzbBsDL._SL500_.jpg" alt="Product Image"></a><p>Heinz Organic Tomato Ketchup, 32 oz Bottle</p><p> -47% 0FF </p><p>$3.67 ($0.11 / Ounce)</p><a href="https://www.amazon.com/dp/B01B2OVUAG?tag=eloabder-20&linkCode=osi&th=1&psc=1">View Product</a></div>
<div class="product"><a href="https://www.amazon.com/dp/B015UBV4N0?tag=eloabder-20&linkCode=osi&th=1&psc=1"><img src="https://m.media-amazon.com/images/I/51NRndhNwoL._SL500_.jpg" alt="Product Image"></a><p>Crofters Organic Premium Spread, Strawberry, 16.5 oz</p><p> -20% 0FF </p><p>$4.96 ($0.30 / oz)</p><a href="https://www.amazon.com/dp/B015UBV4N0?tag=eloabder-20&linkCode=osi&th=1&psc=1">View Product</a></div>
<div class="product"><a href="https://www.amazon.com/dp/B097RW44HZ?tag=eloabder-20&linkCode=osi&th=1&psc=1"><img src="https://m.media-amazon.com/images/I/51OhVkU8+PL._SL500_.jpg" alt="Product Image"></a><p>Apexy Jelly Fruit Candy – Assorted Fruit Flavors, Halloween Treat Juicy Chewy Gel Snacks, Kids & Adults Party Favors, Fun Treats for Goodie Bags & Events 46.9oz (1330g)</p><p> -7% 0FF </p><p>$12.99 ($0.28 / Ounce)</p><a href="https://www.amazon.com/dp/B097RW44HZ?tag=eloabder-20&linkCode=osi&th=1&psc=1">View Product</a></div><div class="product"><a href="https://www.amazon.com/dp/B00099XN56?tag=eloabder-20&linkCode=osi&th=1&psc=1"><img src="https://m.media-amazon.com/images/I/41twfbi883L._SL500_.jpg" alt="Product Image"></a><p>Smucker's Jelly, Mixed Fruit, 12 oz (340 g)</p><p> -11% 0FF </p><p>$9.94 ($0.83 / Ounce)</p><a href="https://www.amazon.com/dp/B00099XN56?tag=eloabder-20&linkCode=osi&th=1&psc=1">View Product</a></div>
<div class="product"><a href="https://www.amazon.com/dp/B0005Z6ZK4?tag=eloabder-20&linkCode=osi&th=1&psc=1"><img src="https://m.media-amazon.com/images/I/31dtADxAZbL._SL500_.jpg" alt="Product Image"></a><p>Nutella Hazelnut Spread with Cocoa, Creamy Hazelnut Spread, Breakfast Favorite, 13 oz Jar</p><p> -30% 0FF </p><p>$3.48 ($0.27 / Ounce)</p><a href="https://www.amazon.com/dp/B0005Z6ZK4?tag=eloabder-20&linkCode=osi&th=1&psc=1">View Product</a></div><div class="product"><a href="https://www.amazon.com/dp/B09PN9S9D4?tag=eloabder-20&linkCode=osi&th=1&psc=1"><img src="https://m.media-amazon.com/images/I/41VpA06vqaL._SL500_.jpg" alt="Product Image"></a><p>Amazon Grocery, Hazelnut Spread With Cocoa, 26.5 Oz (Previously Amazon Fresh, Packaging May Vary)</p><p> -17% 0FF </p><p>$4.12 ($0.16 / Ounce)</p><a href="https://www.amazon.com/dp/B09PN9S9D4?tag=eloabder-20&linkCode=osi&th=1&psc=1">View Product</a></div>
<div class="product"><a href="https://www.amazon.com/dp/B0052BFNLS?tag=eloabder-20&linkCode=osi&th=1&psc=1"><img src="https://m.media-amazon.com/images/I/31Tfk-0-ybL._SL500_.jpg" alt="Product Image"></a><p>Pompeian Gourmet Red Wine Vinegar, Naturally Gluten-Free, 30 Fl Oz</p><p> -5% 0FF </p><p>$5.33 ($0.18 / Fl Oz)</p><a href="https://www.amazon.com/dp/B0052BFNLS?tag=eloabder-20&linkCode=osi&th=1&psc=1">View Product</a></div><div class="product"><a href="https://www.amazon.com/dp/B005AYB38O?tag=eloabder-20&linkCode=osi&th=1&psc=1"><img src="https://m.media-amazon.com/images/I/31tJRcbnsfL._SL500_.jpg" alt="Product Image"></a><p>Napa Valley Naturals Organic Red Wine Vinegar, 12.7 Ounces</p><p> -51% 0FF </p><p>$5.50 ($0.43 / Ounce)</p><a href="https://www.amazon.com/dp/B005AYB38O?tag=eloabder-20&linkCode=osi&th=1&psc=1">View Product</a></div><div class="product"><a href="https://www.amazon.com/dp/B00H1CJG00?tag=eloabder-20&linkCode=osi&th=1&psc=1"><img src="https://m.media-amazon.com/images/I/31pl1n1OONL._SL500_.jpg" alt="Product Image"></a><p>Colavita Wine Vinegar - Red Wine Vinegar, 17 Fl Oz</p><p> -21% 0FF </p><p>$9.51 ($0.56 / Fl Oz)</p><a href="https://www.amazon.com/dp/B00H1CJG00?tag=eloabder-20&linkCode=osi&th=1&psc=1">View Product</a></div>









<div class="product"><a href="https://www.amazon.com/dp/B074H5ZHFH?tag=eloabder-20&linkCode=osi&th=1&psc=1"><img src="https://m.media-amazon.com/images/I/410ymBds87L._SL500_.jpg" alt="Product Image"></a><p>365 by Whole Foods Market, Organic Penne Rigate, 16 Ounce</p><p> -10% 0FF </p><p>$1.97 ($0.12 / Ounce)</p><a href="https://www.amazon.com/dp/B074H5ZHFH?tag=eloabder-20&linkCode=osi&th=1&psc=1">View Product</a></div><div class="product"><a href="https://www.amazon.com/dp/B007MNYZ2M?tag=eloabder-20&linkCode=osi&th=1&psc=1"><img src="https://m.media-amazon.com/images/I/41dAZBCU7kS._SL500_.jpg" alt="Product Image"></a><p>Rummo Italian Pasta Penne Rigate No. 66, Always Al Dente (1lb Package)</p><p> -32% 0FF </p><p>$7.12 ($0.44 / Ounce)</p><a href="https://www.amazon.com/dp/B007MNYZ2M?tag=eloabder-20&linkCode=osi&th=1&psc=1">View Product</a></div><div class="product"><a href="https://www.amazon.com/dp/B07NSRQYNP?tag=eloabder-20&linkCode=osi&th=1&psc=1"><img src="https://m.media-amazon.com/images/I/413HwweC7iL._SL500_.jpg" alt="Product Image"></a><p>Rao's Homemade Penne Pasta, 16oz, Traditionally Crafted, Premium Quality, From Durum Semolina Flour, Traditional Bronze Die Cut, Imported from Italy</p><p> -24% 0FF </p><p>$2.18 ($0.14 / Fl Oz)</p><a href="https://www.amazon.com/dp/B07NSRQYNP?tag=eloabder-20&linkCode=osi&th=1&psc=1">View Product</a></div>
<div class="product"><a href="https://www.amazon.com/dp/B00112UBOG?tag=eloabder-20&linkCode=osi&th=1&psc=1"><img src="https://m.media-amazon.com/images/I/51coh9-N5gL._SL500_.jpg" alt="Product Image"></a><p>RiceSelect Arborio Rice for Italian Risotto, Premium Gluten-Free Rice, Non-GMO, 32-Ounce Jar, (Pack of 1)</p><p> -21% 0FF </p><p>$5.99 ($0.19 / Ounces)</p><a href="https://www.amazon.com/dp/B00112UBOG?tag=eloabder-20&linkCode=osi&th=1&psc=1">View Product</a></div>


<div class="product"><a href="https://www.amazon.com/dp/B0BZB9D92K?tag=eloabder-20&linkCode=osi&th=1&psc=1"><img src="https://m.media-amazon.com/images/I/41q74mciXOL._SL500_.jpg" alt="Product Image"></a><p>Amazon Grocery, Canned Pinto Beans, 15.5 Oz (Previously Amazon Fresh, Packaging May Vary)</p><p> -34% 0FF </p><p>$0.55 ($0.04 / Ounce)</p><a href="https://www.amazon.com/dp/B0BZB9D92K?tag=eloabder-20&linkCode=osi&th=1&psc=1">View Product</a></div>
<div class="product"><a href="https://www.amazon.com/dp/B0BZJNJTYV?tag=eloabder-20&linkCode=osi&th=1&psc=1"><img src="https://m.media-amazon.com/images/I/41lSsx2pjSL._SL500_.jpg" alt="Product Image"></a><p>Amazon Grocery, Sweet Peas, 15 Oz (Previously Amazon Fresh, Packaging May Vary)</p><p> -56% 0FF </p><p>$0.71 ($0.05 / Ounce)</p><a href="https://www.amazon.com/dp/B0BZJNJTYV?tag=eloabder-20&linkCode=osi&th=1&psc=1">View Product</a></div><div class="product"><a href="https://www.amazon.com/dp/B078T19Y9X?tag=eloabder-20&linkCode=osi&th=1&psc=1"><img src="https://m.media-amazon.com/images/I/51z+piSY1JL._SL500_.jpg" alt="Product Image"></a><p>DEL MONTE Sweet Peas Canned Vegetables, 12 Pack, 15 oz Can</p><p> -36% 0FF </p><p>$10.08 ($0.06 / Ounce)</p><a href="https://www.amazon.com/dp/B078T19Y9X?tag=eloabder-20&linkCode=osi&th=1&psc=1">View Product</a></div>
<div class="product"><a href="https://www.amazon.com/dp/B00GDVBHU2?tag=eloabder-20&linkCode=osi&th=1&psc=1"><img src="https://m.media-amazon.com/images/I/51BjG0g4q5L._SL500_.jpg" alt="Product Image"></a><p>Blue Diamond Almonds, Raw Whole Natural, 16 Ounce</p><p> -12% 0FF </p><p>$5.99 ($0.37 / Ounce)</p><a href="https://www.amazon.com/dp/B00GDVBHU2?tag=eloabder-20&linkCode=osi&th=1&psc=1">View Product</a></div>

<div class="product"><a href="https://www.amazon.com/dp/B07W1WKDSC?tag=eloabder-20&linkCode=osi&th=1&psc=1"><img src="https://m.media-amazon.com/images/I/31nTopuj99L._SL500_.jpg" alt="Product Image"></a><p>Amazon Grocery, Basil Leaves, 0.95 Oz (Previously Happy Belly, Packaging May Vary)</p><p> -17% 0FF </p><p>$1.59 ($1.67 / Ounce)</p><a href="https://www.amazon.com/dp/B07W1WKDSC?tag=eloabder-20&linkCode=osi&th=1&psc=1">View Product</a></div>

<div class="product"><a href="https://www.amazon.com/dp/B07VXL2JRG?tag=eloabder-20&linkCode=osi&th=1&psc=1"><img src="https://m.media-amazon.com/images/I/31ou5P5dqeL._SL500_.jpg" alt="Product Image"></a><p>Amazon Grocery, Ground Cumin, 2.6 Oz (Previously Happy Belly, Packaging May Vary)</p><p> -17% 0FF </p><p>$1.16 ($0.45 / Ounce)</p><a href="https://www.amazon.com/dp/B07VXL2JRG?tag=eloabder-20&linkCode=osi&th=1&psc=1">View Product</a></div>

<div class="product"><a href="https://www.amazon.com/dp/B07P8M5ZT1?tag=eloabder-20&linkCode=osi&th=1&psc=1"><img src="https://m.media-amazon.com/images/I/31+0qVbfagL._SL500_.jpg" alt="Product Image"></a><p>Amazon Grocery, Olive Oil, Medium Flavor, 16.9 Fl Oz (Previously Amazon Fresh, Packaging May Vary)</p><p> -17% 0FF </p><p>$4.50 ($0.27 / Ounce)</p><a href="https://www.amazon.com/dp/B07P8M5ZT1?tag=eloabder-20&linkCode=osi&th=1&psc=1">View Product</a></div>
<div class="product"><a href="https://www.amazon.com/dp/B00IY5HREA?tag=eloabder-20&linkCode=osi&th=1&psc=1"><img src="https://m.media-amazon.com/images/I/31n5MDrL-QL._SL500_.jpg" alt="Product Image"></a><p>Colavita Balsamic Vinegar of Modena, 17 Ounce Bottle</p><p> -9% 0FF </p><p>$4.22 ($0.25 / Fl Oz)</p><a href="https://www.amazon.com/dp/B00IY5HREA?tag=eloabder-20&linkCode=osi&th=1&psc=1">View Product</a></div><div class="product"><a href="https://www.amazon.com/dp/B0FHNXDWYB?tag=eloabder-20&linkCode=osi&th=1&psc=1"><img src="https://m.media-amazon.com/images/I/41AJ0vvzsSL._SL500_.jpg" alt="Product Image"></a><p>Paolo Natural Orange Balsamic Vinegar, Artisan Crafted, 36-Month Oak Barrel Aged, Sweet & Sour Flavor for Salad Dressings, Pasta, Desserts, Glass Bottle, 5.40 fl oz (160ml)</p><p> -9% 0FF </p><p>$29.99 ($5.55 / Fl Oz)</p><a href="https://www.amazon.com/dp/B0FHNXDWYB?tag=eloabder-20&linkCode=osi&th=1&psc=1">View Product</a></div>
<div class="product"><a href="https://www.amazon.com/dp/B0B46R31XD?tag=eloabder-20&linkCode=osi&th=1&psc=1"><img src="https://m.media-amazon.com/images/I/5176SDI1iyL._SL500_.jpg" alt="Product Image"></a><p>Contadina Canned Tomato Sauce, 15 oz (Pack of 4 Cans)</p><p> -8% 0FF </p><p>$3.98 ($0.07 / Ounce)</p><a href="https://www.amazon.com/dp/B0B46R31XD?tag=eloabder-20&linkCode=osi&th=1&psc=1">View Product</a></div>


<div class="product"><a href="https://www.amazon.com/dp/B07179XBP9?tag=eloabder-20&linkCode=osi&th=1&psc=1"><img src="https://m.media-amazon.com/images/I/61vs7ucqGKL._SL500_.jpg" alt="Product Image"></a><p>Lay's Potato Chips, 4 Flavor Variety Pack, 1 oz Single Serve Bags, (40 Pack)</p><p> -19% 0FF </p><p>$13.19 ($0.33 / Count)</p><a href="https://www.amazon.com/dp/B07179XBP9?tag=eloabder-20&linkCode=osi&th=1&psc=1">View Product</a></div><div class="product"><a href="https://www.amazon.com/dp/B07X1KPLNQ?tag=eloabder-20&linkCode=osi&th=1&psc=1"><img src="https://m.media-amazon.com/images/I/41grpp95ftL._SL500_.jpg" alt="Product Image"></a><p>Amazon Fresh, Wavy Potato Chips, 11 Oz (Previously Happy Belly, Packaging May Vary)</p><p> -12% 0FF </p><p>$2.67 ($0.24 / Ounce)</p><a href="https://www.amazon.com/dp/B07X1KPLNQ?tag=eloabder-20&linkCode=osi&th=1&psc=1">View Product</a></div>


<div class="product"><a href="https://www.amazon.com/dp/B09NPB2DNT?tag=eloabder-20&linkCode=osi&th=1&psc=1"><img src="https://m.media-amazon.com/images/I/41EB1IsYvHL._SL500_.jpg" alt="Product Image"></a><p>M&M'S, SNICKERS & MILKY WAY Fun Size Chocolate Candy Variety Pack, Assorted Chocolate Candy Variety Pack for Halloween, Party Size, 19.2 Oz Bulk Bag</p><p> -6% 0FF </p><p>$8.99 ($0.47 / Ounce)</p><a href="https://www.amazon.com/dp/B09NPB2DNT?tag=eloabder-20&linkCode=osi&th=1&psc=1">View Product</a></div><div class="product"><a href="https://www.amazon.com/dp/B0DVM7JWP6?tag=eloabder-20&linkCode=osi&th=1&psc=1"><img src="https://m.media-amazon.com/images/I/51Lc-U8ExNL._SL500_.jpg" alt="Product Image"></a><p>Butterfinger, CRUNCH, Baby Ruth, 100 Grand Mini and Fun Size Assorted Candy Bars, Bulk 80 Count Pack, 32.1 oz</p><p> -20% 0FF </p><p>$11.19</p><a href="https://www.amazon.com/dp/B0DVM7JWP6?tag=eloabder-20&linkCode=osi&th=1&psc=1">View Product</a></div><div class="product"><a href="https://www.amazon.com/dp/B09NMX9CGB?tag=eloabder-20&linkCode=osi&th=1&psc=1"><img src="https://m.media-amazon.com/images/I/51donixesTL._SL500_.jpg" alt="Product Image"></a><p>Butterfinger, CRUNCH, Baby Ruth, 100 Grand Fun Size Assorted Candy Bars, Great for Sharing, Bulk 60 Count Pack, 37.2 oz</p><p> -20% 0FF </p><p>$11.79 ($0.32 / Ounce)</p><a href="https://www.amazon.com/dp/B09NMX9CGB?tag=eloabder-20&linkCode=osi&th=1&psc=1">View Product</a></div>




<div class="product"><a href="https://www.amazon.com/dp/B01B8V7ACA?tag=eloabder-20&linkCode=osi&th=1&psc=1"><img src="https://m.media-amazon.com/images/I/41vAit7Po9L._SL500_.jpg" alt="Product Image"></a><p>EPIC Rendered Duck Fat, Keto and Paleo Friendly, Whole30 Approved, Gluten Free, 11 oz Jar</p><p> -15% 0FF </p><p>$14.99 ($1.36 / Ounce)</p><a href="https://www.amazon.com/dp/B01B8V7ACA?tag=eloabder-20&linkCode=osi&th=1&psc=1">View Product</a></div>

<div class="product"><a href="https://www.amazon.com/dp/B0025W9A5C?tag=eloabder-20&linkCode=osi&th=1&psc=1"><img src="https://m.media-amazon.com/images/I/51Oz8SNo83L._SL500_.jpg" alt="Product Image"></a><p>Nature Valley Crunchy Oats 'n Honey Granola Bars, 60 Bars, 44.7 OZ (30 Pouches)</p><p> -33% 0FF </p><p>$7.49 ($0.17 / Ounce)</p><a href="https://www.amazon.com/dp/B0025W9A5C?tag=eloabder-20&linkCode=osi&th=1&psc=1">View Product</a></div><div class="product"><a href="https://www.amazon.com/dp/B01MRZZ3KC?tag=eloabder-20&linkCode=osi&th=1&psc=1"><img src="https://m.media-amazon.com/images/I/512IgtvlLyL._SL500_.jpg" alt="Product Image"></a><p>Quaker Chewy Granola Bars, Chocolate Chip, 58 Count - Packaging May Vary</p><p> -9% 0FF </p><p>$11.19 ($0.23 / Ounce)</p><a href="https://www.amazon.com/dp/B01MRZZ3KC?tag=eloabder-20&linkCode=osi&th=1&psc=1">View Product</a></div><div class="product"><a href="https://www.amazon.com/dp/B00GHPC47O?tag=eloabder-20&linkCode=osi&th=1&psc=1"><img src="https://m.media-amazon.com/images/I/51YsdKn53VS._SL500_.jpg" alt="Product Image"></a><p>Quaker Chewy Granola Bars, Variety Pack, 18 Count</p><p> -20% 0FF </p><p>$3.97 ($0.26 / Ounce)</p><a href="https://www.amazon.com/dp/B00GHPC47O?tag=eloabder-20&linkCode=osi&th=1&psc=1">View Product</a></div><div class="product"><a href="https://www.amazon.com/dp/B0D9R1BMJR?tag=eloabder-20&linkCode=osi&th=1&psc=1"><img src="https://m.media-amazon.com/images/I/51ksmfNpCJL._SL500_.jpg" alt="Product Image"></a><p>Quaker Chewy Granola Bars, Chewy & Dipps Variety Pack, (58 Bars), Whole Grains, No Artificial Flavors, No Added Colors</p><p> -31% 0FF </p><p>$11.87 ($0.22 / Ounce)</p><a href="https://www.amazon.com/dp/B0D9R1BMJR?tag=eloabder-20&linkCode=osi&th=1&psc=1">View Product</a></div><div class="product"><a href="https://www.amazon.com/dp/B077KYKYKN?tag=eloabder-20&linkCode=osi&th=1&psc=1"><img src="https://m.media-amazon.com/images/I/51qz85lOK2S._SL500_.jpg" alt="Product Image"></a><p>Quaker Chewy Lower Sugar Granola Bars, Chocolate Chip, 58 Count</p><p> -35% 0FF </p><p>$11.19 ($0.23 / Ounce)</p><a href="https://www.amazon.com/dp/B077KYKYKN?tag=eloabder-20&linkCode=osi&th=1&psc=1">View Product</a></div>
<div class="product"><a href="https://www.amazon.com/dp/B07VVGKHLH?tag=eloabder-20&linkCode=osi&th=1&psc=1"><img src="https://m.media-amazon.com/images/I/31hbAFlUK6L._SL500_.jpg" alt="Product Image"></a><p>Amazon Grocery, Garlic Powder, 3.9 Oz (Previously Happy Belly, Packaging May Vary)</p><p> -17% 0FF </p><p>$1.30 ($0.33 / Ounce)</p><a href="https://www.amazon.com/dp/B07VVGKHLH?tag=eloabder-20&linkCode=osi&th=1&psc=1">View Product</a></div>
<div class="product"><a href="https://www.amazon.com/dp/B000WHSD5A?tag=eloabder-20&linkCode=osi&th=1&psc=1"><img src="https://m.media-amazon.com/images/I/41QwGSr0+IL._SL500_.jpg" alt="Product Image"></a><p>Heinz Tomato Ketchup, 20 oz Bottle</p><p> -36% 0FF </p><p>$2.23 ($0.11 / Ounce)</p><a href="https://www.amazon.com/dp/B000WHSD5A?tag=eloabder-20&linkCode=osi&th=1&psc=1">View Product</a></div><div class="product"><a href="https://www.amazon.com/dp/B0005YKO8E?tag=eloabder-20&linkCode=osi&th=1&psc=1"><img src="https://m.media-amazon.com/images/I/41AFhgJ5V7L._SL500_.jpg" alt="Product Image"></a><p>Heinz Tomato Ketchup, 14 oz Bottle</p><p> -36% 0FF </p><p>$1.56 ($0.11 / Ounce)</p><a href="https://www.amazon.com/dp/B0005YKO8E?tag=eloabder-20&linkCode=osi&th=1&psc=1">View Product</a></div><div class="product"><a href="https://www.amazon.com/dp/B01B2OVUAG?tag=eloabder-20&linkCode=osi&th=1&psc=1"><img src="https://m.media-amazon.com/images/I/41gaLzbBsDL._SL500_.jpg" alt="Product Image"></a><p>Heinz Organic Tomato Ketchup, 32 oz Bottle</p><p> -47% 0FF </p><p>$3.67 ($0.11 / Ounce)</p><a href="https://www.amazon.com/dp/B01B2OVUAG?tag=eloabder-20&linkCode=osi&th=1&psc=1">View Product</a></div>
<div class="product"><a href="https://www.amazon.com/dp/B015UBV4N0?tag=eloabder-20&linkCode=osi&th=1&psc=1"><img src="https://m.media-amazon.com/images/I/51NRndhNwoL._SL500_.jpg" alt="Product Image"></a><p>Crofters Organic Premium Spread, Strawberry, 16.5 oz</p><p> -20% 0FF </p><p>$4.96 ($0.30 / oz)</p><a href="https://www.amazon.com/dp/B015UBV4N0?tag=eloabder-20&linkCode=osi&th=1&psc=1">View Product</a></div>
<div class="product"><a href="https://www.amazon.com/dp/B097RW44HZ?tag=eloabder-20&linkCode=osi&th=1&psc=1"><img src="https://m.media-amazon.com/images/I/51OhVkU8+PL._SL500_.jpg" alt="Product Image"></a><p>Apexy Jelly Fruit Candy – Assorted Fruit Flavors, Halloween Treat Juicy Chewy Gel Snacks, Kids & Adults Party Favors, Fun Treats for Goodie Bags & Events 46.9oz (1330g)</p><p> -7% 0FF </p><p>$12.99 ($0.28 / Ounce)</p><a href="https://www.amazon.com/dp/B097RW44HZ?tag=eloabder-20&linkCode=osi&th=1&psc=1">View Product</a></div><div class="product"><a href="https://www.amazon.com/dp/B00099XN56?tag=eloabder-20&linkCode=osi&th=1&psc=1"><img src="https://m.media-amazon.com/images/I/41twfbi883L._SL500_.jpg" alt="Product Image"></a><p>Smucker's Jelly, Mixed Fruit, 12 oz (340 g)</p><p> -11% 0FF </p><p>$9.94 ($0.83 / Ounce)</p><a href="https://www.amazon.com/dp/B00099XN56?tag=eloabder-20&linkCode=osi&th=1&psc=1">View Product</a></div>
<div class="product"><a href="https://www.amazon.com/dp/B0005Z6ZK4?tag=eloabder-20&linkCode=osi&th=1&psc=1"><img src="https://m.media-amazon.com/images/I/31dtADxAZbL._SL500_.jpg" alt="Product Image"></a><p>Nutella Hazelnut Spread with Cocoa, Creamy Hazelnut Spread, Breakfast Favorite, 13 oz Jar</p><p> -30% 0FF </p><p>$3.48 ($0.27 / Ounce)</p><a href="https://www.amazon.com/dp/B0005Z6ZK4?tag=eloabder-20&linkCode=osi&th=1&psc=1">View Product</a></div><div class="product"><a href="https://www.amazon.com/dp/B09PN9S9D4?tag=eloabder-20&linkCode=osi&th=1&psc=1"><img src="https://m.media-amazon.com/images/I/41VpA06vqaL._SL500_.jpg" alt="Product Image"></a><p>Amazon Grocery, Hazelnut Spread With Cocoa, 26.5 Oz (Previously Amazon Fresh, Packaging May Vary)</p><p> -17% 0FF </p><p>$4.12 ($0.16 / Ounce)</p><a href="https://www.amazon.com/dp/B09PN9S9D4?tag=eloabder-20&linkCode=osi&th=1&psc=1">View Product</a></div>
<div class="product"><a href="https://www.amazon.com/dp/B0052BFNLS?tag=eloabder-20&linkCode=osi&th=1&psc=1"><img src="https://m.media-amazon.com/images/I/31Tfk-0-ybL._SL500_.jpg" alt="Product Image"></a><p>Pompeian Gourmet Red Wine Vinegar, Naturally Gluten-Free, 30 Fl Oz</p><p> -5% 0FF </p><p>$5.33 ($0.18 / Fl Oz)</p><a href="https://www.amazon.com/dp/B0052BFNLS?tag=eloabder-20&linkCode=osi&th=1&psc=1">View Product</a></div><div class="product"><a href="https://www.amazon.com/dp/B005AYB38O?tag=eloabder-20&linkCode=osi&th=1&psc=1"><img src="https://m.media-amazon.com/images/I/31tJRcbnsfL._SL500_.jpg" alt="Product Image"></a><p>Napa Valley Naturals Organic Red Wine Vinegar, 12.7 Ounces</p><p> -51% 0FF </p><p>$5.50 ($0.43 / Ounce)</p><a href="https://www.amazon.com/dp/B005AYB38O?tag=eloabder-20&linkCode=osi&th=1&psc=1">View Product</a></div><div class="product"><a href="https://www.amazon.com/dp/B00H1CJG00?tag=eloabder-20&linkCode=osi&th=1&psc=1"><img src="https://m.media-amazon.com/images/I/31pl1n1OONL._SL500_.jpg" alt="Product Image"></a><p>Colavita Wine Vinegar - Red Wine Vinegar, 17 Fl Oz</p><p> -21% 0FF </p><p>$9.51 ($0.56 / Fl Oz)</p><a href="https://www.amazon.com/dp/B00H1CJG00?tag=eloabder-20&linkCode=osi&th=1&psc=1">View Product</a></div>









<div class="product"><a href="https://www.amazon.com/dp/B074H5ZHFH?tag=eloabder-20&linkCode=osi&th=1&psc=1"><img src="https://m.media-amazon.com/images/I/410ymBds87L._SL500_.jpg" alt="Product Image"></a><p>365 by Whole Foods Market, Organic Penne Rigate, 16 Ounce</p><p> -10% 0FF </p><p>$1.97 ($0.12 / Ounce)</p><a href="https://www.amazon.com/dp/B074H5ZHFH?tag=eloabder-20&linkCode=osi&th=1&psc=1">View Product</a></div><div class="product"><a href="https://www.amazon.com/dp/B007MNYZ2M?tag=eloabder-20&linkCode=osi&th=1&psc=1"><img src="https://m.media-amazon.com/images/I/41dAZBCU7kS._SL500_.jpg" alt="Product Image"></a><p>Rummo Italian Pasta Penne Rigate No. 66, Always Al Dente (1lb Package)</p><p> -32% 0FF </p><p>$7.12 ($0.44 / Ounce)</p><a href="https://www.amazon.com/dp/B007MNYZ2M?tag=eloabder-20&linkCode=osi&th=1&psc=1">View Product</a></div><div class="product"><a href="https://www.amazon.com/dp/B07NSRQYNP?tag=eloabder-20&linkCode=osi&th=1&psc=1"><img src="https://m.media-amazon.com/images/I/413HwweC7iL._SL500_.jpg" alt="Product Image"></a><p>Rao's Homemade Penne Pasta, 16oz, Traditionally Crafted, Premium Quality, From Durum Semolina Flour, Traditional Bronze Die Cut, Imported from Italy</p><p> -24% 0FF </p><p>$2.18 ($0.14 / Fl Oz)</p><a href="https://www.amazon.com/dp/B07NSRQYNP?tag=eloabder-20&linkCode=osi&th=1&psc=1">View Product</a></div>
<div class="product"><a href="https://www.amazon.com/dp/B00112UBOG?tag=eloabder-20&linkCode=osi&th=1&psc=1"><img src="https://m.media-amazon.com/images/I/51coh9-N5gL._SL500_.jpg" alt="Product Image"></a><p>RiceSelect Arborio Rice for Italian Risotto, Premium Gluten-Free Rice, Non-GMO, 32-Ounce Jar, (Pack of 1)</p><p> -21% 0FF </p><p>$5.99 ($0.19 / Ounces)</p><a href="https://www.amazon.com/dp/B00112UBOG?tag=eloabder-20&linkCode=osi&th=1&psc=1">View Product</a></div>


<div class="product"><a href="https://www.amazon.com/dp/B0BZB9D92K?tag=eloabder-20&linkCode=osi&th=1&psc=1"><img src="https://m.media-amazon.com/images/I/41q74mciXOL._SL500_.jpg" alt="Product Image"></a><p>Amazon Grocery, Canned Pinto Beans, 15.5 Oz (Previously Amazon Fresh, Packaging May Vary)</p><p> -34% 0FF </p><p>$0.55 ($0.04 / Ounce)</p><a href="https://www.amazon.com/dp/B0BZB9D92K?tag=eloabder-20&linkCode=osi&th=1&psc=1">View Product</a></div>
<div class="product"><a href="https://www.amazon.com/dp/B0BZJNJTYV?tag=eloabder-20&linkCode=osi&th=1&psc=1"><img src="https://m.media-amazon.com/images/I/41lSsx2pjSL._SL500_.jpg" alt="Product Image"></a><p>Amazon Grocery, Sweet Peas, 15 Oz (Previously Amazon Fresh, Packaging May Vary)</p><p> -56% 0FF </p><p>$0.71 ($0.05 / Ounce)</p><a href="https://www.amazon.com/dp/B0BZJNJTYV?tag=eloabder-20&linkCode=osi&th=1&psc=1">View Product</a></div><div class="product"><a href="https://www.amazon.com/dp/B078T19Y9X?tag=eloabder-20&linkCode=osi&th=1&psc=1"><img src="https://m.media-amazon.com/images/I/51z+piSY1JL._SL500_.jpg" alt="Product Image"></a><p>DEL MONTE Sweet Peas Canned Vegetables, 12 Pack, 15 oz Can</p><p> -36% 0FF </p><p>$10.08 ($0.06 / Ounce)</p><a href="https://www.amazon.com/dp/B078T19Y9X?tag=eloabder-20&linkCode=osi&th=1&psc=1">View Product</a></div>
<div class="product"><a href="https://www.amazon.com/dp/B00GDVBHU2?tag=eloabder-20&linkCode=osi&th=1&psc=1"><img src="https://m.media-amazon.com/images/I/51BjG0g4q5L._SL500_.jpg" alt="Product Image"></a><p>Blue Diamond Almonds, Raw Whole Natural, 16 Ounce</p><p> -12% 0FF </p><p>$5.99 ($0.37 / Ounce)</p><a href="https://www.amazon.com/dp/B00GDVBHU2?tag=eloabder-20&linkCode=osi&th=1&psc=1">View Product</a></div>

<div class="product"><a href="https://www.amazon.com/dp/B07W1WKDSC?tag=eloabder-20&linkCode=osi&th=1&psc=1"><img src="https://m.media-amazon.com/images/I/31nTopuj99L._SL500_.jpg" alt="Product Image"></a><p>Amazon Grocery, Basil Leaves, 0.95 Oz (Previously Happy Belly, Packaging May Vary)</p><p> -17% 0FF </p><p>$1.59 ($1.67 / Ounce)</p><a href="https://www.amazon.com/dp/B07W1WKDSC?tag=eloabder-20&linkCode=osi&th=1&psc=1">View Product</a></div>

<div class="product"><a href="https://www.amazon.com/dp/B07VXL2JRG?tag=eloabder-20&linkCode=osi&th=1&psc=1"><img src="https://m.media-amazon.com/images/I/31ou5P5dqeL._SL500_.jpg" alt="Product Image"></a><p>Amazon Grocery, Ground Cumin, 2.6 Oz (Previously Happy Belly, Packaging May Vary)</p><p> -17% 0FF </p><p>$1.16 ($0.45 / Ounce)</p><a href="https://www.amazon.com/dp/B07VXL2JRG?tag=eloabder-20&linkCode=osi&th=1&psc=1">View Product</a></div>

<div class="product"><a href="https://www.amazon.com/dp/B07P8M5ZT1?tag=eloabder-20&linkCode=osi&th=1&psc=1"><img src="https://m.media-amazon.com/images/I/31+0qVbfagL._SL500_.jpg" alt="Product Image"></a><p>Amazon Grocery, Olive Oil, Medium Flavor, 16.9 Fl Oz (Previously Amazon Fresh, Packaging May Vary)</p><p> -17% 0FF </p><p>$4.50 ($0.27 / Ounce)</p><a href="https://www.amazon.com/dp/B07P8M5ZT1?tag=eloabder-20&linkCode=osi&th=1&psc=1">View Product</a></div>
<div class="product"><a href="https://www.amazon.com/dp/B00IY5HREA?tag=eloabder-20&linkCode=osi&th=1&psc=1"><img src="https://m.media-amazon.com/images/I/31n5MDrL-QL._SL500_.jpg" alt="Product Image"></a><p>Colavita Balsamic Vinegar of Modena, 17 Ounce Bottle</p><p> -9% 0FF </p><p>$4.22 ($0.25 / Fl Oz)</p><a href="https://www.amazon.com/dp/B00IY5HREA?tag=eloabder-20&linkCode=osi&th=1&psc=1">View Product</a></div><div class="product"><a href="https://www.amazon.com/dp/B0FHNXDWYB?tag=eloabder-20&linkCode=osi&th=1&psc=1"><img src="https://m.media-amazon.com/images/I/41AJ0vvzsSL._SL500_.jpg" alt="Product Image"></a><p>Paolo Natural Orange Balsamic Vinegar, Artisan Crafted, 36-Month Oak Barrel Aged, Sweet & Sour Flavor for Salad Dressings, Pasta, Desserts, Glass Bottle, 5.40 fl oz (160ml)</p><p> -9% 0FF </p><p>$29.99 ($5.55 / Fl Oz)</p><a href="https://www.amazon.com/dp/B0FHNXDWYB?tag=eloabder-20&linkCode=osi&th=1&psc=1">View Product</a></div>
<div class="product"><a href="https://www.amazon.com/dp/B0B46R31XD?tag=eloabder-20&linkCode=osi&th=1&psc=1"><img src="https://m.media-amazon.com/images/I/5176SDI1iyL._SL500_.jpg" alt="Product Image"></a><p>Contadina Canned Tomato Sauce, 15 oz (Pack of 4 Cans)</p><p> -8% 0FF </p><p>$3.98 ($0.07 / Ounce)</p><a href="https://www.amazon.com/dp/B0B46R31XD?tag=eloabder-20&linkCode=osi&th=1&psc=1">View Product</a></div>


<div class="product"><a href="https://www.amazon.com/dp/B07179XBP9?tag=eloabder-20&linkCode=osi&th=1&psc=1"><img src="https://m.media-amazon.com/images/I/61vs7ucqGKL._SL500_.jpg" alt="Product Image"></a><p>Lay's Potato Chips, 4 Flavor Variety Pack, 1 oz Single Serve Bags, (40 Pack)</p><p> -19% 0FF </p><p>$13.19 ($0.33 / Count)</p><a href="https://www.amazon.com/dp/B07179XBP9?tag=eloabder-20&linkCode=osi&th=1&psc=1">View Product</a></div><div class="product"><a href="https://www.amazon.com/dp/B07X1KPLNQ?tag=eloabder-20&linkCode=osi&th=1&psc=1"><img src="https://m.media-amazon.com/images/I/41grpp95ftL._SL500_.jpg" alt="Product Image"></a><p>Amazon Fresh, Wavy Potato Chips, 11 Oz (Previously Happy Belly, Packaging May Vary)</p><p> -12% 0FF </p><p>$2.67 ($0.24 / Ounce)</p><a href="https://www.amazon.com/dp/B07X1KPLNQ?tag=eloabder-20&linkCode=osi&th=1&psc=1">View Product</a></div>


<div class="product"><a href="https://www.amazon.com/dp/B09NPB2DNT?tag=eloabder-20&linkCode=osi&th=1&psc=1"><img src="https://m.media-amazon.com/images/I/41EB1IsYvHL._SL500_.jpg" alt="Product Image"></a><p>M&M'S, SNICKERS & MILKY WAY Fun Size Chocolate Candy Variety Pack, Assorted Chocolate Candy Variety Pack for Halloween, Party Size, 19.2 Oz Bulk Bag</p><p> -6% 0FF </p><p>$8.99 ($0.47 / Ounce)</p><a href="https://www.amazon.com/dp/B09NPB2DNT?tag=eloabder-20&linkCode=osi&th=1&psc=1">View Product</a></div><div class="product"><a href="https://www.amazon.com/dp/B0DVM7JWP6?tag=eloabder-20&linkCode=osi&th=1&psc=1"><img src="https://m.media-amazon.com/images/I/51Lc-U8ExNL._SL500_.jpg" alt="Product Image"></a><p>Butterfinger, CRUNCH, Baby Ruth, 100 Grand Mini and Fun Size Assorted Candy Bars, Bulk 80 Count Pack, 32.1 oz</p><p> -20% 0FF </p><p>$11.19</p><a href="https://www.amazon.com/dp/B0DVM7JWP6?tag=eloabder-20&linkCode=osi&th=1&psc=1">View Product</a></div><div class="product"><a href="https://www.amazon.com/dp/B09NMX9CGB?tag=eloabder-20&linkCode=osi&th=1&psc=1"><img src="https://m.media-amazon.com/images/I/51donixesTL._SL500_.jpg" alt="Product Image"></a><p>Butterfinger, CRUNCH, Baby Ruth, 100 Grand Fun Size Assorted Candy Bars, Great for Sharing, Bulk 60 Count Pack, 37.2 oz</p><p> -20% 0FF </p><p>$11.79 ($0.32 / Ounce)</p><a href="https://www.amazon.com/dp/B09NMX9CGB?tag=eloabder-20&linkCode=osi&th=1&psc=1">View Product</a></div>




<div class="product"><a href="https://www.amazon.com/dp/B01B8V7ACA?tag=eloabder-20&linkCode=osi&th=1&psc=1"><img src="https://m.media-amazon.com/images/I/41vAit7Po9L._SL500_.jpg" alt="Product Image"></a><p>EPIC Rendered Duck Fat, Keto and Paleo Friendly, Whole30 Approved, Gluten Free, 11 oz Jar</p><p> -15% 0FF </p><p>$14.99 ($1.36 / Ounce)</p><a href="https://www.amazon.com/dp/B01B8V7ACA?tag=eloabder-20&linkCode=osi&th=1&psc=1">View Product</a></div>


<div class="product"><a href="https://www.amazon.com/dp/B0025W9A5C?tag=eloabder-20&linkCode=osi&th=1&psc=1"><img src="https://m.media-amazon.com/images/I/51Oz8SNo83L._SL500_.jpg" alt="Product Image"></a><p>Nature Valley Crunchy Oats 'n Honey Granola Bars, 60 Bars, 44.7 OZ (30 Pouches)</p><p> -33% 0FF </p><p>$7.49 ($0.17 / Ounce)</p><a href="https://www.amazon.com/dp/B0025W9A5C?tag=eloabder-20&linkCode=osi&th=1&psc=1">View Product</a></div><div class="product"><a href="https://www.amazon.com/dp/B01MRZZ3KC?tag=eloabder-20&linkCode=osi&th=1&psc=1"><img src="https://m.media-amazon.com/images/I/512IgtvlLyL._SL500_.jpg" alt="Product Image"></a><p>Quaker Chewy Granola Bars, Chocolate Chip, 58 Count - Packaging May Vary</p><p> -9% 0FF </p><p>$11.19 ($0.23 / Ounce)</p><a href="https://www.amazon.com/dp/B01MRZZ3KC?tag=eloabder-20&linkCode=osi&th=1&psc=1">View Product</a></div><div class="product"><a href="https://www.amazon.com/dp/B00GHPC47O?tag=eloabder-20&linkCode=osi&th=1&psc=1"><img src="https://m.media-amazon.com/images/I/51YsdKn53VS._SL500_.jpg" alt="Product Image"></a><p>Quaker Chewy Granola Bars, Variety Pack, 18 Count</p><p> -20% 0FF </p><p>$3.97 ($0.26 / Ounce)</p><a href="https://www.amazon.com/dp/B00GHPC47O?tag=eloabder-20&linkCode=osi&th=1&psc=1">View Product</a></div><div class="product"><a href="https://www.amazon.com/dp/B0D9R1BMJR?tag=eloabder-20&linkCode=osi&th=1&psc=1"><img src="https://m.media-amazon.com/images/I/51ksmfNpCJL._SL500_.jpg" alt="Product Image"></a><p>Quaker Chewy Granola Bars, Chewy & Dipps Variety Pack, (58 Bars), Whole Grains, No Artificial Flavors, No Added Colors</p><p> -31% 0FF </p><p>$11.87 ($0.22 / Ounce)</p><a href="https://www.amazon.com/dp/B0D9R1BMJR?tag=eloabder-20&linkCode=osi&th=1&psc=1">View Product</a></div><div class="product"><a href="https://www.amazon.com/dp/B077KYKYKN?tag=eloabder-20&linkCode=osi&th=1&psc=1"><img src="https://m.media-amazon.com/images/I/51qz85lOK2S._SL500_.jpg" alt="Product Image"></a><p>Quaker Chewy Lower Sugar Granola Bars, Chocolate Chip, 58 Count</p><p> -35% 0FF </p><p>$11.19 ($0.23 / Ounce)</p><a href="https://www.amazon.com/dp/B077KYKYKN?tag=eloabder-20&linkCode=osi&th=1&psc=1">View Product</a></div>
<div class="product"><a href="https://www.amazon.com/dp/B07VVGKHLH?tag=eloabder-20&linkCode=osi&th=1&psc=1"><img src="https://m.media-amazon.com/images/I/31hbAFlUK6L._SL500_.jpg" alt="Product Image"></a><p>Amazon Grocery, Garlic Powder, 3.9 Oz (Previously Happy Belly, Packaging May Vary)</p><p> -17% 0FF </p><p>$1.30 ($0.33 / Ounce)</p><a href="https://www.amazon.com/dp/B07VVGKHLH?tag=eloabder-20&linkCode=osi&th=1&psc=1">View Product</a></div>
<div class="product"><a href="https://www.amazon.com/dp/B000WHSD5A?tag=eloabder-20&linkCode=osi&th=1&psc=1"><img src="https://m.media-amazon.com/images/I/41QwGSr0+IL._SL500_.jpg" alt="Product Image"></a><p>Heinz Tomato Ketchup, 20 oz Bottle</p><p> -36% 0FF </p><p>$2.23 ($0.11 / Ounce)</p><a href="https://www.amazon.com/dp/B000WHSD5A?tag=eloabder-20&linkCode=osi&th=1&psc=1">View Product</a></div><div class="product"><a href="https://www.amazon.com/dp/B0005YKO8E?tag=eloabder-20&linkCode=osi&th=1&psc=1"><img src="https://m.media-amazon.com/images/I/41AFhgJ5V7L._SL500_.jpg" alt="Product Image"></a><p>Heinz Tomato Ketchup, 14 oz Bottle</p><p> -36% 0FF </p><p>$1.56 ($0.11 / Ounce)</p><a href="https://www.amazon.com/dp/B0005YKO8E?tag=eloabder-20&linkCode=osi&th=1&psc=1">View Product</a></div><div class="product"><a href="https://www.amazon.com/dp/B01B2OVUAG?tag=eloabder-20&linkCode=osi&th=1&psc=1"><img src="https://m.media-amazon.com/images/I/41gaLzbBsDL._SL500_.jpg" alt="Product Image"></a><p>Heinz Organic Tomato Ketchup, 32 oz Bottle</p><p> -47% 0FF </p><p>$3.67 ($0.11 / Ounce)</p><a href="https://www.amazon.com/dp/B01B2OVUAG?tag=eloabder-20&linkCode=osi&th=1&psc=1">View Product</a></div>
<div class="product"><a href="https://www.amazon.com/dp/B015UBV4N0?tag=eloabder-20&linkCode=osi&th=1&psc=1"><img src="https://m.media-amazon.com/images/I/51NRndhNwoL._SL500_.jpg" alt="Product Image"></a><p>Crofters Organic Premium Spread, Strawberry, 16.5 oz</p><p> -20% 0FF </p><p>$4.96 ($0.30 / oz)</p><a href="https://www.amazon.com/dp/B015UBV4N0?tag=eloabder-20&linkCode=osi&th=1&psc=1">View Product</a></div>
<div class="product"><a href="https://www.amazon.com/dp/B097RW44HZ?tag=eloabder-20&linkCode=osi&th=1&psc=1"><img src="https://m.media-amazon.com/images/I/51OhVkU8+PL._SL500_.jpg" alt="Product Image"></a><p>Apexy Jelly Fruit Candy – Assorted Fruit Flavors, Halloween Treat Juicy Chewy Gel Snacks, Kids & Adults Party Favors, Fun Treats for Goodie Bags & Events 46.9oz (1330g)</p><p> -7% 0FF </p><p>$12.99 ($0.28 / Ounce)</p><a href="https://www.amazon.com/dp/B097RW44HZ?tag=eloabder-20&linkCode=osi&th=1&psc=1">View Product</a></div><div class="product"><a href="https://www.amazon.com/dp/B00099XN56?tag=eloabder-20&linkCode=osi&th=1&psc=1"><img src="https://m.media-amazon.com/images/I/41twfbi883L._SL500_.jpg" alt="Product Image"></a><p>Smucker's Jelly, Mixed Fruit, 12 oz (340 g)</p><p> -11% 0FF </p><p>$9.94 ($0.83 / Ounce)</p><a href="https://www.amazon.com/dp/B00099XN56?tag=eloabder-20&linkCode=osi&th=1&psc=1">View Product</a></div>
<div class="product"><a href="https://www.amazon.com/dp/B0005Z6ZK4?tag=eloabder-20&linkCode=osi&th=1&psc=1"><img src="https://m.media-amazon.com/images/I/31dtADxAZbL._SL500_.jpg" alt="Product Image"></a><p>Nutella Hazelnut Spread with Cocoa, Creamy Hazelnut Spread, Breakfast Favorite, 13 oz Jar</p><p> -30% 0FF </p><p>$3.48 ($0.27 / Ounce)</p><a href="https://www.amazon.com/dp/B0005Z6ZK4?tag=eloabder-20&linkCode=osi&th=1&psc=1">View Product</a></div><div class="product"><a href="https://www.amazon.com/dp/B09PN9S9D4?tag=eloabder-20&linkCode=osi&th=1&psc=1"><img src="https://m.media-amazon.com/images/I/41VpA06vqaL._SL500_.jpg" alt="Product Image"></a><p>Amazon Grocery, Hazelnut Spread With Cocoa, 26.5 Oz (Previously Amazon Fresh, Packaging May Vary)</p><p> -17% 0FF </p><p>$4.12 ($0.16 / Ounce)</p><a href="https://www.amazon.com/dp/B09PN9S9D4?tag=eloabder-20&linkCode=osi&th=1&psc=1">View Product</a></div>
<div class="product"><a href="https://www.amazon.com/dp/B0052BFNLS?tag=eloabder-20&linkCode=osi&th=1&psc=1"><img src="https://m.media-amazon.com/images/I/31Tfk-0-ybL._SL500_.jpg" alt="Product Image"></a><p>Pompeian Gourmet Red Wine Vinegar, Naturally Gluten-Free, 30 Fl Oz</p><p> -5% 0FF </p><p>$5.33 ($0.18 / Fl Oz)</p><a href="https://www.amazon.com/dp/B0052BFNLS?tag=eloabder-20&linkCode=osi&th=1&psc=1">View Product</a></div><div class="product"><a href="https://www.amazon.com/dp/B005AYB38O?tag=eloabder-20&linkCode=osi&th=1&psc=1"><img src="https://m.media-amazon.com/images/I/31tJRcbnsfL._SL500_.jpg" alt="Product Image"></a><p>Napa Valley Naturals Organic Red Wine Vinegar, 12.7 Ounces</p><p> -51% 0FF </p><p>$5.50 ($0.43 / Ounce)</p><a href="https://www.amazon.com/dp/B005AYB38O?tag=eloabder-20&linkCode=osi&th=1&psc=1">View Product</a></div><div class="product"><a href="https://www.amazon.com/dp/B00H1CJG00?tag=eloabder-20&linkCode=osi&th=1&psc=1"><img src="https://m.media-amazon.com/images/I/31pl1n1OONL._SL500_.jpg" alt="Product Image"></a><p>Colavita Wine Vinegar - Red Wine Vinegar, 17 Fl Oz</p><p> -21% 0FF </p><p>$9.51 ($0.56 / Fl Oz)</p><a href="https://www.amazon.com/dp/B00H1CJG00?tag=eloabder-20&linkCode=osi&th=1&psc=1">View Product</a></div>









<div class="product"><a href="https://www.amazon.com/dp/B074H5ZHFH?tag=eloabder-20&linkCode=osi&th=1&psc=1"><img src="https://m.media-amazon.com/images/I/410ymBds87L._SL500_.jpg" alt="Product Image"></a><p>365 by Whole Foods Market, Organic Penne Rigate, 16 Ounce</p><p> -10% 0FF </p><p>$1.97 ($0.12 / Ounce)</p><a href="https://www.amazon.com/dp/B074H5ZHFH?tag=eloabder-20&linkCode=osi&th=1&psc=1">View Product</a></div><div class="product"><a href="https://www.amazon.com/dp/B007MNYZ2M?tag=eloabder-20&linkCode=osi&th=1&psc=1"><img src="https://m.media-amazon.com/images/I/41dAZBCU7kS._SL500_.jpg" alt="Product Image"></a><p>Rummo Italian Pasta Penne Rigate No. 66, Always Al Dente (1lb Package)</p><p> -32% 0FF </p><p>$7.12 ($0.44 / Ounce)</p><a href="https://www.amazon.com/dp/B007MNYZ2M?tag=eloabder-20&linkCode=osi&th=1&psc=1">View Product</a></div><div class="product"><a href="https://www.amazon.com/dp/B07NSRQYNP?tag=eloabder-20&linkCode=osi&th=1&psc=1"><img src="https://m.media-amazon.com/images/I/413HwweC7iL._SL500_.jpg" alt="Product Image"></a><p>Rao's Homemade Penne Pasta, 16oz, Traditionally Crafted, Premium Quality, From Durum Semolina Flour, Traditional Bronze Die Cut, Imported from Italy</p><p> -24% 0FF </p><p>$2.18 ($0.14 / Fl Oz)</p><a href="https://www.amazon.com/dp/B07NSRQYNP?tag=eloabder-20&linkCode=osi&th=1&psc=1">View Product</a></div>
<div class="product"><a href="https://www.amazon.com/dp/B00112UBOG?tag=eloabder-20&linkCode=osi&th=1&psc=1"><img src="https://m.media-amazon.com/images/I/51coh9-N5gL._SL500_.jpg" alt="Product Image"></a><p>RiceSelect Arborio Rice for Italian Risotto, Premium Gluten-Free Rice, Non-GMO, 32-Ounce Jar, (Pack of 1)</p><p> -21% 0FF </p><p>$5.99 ($0.19 / Ounces)</p><a href="https://www.amazon.com/dp/B00112UBOG?tag=eloabder-20&linkCode=osi&th=1&psc=1">View Product</a></div>


<div class="product"><a href="https://www.amazon.com/dp/B0BZB9D92K?tag=eloabder-20&linkCode=osi&th=1&psc=1"><img src="https://m.media-amazon.com/images/I/41q74mciXOL._SL500_.jpg" alt="Product Image"></a><p>Amazon Grocery, Canned Pinto Beans, 15.5 Oz (Previously Amazon Fresh, Packaging May Vary)</p><p> -34% 0FF </p><p>$0.55 ($0.04 / Ounce)</p><a href="https://www.amazon.com/dp/B0BZB9D92K?tag=eloabder-20&linkCode=osi&th=1&psc=1">View Product</a></div>
<div class="product"><a href="https://www.amazon.com/dp/B0BZJNJTYV?tag=eloabder-20&linkCode=osi&th=1&psc=1"><img src="https://m.media-amazon.com/images/I/41lSsx2pjSL._SL500_.jpg" alt="Product Image"></a><p>Amazon Grocery, Sweet Peas, 15 Oz (Previously Amazon Fresh, Packaging May Vary)</p><p> -56% 0FF </p><p>$0.71 ($0.05 / Ounce)</p><a href="https://www.amazon.com/dp/B0BZJNJTYV?tag=eloabder-20&linkCode=osi&th=1&psc=1">View Product</a></div><div class="product"><a href="https://www.amazon.com/dp/B078T19Y9X?tag=eloabder-20&linkCode=osi&th=1&psc=1"><img src="https://m.media-amazon.com/images/I/51z+piSY1JL._SL500_.jpg" alt="Product Image"></a><p>DEL MONTE Sweet Peas Canned Vegetables, 12 Pack, 15 oz Can</p><p> -36% 0FF </p><p>$10.08 ($0.06 / Ounce)</p><a href="https://www.amazon.com/dp/B078T19Y9X?tag=eloabder-20&linkCode=osi&th=1&psc=1">View Product</a></div>
<div class="product"><a href="https://www.amazon.com/dp/B00GDVBHU2?tag=eloabder-20&linkCode=osi&th=1&psc=1"><img src="https://m.media-amazon.com/images/I/51BjG0g4q5L._SL500_.jpg" alt="Product Image"></a><p>Blue Diamond Almonds, Raw Whole Natural, 16 Ounce</p><p> -12% 0FF </p><p>$5.99 ($0.37 / Ounce)</p><a href="https://www.amazon.com/dp/B00GDVBHU2?tag=eloabder-20&linkCode=osi&th=1&psc=1">View Product</a></div>

<div class="product"><a href="https://www.amazon.com/dp/B07W1WKDSC?tag=eloabder-20&linkCode=osi&th=1&psc=1"><img src="https://m.media-amazon.com/images/I/31nTopuj99L._SL500_.jpg" alt="Product Image"></a><p>Amazon Grocery, Basil Leaves, 0.95 Oz (Previously Happy Belly, Packaging May Vary)</p><p> -17% 0FF </p><p>$1.59 ($1.67 / Ounce)</p><a href="https://www.amazon.com/dp/B07W1WKDSC?tag=eloabder-20&linkCode=osi&th=1&psc=1">View Product</a></div>

<div class="product"><a href="https://www.amazon.com/dp/B07VXL2JRG?tag=eloabder-20&linkCode=osi&th=1&psc=1"><img src="https://m.media-amazon.com/images/I/31ou5P5dqeL._SL500_.jpg" alt="Product Image"></a><p>Amazon Grocery, Ground Cumin, 2.6 Oz (Previously Happy Belly, Packaging May Vary)</p><p> -17% 0FF </p><p>$1.16 ($0.45 / Ounce)</p><a href="https://www.amazon.com/dp/B07VXL2JRG?tag=eloabder-20&linkCode=osi&th=1&psc=1">View Product</a></div>

<div class="product"><a href="https://www.amazon.com/dp/B07P8M5ZT1?tag=eloabder-20&linkCode=osi&th=1&psc=1"><img src="https://m.media-amazon.com/images/I/31+0qVbfagL._SL500_.jpg" alt="Product Image"></a><p>Amazon Grocery, Olive Oil, Medium Flavor, 16.9 Fl Oz (Previously Amazon Fresh, Packaging May Vary)</p><p> -17% 0FF </p><p>$4.50 ($0.27 / Ounce)</p><a href="https://www.amazon.com/dp/B07P8M5ZT1?tag=eloabder-20&linkCode=osi&th=1&psc=1">View Product</a></div>
<div class="product"><a href="https://www.amazon.com/dp/B00IY5HREA?tag=eloabder-20&linkCode=osi&th=1&psc=1"><img src="https://m.media-amazon.com/images/I/31n5MDrL-QL._SL500_.jpg" alt="Product Image"></a><p>Colavita Balsamic Vinegar of Modena, 17 Ounce Bottle</p><p> -9% 0FF </p><p>$4.22 ($0.25 / Fl Oz)</p><a href="https://www.amazon.com/dp/B00IY5HREA?tag=eloabder-20&linkCode=osi&th=1&psc=1">View Product</a></div><div class="product"><a href="https://www.amazon.com/dp/B0FHNXDWYB?tag=eloabder-20&linkCode=osi&th=1&psc=1"><img src="https://m.media-amazon.com/images/I/41AJ0vvzsSL._SL500_.jpg" alt="Product Image"></a><p>Paolo Natural Orange Balsamic Vinegar, Artisan Crafted, 36-Month Oak Barrel Aged, Sweet & Sour Flavor for Salad Dressings, Pasta, Desserts, Glass Bottle, 5.40 fl oz (160ml)</p><p> -9% 0FF </p><p>$29.99 ($5.55 / Fl Oz)</p><a href="https://www.amazon.com/dp/B0FHNXDWYB?tag=eloabder-20&linkCode=osi&th=1&psc=1">View Product</a></div>
<div class="product"><a href="https://www.amazon.com/dp/B0B46R31XD?tag=eloabder-20&linkCode=osi&th=1&psc=1"><img src="https://m.media-amazon.com/images/I/5176SDI1iyL._SL500_.jpg" alt="Product Image"></a><p>Contadina Canned Tomato Sauce, 15 oz (Pack of 4 Cans)</p><p> -8% 0FF </p><p>$3.98 ($0.07 / Ounce)</p><a href="https://www.amazon.com/dp/B0B46R31XD?tag=eloabder-20&linkCode=osi&th=1&psc=1">View Product</a></div>


<div class="product"><a href="https://www.amazon.com/dp/B07179XBP9?tag=eloabder-20&linkCode=osi&th=1&psc=1"><img src="https://m.media-amazon.com/images/I/61vs7ucqGKL._SL500_.jpg" alt="Product Image"></a><p>Lay's Potato Chips, 4 Flavor Variety Pack, 1 oz Single Serve Bags, (40 Pack)</p><p> -19% 0FF </p><p>$13.19 ($0.33 / Count)</p><a href="https://www.amazon.com/dp/B07179XBP9?tag=eloabder-20&linkCode=osi&th=1&psc=1">View Product</a></div><div class="product"><a href="https://www.amazon.com/dp/B07X1KPLNQ?tag=eloabder-20&linkCode=osi&th=1&psc=1"><img src="https://m.media-amazon.com/images/I/41grpp95ftL._SL500_.jpg" alt="Product Image"></a><p>Amazon Fresh, Wavy Potato Chips, 11 Oz (Previously Happy Belly, Packaging May Vary)</p><p> -12% 0FF </p><p>$2.67 ($0.24 / Ounce)</p><a href="https://www.amazon.com/dp/B07X1KPLNQ?tag=eloabder-20&linkCode=osi&th=1&psc=1">View Product</a></div>


<div class="product"><a href="https://www.amazon.com/dp/B09NPB2DNT?tag=eloabder-20&linkCode=osi&th=1&psc=1"><img src="https://m.media-amazon.com/images/I/41EB1IsYvHL._SL500_.jpg" alt="Product Image"></a><p>M&M'S, SNICKERS & MILKY WAY Fun Size Chocolate Candy Variety Pack, Assorted Chocolate Candy Variety Pack for Halloween, Party Size, 19.2 Oz Bulk Bag</p><p> -6% 0FF </p><p>$8.99 ($0.47 / Ounce)</p><a href="https://www.amazon.com/dp/B09NPB2DNT?tag=eloabder-20&linkCode=osi&th=1&psc=1">View Product</a></div><div class="product"><a href="https://www.amazon.com/dp/B0DVM7JWP6?tag=eloabder-20&linkCode=osi&th=1&psc=1"><img src="https://m.media-amazon.com/images/I/51Lc-U8ExNL._SL500_.jpg" alt="Product Image"></a><p>Butterfinger, CRUNCH, Baby Ruth, 100 Grand Mini and Fun Size Assorted Candy Bars, Bulk 80 Count Pack, 32.1 oz</p><p> -20% 0FF </p><p>$11.19</p><a href="https://www.amazon.com/dp/B0DVM7JWP6?tag=eloabder-20&linkCode=osi&th=1&psc=1">View Product</a></div><div class="product"><a href="https://www.amazon.com/dp/B09NMX9CGB?tag=eloabder-20&linkCode=osi&th=1&psc=1"><img src="https://m.media-amazon.com/images/I/51donixesTL._SL500_.jpg" alt="Product Image"></a><p>Butterfinger, CRUNCH, Baby Ruth, 100 Grand Fun Size Assorted Candy Bars, Great for Sharing, Bulk 60 Count Pack, 37.2 oz</p><p> -20% 0FF </p><p>$11.79 ($0.32 / Ounce)</p><a href="https://www.amazon.com/dp/B09NMX9CGB?tag=eloabder-20&linkCode=osi&th=1&psc=1">View Product</a></div>




<div class="product"><a href="https://www.amazon.com/dp/B01B8V7ACA?tag=eloabder-20&linkCode=osi&th=1&psc=1"><img src="https://m.media-amazon.com/images/I/41vAit7Po9L._SL500_.jpg" alt="Product Image"></a><p>EPIC Rendered Duck Fat, Keto and Paleo Friendly, Whole30 Approved, Gluten Free, 11 oz Jar</p><p> -15% 0FF </p><p>$14.99 ($1.36 / Ounce)</p><a href="https://www.amazon.com/dp/B01B8V7ACA?tag=eloabder-20&linkCode=osi&th=1&psc=1">View Product</a></div>



<div class="product"><a href="https://www.amazon.com/dp/B0025W9A5C?tag=eloabder-20&linkCode=osi&th=1&psc=1"><img src="https://m.media-amazon.com/images/I/51Oz8SNo83L._SL500_.jpg" alt="Product Image"></a><p>Nature Valley Crunchy Oats 'n Honey Granola Bars, 60 Bars, 44.7 OZ (30 Pouches)</p><p> -33% 0FF </p><p>$7.49 ($0.17 / Ounce)</p><a href="https://www.amazon.com/dp/B0025W9A5C?tag=eloabder-20&linkCode=osi&th=1&psc=1">View Product</a></div><div class="product"><a href="https://www.amazon.com/dp/B01MRZZ3KC?tag=eloabder-20&linkCode=osi&th=1&psc=1"><img src="https://m.media-amazon.com/images/I/512IgtvlLyL._SL500_.jpg" alt="Product Image"></a><p>Quaker Chewy Granola Bars, Chocolate Chip, 58 Count - Packaging May Vary</p><p> -9% 0FF </p><p>$11.19 ($0.23 / Ounce)</p><a href="https://www.amazon.com/dp/B01MRZZ3KC?tag=eloabder-20&linkCode=osi&th=1&psc=1">View Product</a></div><div class="product"><a href="https://www.amazon.com/dp/B00GHPC47O?tag=eloabder-20&linkCode=osi&th=1&psc=1"><img src="https://m.media-amazon.com/images/I/51YsdKn53VS._SL500_.jpg" alt="Product Image"></a><p>Quaker Chewy Granola Bars, Variety Pack, 18 Count</p><p> -20% 0FF </p><p>$3.97 ($0.26 / Ounce)</p><a href="https://www.amazon.com/dp/B00GHPC47O?tag=eloabder-20&linkCode=osi&th=1&psc=1">View Product</a></div><div class="product"><a href="https://www.amazon.com/dp/B0D9R1BMJR?tag=eloabder-20&linkCode=osi&th=1&psc=1"><img src="https://m.media-amazon.com/images/I/51ksmfNpCJL._SL500_.jpg" alt="Product Image"></a><p>Quaker Chewy Granola Bars, Chewy & Dipps Variety Pack, (58 Bars), Whole Grains, No Artificial Flavors, No Added Colors</p><p> -31% 0FF </p><p>$11.87 ($0.22 / Ounce)</p><a href="https://www.amazon.com/dp/B0D9R1BMJR?tag=eloabder-20&linkCode=osi&th=1&psc=1">View Product</a></div><div class="product"><a href="https://www.amazon.com/dp/B077KYKYKN?tag=eloabder-20&linkCode=osi&th=1&psc=1"><img src="https://m.media-amazon.com/images/I/51qz85lOK2S._SL500_.jpg" alt="Product Image"></a><p>Quaker Chewy Lower Sugar Granola Bars, Chocolate Chip, 58 Count</p><p> -35% 0FF </p><p>$11.19 ($0.23 / Ounce)</p><a href="https://www.amazon.com/dp/B077KYKYKN?tag=eloabder-20&linkCode=osi&th=1&psc=1">View Product</a></div>
<div class="product"><a href="https://www.amazon.com/dp/B07VVGKHLH?tag=eloabder-20&linkCode=osi&th=1&psc=1"><img src="https://m.media-amazon.com/images/I/31hbAFlUK6L._SL500_.jpg" alt="Product Image"></a><p>Amazon Grocery, Garlic Powder, 3.9 Oz (Previously Happy Belly, Packaging May Vary)</p><p> -17% 0FF </p><p>$1.30 ($0.33 / Ounce)</p><a href="https://www.amazon.com/dp/B07VVGKHLH?tag=eloabder-20&linkCode=osi&th=1&psc=1">View Product</a></div>
<div class="product"><a href="https://www.amazon.com/dp/B000WHSD5A?tag=eloabder-20&linkCode=osi&th=1&psc=1"><img src="https://m.media-amazon.com/images/I/41QwGSr0+IL._SL500_.jpg" alt="Product Image"></a><p>Heinz Tomato Ketchup, 20 oz Bottle</p><p> -36% 0FF </p><p>$2.23 ($0.11 / Ounce)</p><a href="https://www.amazon.com/dp/B000WHSD5A?tag=eloabder-20&linkCode=osi&th=1&psc=1">View Product</a></div><div class="product"><a href="https://www.amazon.com/dp/B0005YKO8E?tag=eloabder-20&linkCode=osi&th=1&psc=1"><img src="https://m.media-amazon.com/images/I/41AFhgJ5V7L._SL500_.jpg" alt="Product Image"></a><p>Heinz Tomato Ketchup, 14 oz Bottle</p><p> -36% 0FF </p><p>$1.56 ($0.11 / Ounce)</p><a href="https://www.amazon.com/dp/B0005YKO8E?tag=eloabder-20&linkCode=osi&th=1&psc=1">View Product</a></div><div class="product"><a href="https://www.amazon.com/dp/B01B2OVUAG?tag=eloabder-20&linkCode=osi&th=1&psc=1"><img src="https://m.media-amazon.com/images/I/41gaLzbBsDL._SL500_.jpg" alt="Product Image"></a><p>Heinz Organic Tomato Ketchup, 32 oz Bottle</p><p> -47% 0FF </p><p>$3.67 ($0.11 / Ounce)</p><a href="https://www.amazon.com/dp/B01B2OVUAG?tag=eloabder-20&linkCode=osi&th=1&psc=1">View Product</a></div>
<div class="product"><a href="https://www.amazon.com/dp/B015UBV4N0?tag=eloabder-20&linkCode=osi&th=1&psc=1"><img src="https://m.media-amazon.com/images/I/51NRndhNwoL._SL500_.jpg" alt="Product Image"></a><p>Crofters Organic Premium Spread, Strawberry, 16.5 oz</p><p> -20% 0FF </p><p>$4.96 ($0.30 / oz)</p><a href="https://www.amazon.com/dp/B015UBV4N0?tag=eloabder-20&linkCode=osi&th=1&psc=1">View Product</a></div>
<div class="product"><a href="https://www.amazon.com/dp/B097RW44HZ?tag=eloabder-20&linkCode=osi&th=1&psc=1"><img src="https://m.media-amazon.com/images/I/51OhVkU8+PL._SL500_.jpg" alt="Product Image"></a><p>Apexy Jelly Fruit Candy – Assorted Fruit Flavors, Halloween Treat Juicy Chewy Gel Snacks, Kids & Adults Party Favors, Fun Treats for Goodie Bags & Events 46.9oz (1330g)</p><p> -7% 0FF </p><p>$12.99 ($0.28 / Ounce)</p><a href="https://www.amazon.com/dp/B097RW44HZ?tag=eloabder-20&linkCode=osi&th=1&psc=1">View Product</a></div><div class="product"><a href="https://www.amazon.com/dp/B00099XN56?tag=eloabder-20&linkCode=osi&th=1&psc=1"><img src="https://m.media-amazon.com/images/I/41twfbi883L._SL500_.jpg" alt="Product Image"></a><p>Smucker's Jelly, Mixed Fruit, 12 oz (340 g)</p><p> -11% 0FF </p><p>$9.94 ($0.83 / Ounce)</p><a href="https://www.amazon.com/dp/B00099XN56?tag=eloabder-20&linkCode=osi&th=1&psc=1">View Product</a></div>
<div class="product"><a href="https://www.amazon.com/dp/B0005Z6ZK4?tag=eloabder-20&linkCode=osi&th=1&psc=1"><img src="https://m.media-amazon.com/images/I/31dtADxAZbL._SL500_.jpg" alt="Product Image"></a><p>Nutella Hazelnut Spread with Cocoa, Creamy Hazelnut Spread, Breakfast Favorite, 13 oz Jar</p><p> -30% 0FF </p><p>$3.48 ($0.27 / Ounce)</p><a href="https://www.amazon.com/dp/B0005Z6ZK4?tag=eloabder-20&linkCode=osi&th=1&psc=1">View Product</a></div><div class="product"><a href="https://www.amazon.com/dp/B09PN9S9D4?tag=eloabder-20&linkCode=osi&th=1&psc=1"><img src="https://m.media-amazon.com/images/I/41VpA06vqaL._SL500_.jpg" alt="Product Image"></a><p>Amazon Grocery, Hazelnut Spread With Cocoa, 26.5 Oz (Previously Amazon Fresh, Packaging May Vary)</p><p> -17% 0FF </p><p>$4.12 ($0.16 / Ounce)</p><a href="https://www.amazon.com/dp/B09PN9S9D4?tag=eloabder-20&linkCode=osi&th=1&psc=1">View Product</a></div>
<div class="product"><a href="https://www.amazon.com/dp/B0052BFNLS?tag=eloabder-20&linkCode=osi&th=1&psc=1"><img src="https://m.media-amazon.com/images/I/31Tfk-0-ybL._SL500_.jpg" alt="Product Image"></a><p>Pompeian Gourmet Red Wine Vinegar, Naturally Gluten-Free, 30 Fl Oz</p><p> -5% 0FF </p><p>$5.33 ($0.18 / Fl Oz)</p><a href="https://www.amazon.com/dp/B0052BFNLS?tag=eloabder-20&linkCode=osi&th=1&psc=1">View Product</a></div><div class="product"><a href="https://www.amazon.com/dp/B005AYB38O?tag=eloabder-20&linkCode=osi&th=1&psc=1"><img src="https://m.media-amazon.com/images/I/31tJRcbnsfL._SL500_.jpg" alt="Product Image"></a><p>Napa Valley Naturals Organic Red Wine Vinegar, 12.7 Ounces</p><p> -51% 0FF </p><p>$5.50 ($0.43 / Ounce)</p><a href="https://www.amazon.com/dp/B005AYB38O?tag=eloabder-20&linkCode=osi&th=1&psc=1">View Product</a></div><div class="product"><a href="https://www.amazon.com/dp/B00H1CJG00?tag=eloabder-20&linkCode=osi&th=1&psc=1"><img src="https://m.media-amazon.com/images/I/31pl1n1OONL._SL500_.jpg" alt="Product Image"></a><p>Colavita Wine Vinegar - Red Wine Vinegar, 17 Fl Oz</p><p> -21% 0FF </p><p>$9.51 ($0.56 / Fl Oz)</p><a href="https://www.amazon.com/dp/B00H1CJG00?tag=eloabder-20&linkCode=osi&th=1&psc=1">View Product</a></div>









<div class="product"><a href="https://www.amazon.com/dp/B074H5ZHFH?tag=eloabder-20&linkCode=osi&th=1&psc=1"><img src="https://m.media-amazon.com/images/I/410ymBds87L._SL500_.jpg" alt="Product Image"></a><p>365 by Whole Foods Market, Organic Penne Rigate, 16 Ounce</p><p> -10% 0FF </p><p>$1.97 ($0.12 / Ounce)</p><a href="https://www.amazon.com/dp/B074H5ZHFH?tag=eloabder-20&linkCode=osi&th=1&psc=1">View Product</a></div><div class="product"><a href="https://www.amazon.com/dp/B007MNYZ2M?tag=eloabder-20&linkCode=osi&th=1&psc=1"><img src="https://m.media-amazon.com/images/I/41dAZBCU7kS._SL500_.jpg" alt="Product Image"></a><p>Rummo Italian Pasta Penne Rigate No. 66, Always Al Dente (1lb Package)</p><p> -32% 0FF </p><p>$7.12 ($0.44 / Ounce)</p><a href="https://www.amazon.com/dp/B007MNYZ2M?tag=eloabder-20&linkCode=osi&th=1&psc=1">View Product</a></div><div class="product"><a href="https://www.amazon.com/dp/B07NSRQYNP?tag=eloabder-20&linkCode=osi&th=1&psc=1"><img src="https://m.media-amazon.com/images/I/413HwweC7iL._SL500_.jpg" alt="Product Image"></a><p>Rao's Homemade Penne Pasta, 16oz, Traditionally Crafted, Premium Quality, From Durum Semolina Flour, Traditional Bronze Die Cut, Imported from Italy</p><p> -24% 0FF </p><p>$2.18 ($0.14 / Fl Oz)</p><a href="https://www.amazon.com/dp/B07NSRQYNP?tag=eloabder-20&linkCode=osi&th=1&psc=1">View Product</a></div>
<div class="product"><a href="https://www.amazon.com/dp/B00112UBOG?tag=eloabder-20&linkCode=osi&th=1&psc=1"><img src="https://m.media-amazon.com/images/I/51coh9-N5gL._SL500_.jpg" alt="Product Image"></a><p>RiceSelect Arborio Rice for Italian Risotto, Premium Gluten-Free Rice, Non-GMO, 32-Ounce Jar, (Pack of 1)</p><p> -21% 0FF </p><p>$5.99 ($0.19 / Ounces)</p><a href="https://www.amazon.com/dp/B00112UBOG?tag=eloabder-20&linkCode=osi&th=1&psc=1">View Product</a></div>


<div class="product"><a href="https://www.amazon.com/dp/B0BZB9D92K?tag=eloabder-20&linkCode=osi&th=1&psc=1"><img src="https://m.media-amazon.com/images/I/41q74mciXOL._SL500_.jpg" alt="Product Image"></a><p>Amazon Grocery, Canned Pinto Beans, 15.5 Oz (Previously Amazon Fresh, Packaging May Vary)</p><p> -34% 0FF </p><p>$0.55 ($0.04 / Ounce)</p><a href="https://www.amazon.com/dp/B0BZB9D92K?tag=eloabder-20&linkCode=osi&th=1&psc=1">View Product</a></div>
<div class="product"><a href="https://www.amazon.com/dp/B0BZJNJTYV?tag=eloabder-20&linkCode=osi&th=1&psc=1"><img src="https://m.media-amazon.com/images/I/41lSsx2pjSL._SL500_.jpg" alt="Product Image"></a><p>Amazon Grocery, Sweet Peas, 15 Oz (Previously Amazon Fresh, Packaging May Vary)</p><p> -56% 0FF </p><p>$0.71 ($0.05 / Ounce)</p><a href="https://www.amazon.com/dp/B0BZJNJTYV?tag=eloabder-20&linkCode=osi&th=1&psc=1">View Product</a></div><div class="product"><a href="https://www.amazon.com/dp/B078T19Y9X?tag=eloabder-20&linkCode=osi&th=1&psc=1"><img src="https://m.media-amazon.com/images/I/51z+piSY1JL._SL500_.jpg" alt="Product Image"></a><p>DEL MONTE Sweet Peas Canned Vegetables, 12 Pack, 15 oz Can</p><p> -36% 0FF </p><p>$10.08 ($0.06 / Ounce)</p><a href="https://www.amazon.com/dp/B078T19Y9X?tag=eloabder-20&linkCode=osi&th=1&psc=1">View Product</a></div>
<div class="product"><a href="https://www.amazon.com/dp/B00GDVBHU2?tag=eloabder-20&linkCode=osi&th=1&psc=1"><img src="https://m.media-amazon.com/images/I/51BjG0g4q5L._SL500_.jpg" alt="Product Image"></a><p>Blue Diamond Almonds, Raw Whole Natural, 16 Ounce</p><p> -12% 0FF </p><p>$5.99 ($0.37 / Ounce)</p><a href="https://www.amazon.com/dp/B00GDVBHU2?tag=eloabder-20&linkCode=osi&th=1&psc=1">View Product</a></div>

<div class="product"><a href="https://www.amazon.com/dp/B07W1WKDSC?tag=eloabder-20&linkCode=osi&th=1&psc=1"><img src="https://m.media-amazon.com/images/I/31nTopuj99L._SL500_.jpg" alt="Product Image"></a><p>Amazon Grocery, Basil Leaves, 0.95 Oz (Previously Happy Belly, Packaging May Vary)</p><p> -17% 0FF </p><p>$1.59 ($1.67 / Ounce)</p><a href="https://www.amazon.com/dp/B07W1WKDSC?tag=eloabder-20&linkCode=osi&th=1&psc=1">View Product</a></div>

<div class="product"><a href="https://www.amazon.com/dp/B07VXL2JRG?tag=eloabder-20&linkCode=osi&th=1&psc=1"><img src="https://m.media-amazon.com/images/I/31ou5P5dqeL._SL500_.jpg" alt="Product Image"></a><p>Amazon Grocery, Ground Cumin, 2.6 Oz (Previously Happy Belly, Packaging May Vary)</p><p> -17% 0FF </p><p>$1.16 ($0.45 / Ounce)</p><a href="https://www.amazon.com/dp/B07VXL2JRG?tag=eloabder-20&linkCode=osi&th=1&psc=1">View Product</a></div>

<div class="product"><a href="https://www.amazon.com/dp/B07P8M5ZT1?tag=eloabder-20&linkCode=osi&th=1&psc=1"><img src="https://m.media-amazon.com/images/I/31+0qVbfagL._SL500_.jpg" alt="Product Image"></a><p>Amazon Grocery, Olive Oil, Medium Flavor, 16.9 Fl Oz (Previously Amazon Fresh, Packaging May Vary)</p><p> -17% 0FF </p><p>$4.50 ($0.27 / Ounce)</p><a href="https://www.amazon.com/dp/B07P8M5ZT1?tag=eloabder-20&linkCode=osi&th=1&psc=1">View Product</a></div>
<div class="product"><a href="https://www.amazon.com/dp/B00IY5HREA?tag=eloabder-20&linkCode=osi&th=1&psc=1"><img src="https://m.media-amazon.com/images/I/31n5MDrL-QL._SL500_.jpg" alt="Product Image"></a><p>Colavita Balsamic Vinegar of Modena, 17 Ounce Bottle</p><p> -9% 0FF </p><p>$4.22 ($0.25 / Fl Oz)</p><a href="https://www.amazon.com/dp/B00IY5HREA?tag=eloabder-20&linkCode=osi&th=1&psc=1">View Product</a></div><div class="product"><a href="https://www.amazon.com/dp/B0FHNXDWYB?tag=eloabder-20&linkCode=osi&th=1&psc=1"><img src="https://m.media-amazon.com/images/I/41AJ0vvzsSL._SL500_.jpg" alt="Product Image"></a><p>Paolo Natural Orange Balsamic Vinegar, Artisan Crafted, 36-Month Oak Barrel Aged, Sweet & Sour Flavor for Salad Dressings, Pasta, Desserts, Glass Bottle, 5.40 fl oz (160ml)</p><p> -9% 0FF </p><p>$29.99 ($5.55 / Fl Oz)</p><a href="https://www.amazon.com/dp/B0FHNXDWYB?tag=eloabder-20&linkCode=osi&th=1&psc=1">View Product</a></div>
<div class="product"><a href="https://www.amazon.com/dp/B0B46R31XD?tag=eloabder-20&linkCode=osi&th=1&psc=1"><img src="https://m.media-amazon.com/images/I/5176SDI1iyL._SL500_.jpg" alt="Product Image"></a><p>Contadina Canned Tomato Sauce, 15 oz (Pack of 4 Cans)</p><p> -8% 0FF </p><p>$3.98 ($0.07 / Ounce)</p><a href="https://www.amazon.com/dp/B0B46R31XD?tag=eloabder-20&linkCode=osi&th=1&psc=1">View Product</a></div>


<div class="product"><a href="https://www.amazon.com/dp/B07179XBP9?tag=eloabder-20&linkCode=osi&th=1&psc=1"><img src="https://m.media-amazon.com/images/I/61vs7ucqGKL._SL500_.jpg" alt="Product Image"></a><p>Lay's Potato Chips, 4 Flavor Variety Pack, 1 oz Single Serve Bags, (40 Pack)</p><p> -19% 0FF </p><p>$13.19 ($0.33 / Count)</p><a href="https://www.amazon.com/dp/B07179XBP9?tag=eloabder-20&linkCode=osi&th=1&psc=1">View Product</a></div><div class="product"><a href="https://www.amazon.com/dp/B07X1KPLNQ?tag=eloabder-20&linkCode=osi&th=1&psc=1"><img src="https://m.media-amazon.com/images/I/41grpp95ftL._SL500_.jpg" alt="Product Image"></a><p>Amazon Fresh, Wavy Potato Chips, 11 Oz (Previously Happy Belly, Packaging May Vary)</p><p> -12% 0FF </p><p>$2.67 ($0.24 / Ounce)</p><a href="https://www.amazon.com/dp/B07X1KPLNQ?tag=eloabder-20&linkCode=osi&th=1&psc=1">View Product</a></div>


<div class="product"><a href="https://www.amazon.com/dp/B09NPB2DNT?tag=eloabder-20&linkCode=osi&th=1&psc=1"><img src="https://m.media-amazon.com/images/I/41EB1IsYvHL._SL500_.jpg" alt="Product Image"></a><p>M&M'S, SNICKERS & MILKY WAY Fun Size Chocolate Candy Variety Pack, Assorted Chocolate Candy Variety Pack for Halloween, Party Size, 19.2 Oz Bulk Bag</p><p> -6% 0FF </p><p>$8.99 ($0.47 / Ounce)</p><a href="https://www.amazon.com/dp/B09NPB2DNT?tag=eloabder-20&linkCode=osi&th=1&psc=1">View Product</a></div><div class="product"><a href="https://www.amazon.com/dp/B0DVM7JWP6?tag=eloabder-20&linkCode=osi&th=1&psc=1"><img src="https://m.media-amazon.com/images/I/51Lc-U8ExNL._SL500_.jpg" alt="Product Image"></a><p>Butterfinger, CRUNCH, Baby Ruth, 100 Grand Mini and Fun Size Assorted Candy Bars, Bulk 80 Count Pack, 32.1 oz</p><p> -20% 0FF </p><p>$11.19</p><a href="https://www.amazon.com/dp/B0DVM7JWP6?tag=eloabder-20&linkCode=osi&th=1&psc=1">View Product</a></div><div class="product"><a href="https://www.amazon.com/dp/B09NMX9CGB?tag=eloabder-20&linkCode=osi&th=1&psc=1"><img src="https://m.media-amazon.com/images/I/51donixesTL._SL500_.jpg" alt="Product Image"></a><p>Butterfinger, CRUNCH, Baby Ruth, 100 Grand Fun Size Assorted Candy Bars, Great for Sharing, Bulk 60 Count Pack, 37.2 oz</p><p> -20% 0FF </p><p>$11.79 ($0.32 / Ounce)</p><a href="https://www.amazon.com/dp/B09NMX9CGB?tag=eloabder-20&linkCode=osi&th=1&psc=1">View Product</a></div>




<div class="product"><a href="https://www.amazon.com/dp/B01B8V7ACA?tag=eloabder-20&linkCode=osi&th=1&psc=1"><img src="https://m.media-amazon.com/images/I/41vAit7Po9L._SL500_.jpg" alt="Product Image"></a><p>EPIC Rendered Duck Fat, Keto and Paleo Friendly, Whole30 Approved, Gluten Free, 11 oz Jar</p><p> -15% 0FF </p><p>$14.99 ($1.36 / Ounce)</p><a href="https://www.amazon.com/dp/B01B8V7ACA?tag=eloabder-20&linkCode=osi&th=1&psc=1">View Product</a></div>




<div class="product"><a href="https://www.amazon.com/dp/B0025W9A5C?tag=eloabder-20&linkCode=osi&th=1&psc=1"><img src="https://m.media-amazon.com/images/I/51Oz8SNo83L._SL500_.jpg" alt="Product Image"></a><p>Nature Valley Crunchy Oats 'n Honey Granola Bars, 60 Bars, 44.7 OZ (30 Pouches)</p><p> -33% 0FF </p><p>$7.49 ($0.17 / Ounce)</p><a href="https://www.amazon.com/dp/B0025W9A5C?tag=eloabder-20&linkCode=osi&th=1&psc=1">View Product</a></div><div class="product"><a href="https://www.amazon.com/dp/B01MRZZ3KC?tag=eloabder-20&linkCode=osi&th=1&psc=1"><img src="https://m.media-amazon.com/images/I/512IgtvlLyL._SL500_.jpg" alt="Product Image"></a><p>Quaker Chewy Granola Bars, Chocolate Chip, 58 Count - Packaging May Vary</p><p> -9% 0FF </p><p>$11.19 ($0.23 / Ounce)</p><a href="https://www.amazon.com/dp/B01MRZZ3KC?tag=eloabder-20&linkCode=osi&th=1&psc=1">View Product</a></div><div class="product"><a href="https://www.amazon.com/dp/B00GHPC47O?tag=eloabder-20&linkCode=osi&th=1&psc=1"><img src="https://m.media-amazon.com/images/I/51YsdKn53VS._SL500_.jpg" alt="Product Image"></a><p>Quaker Chewy Granola Bars, Variety Pack, 18 Count</p><p> -20% 0FF </p><p>$3.97 ($0.26 / Ounce)</p><a href="https://www.amazon.com/dp/B00GHPC47O?tag=eloabder-20&linkCode=osi&th=1&psc=1">View Product</a></div><div class="product"><a href="https://www.amazon.com/dp/B0D9R1BMJR?tag=eloabder-20&linkCode=osi&th=1&psc=1"><img src="https://m.media-amazon.com/images/I/51ksmfNpCJL._SL500_.jpg" alt="Product Image"></a><p>Quaker Chewy Granola Bars, Chewy & Dipps Variety Pack, (58 Bars), Whole Grains, No Artificial Flavors, No Added Colors</p><p> -31% 0FF </p><p>$11.87 ($0.22 / Ounce)</p><a href="https://www.amazon.com/dp/B0D9R1BMJR?tag=eloabder-20&linkCode=osi&th=1&psc=1">View Product</a></div><div class="product"><a href="https://www.amazon.com/dp/B077KYKYKN?tag=eloabder-20&linkCode=osi&th=1&psc=1"><img src="https://m.media-amazon.com/images/I/51qz85lOK2S._SL500_.jpg" alt="Product Image"></a><p>Quaker Chewy Lower Sugar Granola Bars, Chocolate Chip, 58 Count</p><p> -35% 0FF </p><p>$11.19 ($0.23 / Ounce)</p><a href="https://www.amazon.com/dp/B077KYKYKN?tag=eloabder-20&linkCode=osi&th=1&psc=1">View Product</a></div>
<div class="product"><a href="https://www.amazon.com/dp/B07VVGKHLH?tag=eloabder-20&linkCode=osi&th=1&psc=1"><img src="https://m.media-amazon.com/images/I/31hbAFlUK6L._SL500_.jpg" alt="Product Image"></a><p>Amazon Grocery, Garlic Powder, 3.9 Oz (Previously Happy Belly, Packaging May Vary)</p><p> -17% 0FF </p><p>$1.30 ($0.33 / Ounce)</p><a href="https://www.amazon.com/dp/B07VVGKHLH?tag=eloabder-20&linkCode=osi&th=1&psc=1">View Product</a></div>
<div class="product"><a href="https://www.amazon.com/dp/B000WHSD5A?tag=eloabder-20&linkCode=osi&th=1&psc=1"><img src="https://m.media-amazon.com/images/I/41QwGSr0+IL._SL500_.jpg" alt="Product Image"></a><p>Heinz Tomato Ketchup, 20 oz Bottle</p><p> -36% 0FF </p><p>$2.23 ($0.11 / Ounce)</p><a href="https://www.amazon.com/dp/B000WHSD5A?tag=eloabder-20&linkCode=osi&th=1&psc=1">View Product</a></div><div class="product"><a href="https://www.amazon.com/dp/B0005YKO8E?tag=eloabder-20&linkCode=osi&th=1&psc=1"><img src="https://m.media-amazon.com/images/I/41AFhgJ5V7L._SL500_.jpg" alt="Product Image"></a><p>Heinz Tomato Ketchup, 14 oz Bottle</p><p> -36% 0FF </p><p>$1.56 ($0.11 / Ounce)</p><a href="https://www.amazon.com/dp/B0005YKO8E?tag=eloabder-20&linkCode=osi&th=1&psc=1">View Product</a></div><div class="product"><a href="https://www.amazon.com/dp/B01B2OVUAG?tag=eloabder-20&linkCode=osi&th=1&psc=1"><img src="https://m.media-amazon.com/images/I/41gaLzbBsDL._SL500_.jpg" alt="Product Image"></a><p>Heinz Organic Tomato Ketchup, 32 oz Bottle</p><p> -47% 0FF </p><p>$3.67 ($0.11 / Ounce)</p><a href="https://www.amazon.com/dp/B01B2OVUAG?tag=eloabder-20&linkCode=osi&th=1&psc=1">View Product</a></div>
<div class="product"><a href="https://www.amazon.com/dp/B015UBV4N0?tag=eloabder-20&linkCode=osi&th=1&psc=1"><img src="https://m.media-amazon.com/images/I/51NRndhNwoL._SL500_.jpg" alt="Product Image"></a><p>Crofters Organic Premium Spread, Strawberry, 16.5 oz</p><p> -20% 0FF </p><p>$4.96 ($0.30 / oz)</p><a href="https://www.amazon.com/dp/B015UBV4N0?tag=eloabder-20&linkCode=osi&th=1&psc=1">View Product</a></div>
<div class="product"><a href="https://www.amazon.com/dp/B097RW44HZ?tag=eloabder-20&linkCode=osi&th=1&psc=1"><img src="https://m.media-amazon.com/images/I/51OhVkU8+PL._SL500_.jpg" alt="Product Image"></a><p>Apexy Jelly Fruit Candy – Assorted Fruit Flavors, Halloween Treat Juicy Chewy Gel Snacks, Kids & Adults Party Favors, Fun Treats for Goodie Bags & Events 46.9oz (1330g)</p><p> -7% 0FF </p><p>$12.99 ($0.28 / Ounce)</p><a href="https://www.amazon.com/dp/B097RW44HZ?tag=eloabder-20&linkCode=osi&th=1&psc=1">View Product</a></div><div class="product"><a href="https://www.amazon.com/dp/B00099XN56?tag=eloabder-20&linkCode=osi&th=1&psc=1"><img src="https://m.media-amazon.com/images/I/41twfbi883L._SL500_.jpg" alt="Product Image"></a><p>Smucker's Jelly, Mixed Fruit, 12 oz (340 g)</p><p> -11% 0FF </p><p>$9.94 ($0.83 / Ounce)</p><a href="https://www.amazon.com/dp/B00099XN56?tag=eloabder-20&linkCode=osi&th=1&psc=1">View Product</a></div>
<div class="product"><a href="https://www.amazon.com/dp/B0005Z6ZK4?tag=eloabder-20&linkCode=osi&th=1&psc=1"><img src="https://m.media-amazon.com/images/I/31dtADxAZbL._SL500_.jpg" alt="Product Image"></a><p>Nutella Hazelnut Spread with Cocoa, Creamy Hazelnut Spread, Breakfast Favorite, 13 oz Jar</p><p> -30% 0FF </p><p>$3.48 ($0.27 / Ounce)</p><a href="https://www.amazon.com/dp/B0005Z6ZK4?tag=eloabder-20&linkCode=osi&th=1&psc=1">View Product</a></div><div class="product"><a href="https://www.amazon.com/dp/B09PN9S9D4?tag=eloabder-20&linkCode=osi&th=1&psc=1"><img src="https://m.media-amazon.com/images/I/41VpA06vqaL._SL500_.jpg" alt="Product Image"></a><p>Amazon Grocery, Hazelnut Spread With Cocoa, 26.5 Oz (Previously Amazon Fresh, Packaging May Vary)</p><p> -17% 0FF </p><p>$4.12 ($0.16 / Ounce)</p><a href="https://www.amazon.com/dp/B09PN9S9D4?tag=eloabder-20&linkCode=osi&th=1&psc=1">View Product</a></div>
<div class="product"><a href="https://www.amazon.com/dp/B0052BFNLS?tag=eloabder-20&linkCode=osi&th=1&psc=1"><img src="https://m.media-amazon.com/images/I/31Tfk-0-ybL._SL500_.jpg" alt="Product Image"></a><p>Pompeian Gourmet Red Wine Vinegar, Naturally Gluten-Free, 30 Fl Oz</p><p> -5% 0FF </p><p>$5.33 ($0.18 / Fl Oz)</p><a href="https://www.amazon.com/dp/B0052BFNLS?tag=eloabder-20&linkCode=osi&th=1&psc=1">View Product</a></div><div class="product"><a href="https://www.amazon.com/dp/B005AYB38O?tag=eloabder-20&linkCode=osi&th=1&psc=1"><img src="https://m.media-amazon.com/images/I/31tJRcbnsfL._SL500_.jpg" alt="Product Image"></a><p>Napa Valley Naturals Organic Red Wine Vinegar, 12.7 Ounces</p><p> -51% 0FF </p><p>$5.50 ($0.43 / Ounce)</p><a href="https://www.amazon.com/dp/B005AYB38O?tag=eloabder-20&linkCode=osi&th=1&psc=1">View Product</a></div><div class="product"><a href="https://www.amazon.com/dp/B00H1CJG00?tag=eloabder-20&linkCode=osi&th=1&psc=1"><img src="https://m.media-amazon.com/images/I/31pl1n1OONL._SL500_.jpg" alt="Product Image"></a><p>Colavita Wine Vinegar - Red Wine Vinegar, 17 Fl Oz</p><p> -21% 0FF </p><p>$9.51 ($0.56 / Fl Oz)</p><a href="https://www.amazon.com/dp/B00H1CJG00?tag=eloabder-20&linkCode=osi&th=1&psc=1">View Product</a></div>









<div class="product"><a href="https://www.amazon.com/dp/B074H5ZHFH?tag=eloabder-20&linkCode=osi&th=1&psc=1"><img src="https://m.media-amazon.com/images/I/410ymBds87L._SL500_.jpg" alt="Product Image"></a><p>365 by Whole Foods Market, Organic Penne Rigate, 16 Ounce</p><p> -10% 0FF </p><p>$1.97 ($0.12 / Ounce)</p><a href="https://www.amazon.com/dp/B074H5ZHFH?tag=eloabder-20&linkCode=osi&th=1&psc=1">View Product</a></div><div class="product"><a href="https://www.amazon.com/dp/B007MNYZ2M?tag=eloabder-20&linkCode=osi&th=1&psc=1"><img src="https://m.media-amazon.com/images/I/41dAZBCU7kS._SL500_.jpg" alt="Product Image"></a><p>Rummo Italian Pasta Penne Rigate No. 66, Always Al Dente (1lb Package)</p><p> -32% 0FF </p><p>$7.12 ($0.44 / Ounce)</p><a href="https://www.amazon.com/dp/B007MNYZ2M?tag=eloabder-20&linkCode=osi&th=1&psc=1">View Product</a></div><div class="product"><a href="https://www.amazon.com/dp/B07NSRQYNP?tag=eloabder-20&linkCode=osi&th=1&psc=1"><img src="https://m.media-amazon.com/images/I/413HwweC7iL._SL500_.jpg" alt="Product Image"></a><p>Rao's Homemade Penne Pasta, 16oz, Traditionally Crafted, Premium Quality, From Durum Semolina Flour, Traditional Bronze Die Cut, Imported from Italy</p><p> -24% 0FF </p><p>$2.18 ($0.14 / Fl Oz)</p><a href="https://www.amazon.com/dp/B07NSRQYNP?tag=eloabder-20&linkCode=osi&th=1&psc=1">View Product</a></div>
<div class="product"><a href="https://www.amazon.com/dp/B00112UBOG?tag=eloabder-20&linkCode=osi&th=1&psc=1"><img src="https://m.media-amazon.com/images/I/51coh9-N5gL._SL500_.jpg" alt="Product Image"></a><p>RiceSelect Arborio Rice for Italian Risotto, Premium Gluten-Free Rice, Non-GMO, 32-Ounce Jar, (Pack of 1)</p><p> -21% 0FF </p><p>$5.99 ($0.19 / Ounces)</p><a href="https://www.amazon.com/dp/B00112UBOG?tag=eloabder-20&linkCode=osi&th=1&psc=1">View Product</a></div>


<div class="product"><a href="https://www.amazon.com/dp/B0BZB9D92K?tag=eloabder-20&linkCode=osi&th=1&psc=1"><img src="https://m.media-amazon.com/images/I/41q74mciXOL._SL500_.jpg" alt="Product Image"></a><p>Amazon Grocery, Canned Pinto Beans, 15.5 Oz (Previously Amazon Fresh, Packaging May Vary)</p><p> -34% 0FF </p><p>$0.55 ($0.04 / Ounce)</p><a href="https://www.amazon.com/dp/B0BZB9D92K?tag=eloabder-20&linkCode=osi&th=1&psc=1">View Product</a></div>
<div class="product"><a href="https://www.amazon.com/dp/B0BZJNJTYV?tag=eloabder-20&linkCode=osi&th=1&psc=1"><img src="https://m.media-amazon.com/images/I/41lSsx2pjSL._SL500_.jpg" alt="Product Image"></a><p>Amazon Grocery, Sweet Peas, 15 Oz (Previously Amazon Fresh, Packaging May Vary)</p><p> -56% 0FF </p><p>$0.71 ($0.05 / Ounce)</p><a href="https://www.amazon.com/dp/B0BZJNJTYV?tag=eloabder-20&linkCode=osi&th=1&psc=1">View Product</a></div><div class="product"><a href="https://www.amazon.com/dp/B078T19Y9X?tag=eloabder-20&linkCode=osi&th=1&psc=1"><img src="https://m.media-amazon.com/images/I/51z+piSY1JL._SL500_.jpg" alt="Product Image"></a><p>DEL MONTE Sweet Peas Canned Vegetables, 12 Pack, 15 oz Can</p><p> -36% 0FF </p><p>$10.08 ($0.06 / Ounce)</p><a href="https://www.amazon.com/dp/B078T19Y9X?tag=eloabder-20&linkCode=osi&th=1&psc=1">View Product</a></div>
<div class="product"><a href="https://www.amazon.com/dp/B00GDVBHU2?tag=eloabder-20&linkCode=osi&th=1&psc=1"><img src="https://m.media-amazon.com/images/I/51BjG0g4q5L._SL500_.jpg" alt="Product Image"></a><p>Blue Diamond Almonds, Raw Whole Natural, 16 Ounce</p><p> -12% 0FF </p><p>$5.99 ($0.37 / Ounce)</p><a href="https://www.amazon.com/dp/B00GDVBHU2?tag=eloabder-20&linkCode=osi&th=1&psc=1">View Product</a></div>

<div class="product"><a href="https://www.amazon.com/dp/B07W1WKDSC?tag=eloabder-20&linkCode=osi&th=1&psc=1"><img src="https://m.media-amazon.com/images/I/31nTopuj99L._SL500_.jpg" alt="Product Image"></a><p>Amazon Grocery, Basil Leaves, 0.95 Oz (Previously Happy Belly, Packaging May Vary)</p><p> -17% 0FF </p><p>$1.59 ($1.67 / Ounce)</p><a href="https://www.amazon.com/dp/B07W1WKDSC?tag=eloabder-20&linkCode=osi&th=1&psc=1">View Product</a></div>

<div class="product"><a href="https://www.amazon.com/dp/B07VXL2JRG?tag=eloabder-20&linkCode=osi&th=1&psc=1"><img src="https://m.media-amazon.com/images/I/31ou5P5dqeL._SL500_.jpg" alt="Product Image"></a><p>Amazon Grocery, Ground Cumin, 2.6 Oz (Previously Happy Belly, Packaging May Vary)</p><p> -17% 0FF </p><p>$1.16 ($0.45 / Ounce)</p><a href="https://www.amazon.com/dp/B07VXL2JRG?tag=eloabder-20&linkCode=osi&th=1&psc=1">View Product</a></div>

<div class="product"><a href="https://www.amazon.com/dp/B07P8M5ZT1?tag=eloabder-20&linkCode=osi&th=1&psc=1"><img src="https://m.media-amazon.com/images/I/31+0qVbfagL._SL500_.jpg" alt="Product Image"></a><p>Amazon Grocery, Olive Oil, Medium Flavor, 16.9 Fl Oz (Previously Amazon Fresh, Packaging May Vary)</p><p> -17% 0FF </p><p>$4.50 ($0.27 / Ounce)</p><a href="https://www.amazon.com/dp/B07P8M5ZT1?tag=eloabder-20&linkCode=osi&th=1&psc=1">View Product</a></div>
<div class="product"><a href="https://www.amazon.com/dp/B00IY5HREA?tag=eloabder-20&linkCode=osi&th=1&psc=1"><img src="https://m.media-amazon.com/images/I/31n5MDrL-QL._SL500_.jpg" alt="Product Image"></a><p>Colavita Balsamic Vinegar of Modena, 17 Ounce Bottle</p><p> -9% 0FF </p><p>$4.22 ($0.25 / Fl Oz)</p><a href="https://www.amazon.com/dp/B00IY5HREA?tag=eloabder-20&linkCode=osi&th=1&psc=1">View Product</a></div><div class="product"><a href="https://www.amazon.com/dp/B0FHNXDWYB?tag=eloabder-20&linkCode=osi&th=1&psc=1"><img src="https://m.media-amazon.com/images/I/41AJ0vvzsSL._SL500_.jpg" alt="Product Image"></a><p>Paolo Natural Orange Balsamic Vinegar, Artisan Crafted, 36-Month Oak Barrel Aged, Sweet & Sour Flavor for Salad Dressings, Pasta, Desserts, Glass Bottle, 5.40 fl oz (160ml)</p><p> -9% 0FF </p><p>$29.99 ($5.55 / Fl Oz)</p><a href="https://www.amazon.com/dp/B0FHNXDWYB?tag=eloabder-20&linkCode=osi&th=1&psc=1">View Product</a></div>
<div class="product"><a href="https://www.amazon.com/dp/B0B46R31XD?tag=eloabder-20&linkCode=osi&th=1&psc=1"><img src="https://m.media-amazon.com/images/I/5176SDI1iyL._SL500_.jpg" alt="Product Image"></a><p>Contadina Canned Tomato Sauce, 15 oz (Pack of 4 Cans)</p><p> -8% 0FF </p><p>$3.98 ($0.07 / Ounce)</p><a href="https://www.amazon.com/dp/B0B46R31XD?tag=eloabder-20&linkCode=osi&th=1&psc=1">View Product</a></div>


<div class="product"><a href="https://www.amazon.com/dp/B07179XBP9?tag=eloabder-20&linkCode=osi&th=1&psc=1"><img src="https://m.media-amazon.com/images/I/61vs7ucqGKL._SL500_.jpg" alt="Product Image"></a><p>Lay's Potato Chips, 4 Flavor Variety Pack, 1 oz Single Serve Bags, (40 Pack)</p><p> -19% 0FF </p><p>$13.19 ($0.33 / Count)</p><a href="https://www.amazon.com/dp/B07179XBP9?tag=eloabder-20&linkCode=osi&th=1&psc=1">View Product</a></div><div class="product"><a href="https://www.amazon.com/dp/B07X1KPLNQ?tag=eloabder-20&linkCode=osi&th=1&psc=1"><img src="https://m.media-amazon.com/images/I/41grpp95ftL._SL500_.jpg" alt="Product Image"></a><p>Amazon Fresh, Wavy Potato Chips, 11 Oz (Previously Happy Belly, Packaging May Vary)</p><p> -12% 0FF </p><p>$2.67 ($0.24 / Ounce)</p><a href="https://www.amazon.com/dp/B07X1KPLNQ?tag=eloabder-20&linkCode=osi&th=1&psc=1">View Product</a></div>


<div class="product"><a href="https://www.amazon.com/dp/B09NPB2DNT?tag=eloabder-20&linkCode=osi&th=1&psc=1"><img src="https://m.media-amazon.com/images/I/41EB1IsYvHL._SL500_.jpg" alt="Product Image"></a><p>M&M'S, SNICKERS & MILKY WAY Fun Size Chocolate Candy Variety Pack, Assorted Chocolate Candy Variety Pack for Halloween, Party Size, 19.2 Oz Bulk Bag</p><p> -6% 0FF </p><p>$8.99 ($0.47 / Ounce)</p><a href="https://www.amazon.com/dp/B09NPB2DNT?tag=eloabder-20&linkCode=osi&th=1&psc=1">View Product</a></div><div class="product"><a href="https://www.amazon.com/dp/B0DVM7JWP6?tag=eloabder-20&linkCode=osi&th=1&psc=1"><img src="https://m.media-amazon.com/images/I/51Lc-U8ExNL._SL500_.jpg" alt="Product Image"></a><p>Butterfinger, CRUNCH, Baby Ruth, 100 Grand Mini and Fun Size Assorted Candy Bars, Bulk 80 Count Pack, 32.1 oz</p><p> -20% 0FF </p><p>$11.19</p><a href="https://www.amazon.com/dp/B0DVM7JWP6?tag=eloabder-20&linkCode=osi&th=1&psc=1">View Product</a></div><div class="product"><a href="https://www.amazon.com/dp/B09NMX9CGB?tag=eloabder-20&linkCode=osi&th=1&psc=1"><img src="https://m.media-amazon.com/images/I/51donixesTL._SL500_.jpg" alt="Product Image"></a><p>Butterfinger, CRUNCH, Baby Ruth, 100 Grand Fun Size Assorted Candy Bars, Great for Sharing, Bulk 60 Count Pack, 37.2 oz</p><p> -20% 0FF </p><p>$11.79 ($0.32 / Ounce)</p><a href="https://www.amazon.com/dp/B09NMX9CGB?tag=eloabder-20&linkCode=osi&th=1&psc=1">View Product</a></div>




<div class="product"><a href="https://www.amazon.com/dp/B01B8V7ACA?tag=eloabder-20&linkCode=osi&th=1&psc=1"><img src="https://m.media-amazon.com/images/I/41vAit7Po9L._SL500_.jpg" alt="Product Image"></a><p>EPIC Rendered Duck Fat, Keto and Paleo Friendly, Whole30 Approved, Gluten Free, 11 oz Jar</p><p> -15% 0FF </p><p>$14.99 ($1.36 / Ounce)</p><a href="https://www.amazon.com/dp/B01B8V7ACA?tag=eloabder-20&linkCode=osi&th=1&psc=1">View Product</a></div>





<div class="product"><a href="https://www.amazon.com/dp/B0025W9A5C?tag=eloabder-20&linkCode=osi&th=1&psc=1"><img src="https://m.media-amazon.com/images/I/51Oz8SNo83L._SL500_.jpg" alt="Product Image"></a><p>Nature Valley Crunchy Oats 'n Honey Granola Bars, 60 Bars, 44.7 OZ (30 Pouches)</p><p> -33% 0FF </p><p>$7.49 ($0.17 / Ounce)</p><a href="https://www.amazon.com/dp/B0025W9A5C?tag=eloabder-20&linkCode=osi&th=1&psc=1">View Product</a></div><div class="product"><a href="https://www.amazon.com/dp/B01MRZZ3KC?tag=eloabder-20&linkCode=osi&th=1&psc=1"><img src="https://m.media-amazon.com/images/I/512IgtvlLyL._SL500_.jpg" alt="Product Image"></a><p>Quaker Chewy Granola Bars, Chocolate Chip, 58 Count - Packaging May Vary</p><p> -9% 0FF </p><p>$11.19 ($0.23 / Ounce)</p><a href="https://www.amazon.com/dp/B01MRZZ3KC?tag=eloabder-20&linkCode=osi&th=1&psc=1">View Product</a></div><div class="product"><a href="https://www.amazon.com/dp/B00GHPC47O?tag=eloabder-20&linkCode=osi&th=1&psc=1"><img src="https://m.media-amazon.com/images/I/51YsdKn53VS._SL500_.jpg" alt="Product Image"></a><p>Quaker Chewy Granola Bars, Variety Pack, 18 Count</p><p> -20% 0FF </p><p>$3.97 ($0.26 / Ounce)</p><a href="https://www.amazon.com/dp/B00GHPC47O?tag=eloabder-20&linkCode=osi&th=1&psc=1">View Product</a></div><div class="product"><a href="https://www.amazon.com/dp/B0D9R1BMJR?tag=eloabder-20&linkCode=osi&th=1&psc=1"><img src="https://m.media-amazon.com/images/I/51ksmfNpCJL._SL500_.jpg" alt="Product Image"></a><p>Quaker Chewy Granola Bars, Chewy & Dipps Variety Pack, (58 Bars), Whole Grains, No Artificial Flavors, No Added Colors</p><p> -31% 0FF </p><p>$11.87 ($0.22 / Ounce)</p><a href="https://www.amazon.com/dp/B0D9R1BMJR?tag=eloabder-20&linkCode=osi&th=1&psc=1">View Product</a></div><div class="product"><a href="https://www.amazon.com/dp/B077KYKYKN?tag=eloabder-20&linkCode=osi&th=1&psc=1"><img src="https://m.media-amazon.com/images/I/51qz85lOK2S._SL500_.jpg" alt="Product Image"></a><p>Quaker Chewy Lower Sugar Granola Bars, Chocolate Chip, 58 Count</p><p> -35% 0FF </p><p>$11.19 ($0.23 / Ounce)</p><a href="https://www.amazon.com/dp/B077KYKYKN?tag=eloabder-20&linkCode=osi&th=1&psc=1">View Product</a></div>
<div class="product"><a href="https://www.amazon.com/dp/B07VVGKHLH?tag=eloabder-20&linkCode=osi&th=1&psc=1"><img src="https://m.media-amazon.com/images/I/31hbAFlUK6L._SL500_.jpg" alt="Product Image"></a><p>Amazon Grocery, Garlic Powder, 3.9 Oz (Previously Happy Belly, Packaging May Vary)</p><p> -17% 0FF </p><p>$1.30 ($0.33 / Ounce)</p><a href="https://www.amazon.com/dp/B07VVGKHLH?tag=eloabder-20&linkCode=osi&th=1&psc=1">View Product</a></div>
<div class="product"><a href="https://www.amazon.com/dp/B000WHSD5A?tag=eloabder-20&linkCode=osi&th=1&psc=1"><img src="https://m.media-amazon.com/images/I/41QwGSr0+IL._SL500_.jpg" alt="Product Image"></a><p>Heinz Tomato Ketchup, 20 oz Bottle</p><p> -36% 0FF </p><p>$2.23 ($0.11 / Ounce)</p><a href="https://www.amazon.com/dp/B000WHSD5A?tag=eloabder-20&linkCode=osi&th=1&psc=1">View Product</a></div><div class="product"><a href="https://www.amazon.com/dp/B0005YKO8E?tag=eloabder-20&linkCode=osi&th=1&psc=1"><img src="https://m.media-amazon.com/images/I/41AFhgJ5V7L._SL500_.jpg" alt="Product Image"></a><p>Heinz Tomato Ketchup, 14 oz Bottle</p><p> -36% 0FF </p><p>$1.56 ($0.11 / Ounce)</p><a href="https://www.amazon.com/dp/B0005YKO8E?tag=eloabder-20&linkCode=osi&th=1&psc=1">View Product</a></div><div class="product"><a href="https://www.amazon.com/dp/B01B2OVUAG?tag=eloabder-20&linkCode=osi&th=1&psc=1"><img src="https://m.media-amazon.com/images/I/41gaLzbBsDL._SL500_.jpg" alt="Product Image"></a><p>Heinz Organic Tomato Ketchup, 32 oz Bottle</p><p> -47% 0FF </p><p>$3.67 ($0.11 / Ounce)</p><a href="https://www.amazon.com/dp/B01B2OVUAG?tag=eloabder-20&linkCode=osi&th=1&psc=1">View Product</a></div>
<div class="product"><a href="https://www.amazon.com/dp/B015UBV4N0?tag=eloabder-20&linkCode=osi&th=1&psc=1"><img src="https://m.media-amazon.com/images/I/51NRndhNwoL._SL500_.jpg" alt="Product Image"></a><p>Crofters Organic Premium Spread, Strawberry, 16.5 oz</p><p> -20% 0FF </p><p>$4.96 ($0.30 / oz)</p><a href="https://www.amazon.com/dp/B015UBV4N0?tag=eloabder-20&linkCode=osi&th=1&psc=1">View Product</a></div>
<div class="product"><a href="https://www.amazon.com/dp/B097RW44HZ?tag=eloabder-20&linkCode=osi&th=1&psc=1"><img src="https://m.media-amazon.com/images/I/51OhVkU8+PL._SL500_.jpg" alt="Product Image"></a><p>Apexy Jelly Fruit Candy – Assorted Fruit Flavors, Halloween Treat Juicy Chewy Gel Snacks, Kids & Adults Party Favors, Fun Treats for Goodie Bags & Events 46.9oz (1330g)</p><p> -7% 0FF </p><p>$12.99 ($0.28 / Ounce)</p><a href="https://www.amazon.com/dp/B097RW44HZ?tag=eloabder-20&linkCode=osi&th=1&psc=1">View Product</a></div><div class="product"><a href="https://www.amazon.com/dp/B00099XN56?tag=eloabder-20&linkCode=osi&th=1&psc=1"><img src="https://m.media-amazon.com/images/I/41twfbi883L._SL500_.jpg" alt="Product Image"></a><p>Smucker's Jelly, Mixed Fruit, 12 oz (340 g)</p><p> -11% 0FF </p><p>$9.94 ($0.83 / Ounce)</p><a href="https://www.amazon.com/dp/B00099XN56?tag=eloabder-20&linkCode=osi&th=1&psc=1">View Product</a></div>
<div class="product"><a href="https://www.amazon.com/dp/B0005Z6ZK4?tag=eloabder-20&linkCode=osi&th=1&psc=1"><img src="https://m.media-amazon.com/images/I/31dtADxAZbL._SL500_.jpg" alt="Product Image"></a><p>Nutella Hazelnut Spread with Cocoa, Creamy Hazelnut Spread, Breakfast Favorite, 13 oz Jar</p><p> -30% 0FF </p><p>$3.48 ($0.27 / Ounce)</p><a href="https://www.amazon.com/dp/B0005Z6ZK4?tag=eloabder-20&linkCode=osi&th=1&psc=1">View Product</a></div><div class="product"><a href="https://www.amazon.com/dp/B09PN9S9D4?tag=eloabder-20&linkCode=osi&th=1&psc=1"><img src="https://m.media-amazon.com/images/I/41VpA06vqaL._SL500_.jpg" alt="Product Image"></a><p>Amazon Grocery, Hazelnut Spread With Cocoa, 26.5 Oz (Previously Amazon Fresh, Packaging May Vary)</p><p> -17% 0FF </p><p>$4.12 ($0.16 / Ounce)</p><a href="https://www.amazon.com/dp/B09PN9S9D4?tag=eloabder-20&linkCode=osi&th=1&psc=1">View Product</a></div>
<div class="product"><a href="https://www.amazon.com/dp/B0052BFNLS?tag=eloabder-20&linkCode=osi&th=1&psc=1"><img src="https://m.media-amazon.com/images/I/31Tfk-0-ybL._SL500_.jpg" alt="Product Image"></a><p>Pompeian Gourmet Red Wine Vinegar, Naturally Gluten-Free, 30 Fl Oz</p><p> -5% 0FF </p><p>$5.33 ($0.18 / Fl Oz)</p><a href="https://www.amazon.com/dp/B0052BFNLS?tag=eloabder-20&linkCode=osi&th=1&psc=1">View Product</a></div><div class="product"><a href="https://www.amazon.com/dp/B005AYB38O?tag=eloabder-20&linkCode=osi&th=1&psc=1"><img src="https://m.media-amazon.com/images/I/31tJRcbnsfL._SL500_.jpg" alt="Product Image"></a><p>Napa Valley Naturals Organic Red Wine Vinegar, 12.7 Ounces</p><p> -51% 0FF </p><p>$5.50 ($0.43 / Ounce)</p><a href="https://www.amazon.com/dp/B005AYB38O?tag=eloabder-20&linkCode=osi&th=1&psc=1">View Product</a></div><div class="product"><a href="https://www.amazon.com/dp/B00H1CJG00?tag=eloabder-20&linkCode=osi&th=1&psc=1"><img src="https://m.media-amazon.com/images/I/31pl1n1OONL._SL500_.jpg" alt="Product Image"></a><p>Colavita Wine Vinegar - Red Wine Vinegar, 17 Fl Oz</p><p> -21% 0FF </p><p>$9.51 ($0.56 / Fl Oz)</p><a href="https://www.amazon.com/dp/B00H1CJG00?tag=eloabder-20&linkCode=osi&th=1&psc=1">View Product</a></div>









<div class="product"><a href="https://www.amazon.com/dp/B074H5ZHFH?tag=eloabder-20&linkCode=osi&th=1&psc=1"><img src="https://m.media-amazon.com/images/I/410ymBds87L._SL500_.jpg" alt="Product Image"></a><p>365 by Whole Foods Market, Organic Penne Rigate, 16 Ounce</p><p> -10% 0FF </p><p>$1.97 ($0.12 / Ounce)</p><a href="https://www.amazon.com/dp/B074H5ZHFH?tag=eloabder-20&linkCode=osi&th=1&psc=1">View Product</a></div><div class="product"><a href="https://www.amazon.com/dp/B007MNYZ2M?tag=eloabder-20&linkCode=osi&th=1&psc=1"><img src="https://m.media-amazon.com/images/I/41dAZBCU7kS._SL500_.jpg" alt="Product Image"></a><p>Rummo Italian Pasta Penne Rigate No. 66, Always Al Dente (1lb Package)</p><p> -32% 0FF </p><p>$7.12 ($0.44 / Ounce)</p><a href="https://www.amazon.com/dp/B007MNYZ2M?tag=eloabder-20&linkCode=osi&th=1&psc=1">View Product</a></div><div class="product"><a href="https://www.amazon.com/dp/B07NSRQYNP?tag=eloabder-20&linkCode=osi&th=1&psc=1"><img src="https://m.media-amazon.com/images/I/413HwweC7iL._SL500_.jpg" alt="Product Image"></a><p>Rao's Homemade Penne Pasta, 16oz, Traditionally Crafted, Premium Quality, From Durum Semolina Flour, Traditional Bronze Die Cut, Imported from Italy</p><p> -24% 0FF </p><p>$2.18 ($0.14 / Fl Oz)</p><a href="https://www.amazon.com/dp/B07NSRQYNP?tag=eloabder-20&linkCode=osi&th=1&psc=1">View Product</a></div>
<div class="product"><a href="https://www.amazon.com/dp/B00112UBOG?tag=eloabder-20&linkCode=osi&th=1&psc=1"><img src="https://m.media-amazon.com/images/I/51coh9-N5gL._SL500_.jpg" alt="Product Image"></a><p>RiceSelect Arborio Rice for Italian Risotto, Premium Gluten-Free Rice, Non-GMO, 32-Ounce Jar, (Pack of 1)</p><p> -21% 0FF </p><p>$5.99 ($0.19 / Ounces)</p><a href="https://www.amazon.com/dp/B00112UBOG?tag=eloabder-20&linkCode=osi&th=1&psc=1">View Product</a></div>


<div class="product"><a href="https://www.amazon.com/dp/B0BZB9D92K?tag=eloabder-20&linkCode=osi&th=1&psc=1"><img src="https://m.media-amazon.com/images/I/41q74mciXOL._SL500_.jpg" alt="Product Image"></a><p>Amazon Grocery, Canned Pinto Beans, 15.5 Oz (Previously Amazon Fresh, Packaging May Vary)</p><p> -34% 0FF </p><p>$0.55 ($0.04 / Ounce)</p><a href="https://www.amazon.com/dp/B0BZB9D92K?tag=eloabder-20&linkCode=osi&th=1&psc=1">View Product</a></div>
<div class="product"><a href="https://www.amazon.com/dp/B0BZJNJTYV?tag=eloabder-20&linkCode=osi&th=1&psc=1"><img src="https://m.media-amazon.com/images/I/41lSsx2pjSL._SL500_.jpg" alt="Product Image"></a><p>Amazon Grocery, Sweet Peas, 15 Oz (Previously Amazon Fresh, Packaging May Vary)</p><p> -56% 0FF </p><p>$0.71 ($0.05 / Ounce)</p><a href="https://www.amazon.com/dp/B0BZJNJTYV?tag=eloabder-20&linkCode=osi&th=1&psc=1">View Product</a></div><div class="product"><a href="https://www.amazon.com/dp/B078T19Y9X?tag=eloabder-20&linkCode=osi&th=1&psc=1"><img src="https://m.media-amazon.com/images/I/51z+piSY1JL._SL500_.jpg" alt="Product Image"></a><p>DEL MONTE Sweet Peas Canned Vegetables, 12 Pack, 15 oz Can</p><p> -36% 0FF </p><p>$10.08 ($0.06 / Ounce)</p><a href="https://www.amazon.com/dp/B078T19Y9X?tag=eloabder-20&linkCode=osi&th=1&psc=1">View Product</a></div>
<div class="product"><a href="https://www.amazon.com/dp/B00GDVBHU2?tag=eloabder-20&linkCode=osi&th=1&psc=1"><img src="https://m.media-amazon.com/images/I/51BjG0g4q5L._SL500_.jpg" alt="Product Image"></a><p>Blue Diamond Almonds, Raw Whole Natural, 16 Ounce</p><p> -12% 0FF </p><p>$5.99 ($0.37 / Ounce)</p><a href="https://www.amazon.com/dp/B00GDVBHU2?tag=eloabder-20&linkCode=osi&th=1&psc=1">View Product</a></div>

<div class="product"><a href="https://www.amazon.com/dp/B07W1WKDSC?tag=eloabder-20&linkCode=osi&th=1&psc=1"><img src="https://m.media-amazon.com/images/I/31nTopuj99L._SL500_.jpg" alt="Product Image"></a><p>Amazon Grocery, Basil Leaves, 0.95 Oz (Previously Happy Belly, Packaging May Vary)</p><p> -17% 0FF </p><p>$1.59 ($1.67 / Ounce)</p><a href="https://www.amazon.com/dp/B07W1WKDSC?tag=eloabder-20&linkCode=osi&th=1&psc=1">View Product</a></div>

<div class="product"><a href="https://www.amazon.com/dp/B07VXL2JRG?tag=eloabder-20&linkCode=osi&th=1&psc=1"><img src="https://m.media-amazon.com/images/I/31ou5P5dqeL._SL500_.jpg" alt="Product Image"></a><p>Amazon Grocery, Ground Cumin, 2.6 Oz (Previously Happy Belly, Packaging May Vary)</p><p> -17% 0FF </p><p>$1.16 ($0.45 / Ounce)</p><a href="https://www.amazon.com/dp/B07VXL2JRG?tag=eloabder-20&linkCode=osi&th=1&psc=1">View Product</a></div>

<div class="product"><a href="https://www.amazon.com/dp/B07P8M5ZT1?tag=eloabder-20&linkCode=osi&th=1&psc=1"><img src="https://m.media-amazon.com/images/I/31+0qVbfagL._SL500_.jpg" alt="Product Image"></a><p>Amazon Grocery, Olive Oil, Medium Flavor, 16.9 Fl Oz (Previously Amazon Fresh, Packaging May Vary)</p><p> -17% 0FF </p><p>$4.50 ($0.27 / Ounce)</p><a href="https://www.amazon.com/dp/B07P8M5ZT1?tag=eloabder-20&linkCode=osi&th=1&psc=1">View Product</a></div>
<div class="product"><a href="https://www.amazon.com/dp/B00IY5HREA?tag=eloabder-20&linkCode=osi&th=1&psc=1"><img src="https://m.media-amazon.com/images/I/31n5MDrL-QL._SL500_.jpg" alt="Product Image"></a><p>Colavita Balsamic Vinegar of Modena, 17 Ounce Bottle</p><p> -9% 0FF </p><p>$4.22 ($0.25 / Fl Oz)</p><a href="https://www.amazon.com/dp/B00IY5HREA?tag=eloabder-20&linkCode=osi&th=1&psc=1">View Product</a></div><div class="product"><a href="https://www.amazon.com/dp/B0FHNXDWYB?tag=eloabder-20&linkCode=osi&th=1&psc=1"><img src="https://m.media-amazon.com/images/I/41AJ0vvzsSL._SL500_.jpg" alt="Product Image"></a><p>Paolo Natural Orange Balsamic Vinegar, Artisan Crafted, 36-Month Oak Barrel Aged, Sweet & Sour Flavor for Salad Dressings, Pasta, Desserts, Glass Bottle, 5.40 fl oz (160ml)</p><p> -9% 0FF </p><p>$29.99 ($5.55 / Fl Oz)</p><a href="https://www.amazon.com/dp/B0FHNXDWYB?tag=eloabder-20&linkCode=osi&th=1&psc=1">View Product</a></div>
<div class="product"><a href="https://www.amazon.com/dp/B0B46R31XD?tag=eloabder-20&linkCode=osi&th=1&psc=1"><img src="https://m.media-amazon.com/images/I/5176SDI1iyL._SL500_.jpg" alt="Product Image"></a><p>Contadina Canned Tomato Sauce, 15 oz (Pack of 4 Cans)</p><p> -8% 0FF </p><p>$3.98 ($0.07 / Ounce)</p><a href="https://www.amazon.com/dp/B0B46R31XD?tag=eloabder-20&linkCode=osi&th=1&psc=1">View Product</a></div>


<div class="product"><a href="https://www.amazon.com/dp/B07179XBP9?tag=eloabder-20&linkCode=osi&th=1&psc=1"><img src="https://m.media-amazon.com/images/I/61vs7ucqGKL._SL500_.jpg" alt="Product Image"></a><p>Lay's Potato Chips, 4 Flavor Variety Pack, 1 oz Single Serve Bags, (40 Pack)</p><p> -19% 0FF </p><p>$13.19 ($0.33 / Count)</p><a href="https://www.amazon.com/dp/B07179XBP9?tag=eloabder-20&linkCode=osi&th=1&psc=1">View Product</a></div><div class="product"><a href="https://www.amazon.com/dp/B07X1KPLNQ?tag=eloabder-20&linkCode=osi&th=1&psc=1"><img src="https://m.media-amazon.com/images/I/41grpp95ftL._SL500_.jpg" alt="Product Image"></a><p>Amazon Fresh, Wavy Potato Chips, 11 Oz (Previously Happy Belly, Packaging May Vary)</p><p> -12% 0FF </p><p>$2.67 ($0.24 / Ounce)</p><a href="https://www.amazon.com/dp/B07X1KPLNQ?tag=eloabder-20&linkCode=osi&th=1&psc=1">View Product</a></div>


<div class="product"><a href="https://www.amazon.com/dp/B09NPB2DNT?tag=eloabder-20&linkCode=osi&th=1&psc=1"><img src="https://m.media-amazon.com/images/I/41EB1IsYvHL._SL500_.jpg" alt="Product Image"></a><p>M&M'S, SNICKERS & MILKY WAY Fun Size Chocolate Candy Variety Pack, Assorted Chocolate Candy Variety Pack for Halloween, Party Size, 19.2 Oz Bulk Bag</p><p> -6% 0FF </p><p>$8.99 ($0.47 / Ounce)</p><a href="https://www.amazon.com/dp/B09NPB2DNT?tag=eloabder-20&linkCode=osi&th=1&psc=1">View Product</a></div><div class="product"><a href="https://www.amazon.com/dp/B0DVM7JWP6?tag=eloabder-20&linkCode=osi&th=1&psc=1"><img src="https://m.media-amazon.com/images/I/51Lc-U8ExNL._SL500_.jpg" alt="Product Image"></a><p>Butterfinger, CRUNCH, Baby Ruth, 100 Grand Mini and Fun Size Assorted Candy Bars, Bulk 80 Count Pack, 32.1 oz</p><p> -20% 0FF </p><p>$11.19</p><a href="https://www.amazon.com/dp/B0DVM7JWP6?tag=eloabder-20&linkCode=osi&th=1&psc=1">View Product</a></div><div class="product"><a href="https://www.amazon.com/dp/B09NMX9CGB?tag=eloabder-20&linkCode=osi&th=1&psc=1"><img src="https://m.media-amazon.com/images/I/51donixesTL._SL500_.jpg" alt="Product Image"></a><p>Butterfinger, CRUNCH, Baby Ruth, 100 Grand Fun Size Assorted Candy Bars, Great for Sharing, Bulk 60 Count Pack, 37.2 oz</p><p> -20% 0FF </p><p>$11.79 ($0.32 / Ounce)</p><a href="https://www.amazon.com/dp/B09NMX9CGB?tag=eloabder-20&linkCode=osi&th=1&psc=1">View Product</a></div>




<div class="product"><a href="https://www.amazon.com/dp/B01B8V7ACA?tag=eloabder-20&linkCode=osi&th=1&psc=1"><img src="https://m.media-amazon.com/images/I/41vAit7Po9L._SL500_.jpg" alt="Product Image"></a><p>EPIC Rendered Duck Fat, Keto and Paleo Friendly, Whole30 Approved, Gluten Free, 11 oz Jar</p><p> -15% 0FF </p><p>$14.99 ($1.36 / Ounce)</p><a href="https://www.amazon.com/dp/B01B8V7ACA?tag=eloabder-20&linkCode=osi&th=1&psc=1">View Product</a></div>






<div class="product"><a href="https://www.amazon.com/dp/B0025W9A5C?tag=eloabder-20&linkCode=osi&th=1&psc=1"><img src="https://m.media-amazon.com/images/I/51Oz8SNo83L._SL500_.jpg" alt="Product Image"></a><p>Nature Valley Crunchy Oats 'n Honey Granola Bars, 60 Bars, 44.7 OZ (30 Pouches)</p><p> -33% 0FF </p><p>$7.49 ($0.17 / Ounce)</p><a href="https://www.amazon.com/dp/B0025W9A5C?tag=eloabder-20&linkCode=osi&th=1&psc=1">View Product</a></div><div class="product"><a href="https://www.amazon.com/dp/B01MRZZ3KC?tag=eloabder-20&linkCode=osi&th=1&psc=1"><img src="https://m.media-amazon.com/images/I/512IgtvlLyL._SL500_.jpg" alt="Product Image"></a><p>Quaker Chewy Granola Bars, Chocolate Chip, 58 Count - Packaging May Vary</p><p> -9% 0FF </p><p>$11.19 ($0.23 / Ounce)</p><a href="https://www.amazon.com/dp/B01MRZZ3KC?tag=eloabder-20&linkCode=osi&th=1&psc=1">View Product</a></div><div class="product"><a href="https://www.amazon.com/dp/B00GHPC47O?tag=eloabder-20&linkCode=osi&th=1&psc=1"><img src="https://m.media-amazon.com/images/I/51YsdKn53VS._SL500_.jpg" alt="Product Image"></a><p>Quaker Chewy Granola Bars, Variety Pack, 18 Count</p><p> -20% 0FF </p><p>$3.97 ($0.26 / Ounce)</p><a href="https://www.amazon.com/dp/B00GHPC47O?tag=eloabder-20&linkCode=osi&th=1&psc=1">View Product</a></div><div class="product"><a href="https://www.amazon.com/dp/B0D9R1BMJR?tag=eloabder-20&linkCode=osi&th=1&psc=1"><img src="https://m.media-amazon.com/images/I/51ksmfNpCJL._SL500_.jpg" alt="Product Image"></a><p>Quaker Chewy Granola Bars, Chewy & Dipps Variety Pack, (58 Bars), Whole Grains, No Artificial Flavors, No Added Colors</p><p> -31% 0FF </p><p>$11.87 ($0.22 / Ounce)</p><a href="https://www.amazon.com/dp/B0D9R1BMJR?tag=eloabder-20&linkCode=osi&th=1&psc=1">View Product</a></div><div class="product"><a href="https://www.amazon.com/dp/B077KYKYKN?tag=eloabder-20&linkCode=osi&th=1&psc=1"><img src="https://m.media-amazon.com/images/I/51qz85lOK2S._SL500_.jpg" alt="Product Image"></a><p>Quaker Chewy Lower Sugar Granola Bars, Chocolate Chip, 58 Count</p><p> -35% 0FF </p><p>$11.19 ($0.23 / Ounce)</p><a href="https://www.amazon.com/dp/B077KYKYKN?tag=eloabder-20&linkCode=osi&th=1&psc=1">View Product</a></div>
<div class="product"><a href="https://www.amazon.com/dp/B07VVGKHLH?tag=eloabder-20&linkCode=osi&th=1&psc=1"><img src="https://m.media-amazon.com/images/I/31hbAFlUK6L._SL500_.jpg" alt="Product Image"></a><p>Amazon Grocery, Garlic Powder, 3.9 Oz (Previously Happy Belly, Packaging May Vary)</p><p> -17% 0FF </p><p>$1.30 ($0.33 / Ounce)</p><a href="https://www.amazon.com/dp/B07VVGKHLH?tag=eloabder-20&linkCode=osi&th=1&psc=1">View Product</a></div>
<div class="product"><a href="https://www.amazon.com/dp/B000WHSD5A?tag=eloabder-20&linkCode=osi&th=1&psc=1"><img src="https://m.media-amazon.com/images/I/41QwGSr0+IL._SL500_.jpg" alt="Product Image"></a><p>Heinz Tomato Ketchup, 20 oz Bottle</p><p> -36% 0FF </p><p>$2.23 ($0.11 / Ounce)</p><a href="https://www.amazon.com/dp/B000WHSD5A?tag=eloabder-20&linkCode=osi&th=1&psc=1">View Product</a></div><div class="product"><a href="https://www.amazon.com/dp/B0005YKO8E?tag=eloabder-20&linkCode=osi&th=1&psc=1"><img src="https://m.media-amazon.com/images/I/41AFhgJ5V7L._SL500_.jpg" alt="Product Image"></a><p>Heinz Tomato Ketchup, 14 oz Bottle</p><p> -36% 0FF </p><p>$1.56 ($0.11 / Ounce)</p><a href="https://www.amazon.com/dp/B0005YKO8E?tag=eloabder-20&linkCode=osi&th=1&psc=1">View Product</a></div><div class="product"><a href="https://www.amazon.com/dp/B01B2OVUAG?tag=eloabder-20&linkCode=osi&th=1&psc=1"><img src="https://m.media-amazon.com/images/I/41gaLzbBsDL._SL500_.jpg" alt="Product Image"></a><p>Heinz Organic Tomato Ketchup, 32 oz Bottle</p><p> -47% 0FF </p><p>$3.67 ($0.11 / Ounce)</p><a href="https://www.amazon.com/dp/B01B2OVUAG?tag=eloabder-20&linkCode=osi&th=1&psc=1">View Product</a></div>
<div class="product"><a href="https://www.amazon.com/dp/B015UBV4N0?tag=eloabder-20&linkCode=osi&th=1&psc=1"><img src="https://m.media-amazon.com/images/I/51NRndhNwoL._SL500_.jpg" alt="Product Image"></a><p>Crofters Organic Premium Spread, Strawberry, 16.5 oz</p><p> -20% 0FF </p><p>$4.96 ($0.30 / oz)</p><a href="https://www.amazon.com/dp/B015UBV4N0?tag=eloabder-20&linkCode=osi&th=1&psc=1">View Product</a></div>
<div class="product"><a href="https://www.amazon.com/dp/B097RW44HZ?tag=eloabder-20&linkCode=osi&th=1&psc=1"><img src="https://m.media-amazon.com/images/I/51OhVkU8+PL._SL500_.jpg" alt="Product Image"></a><p>Apexy Jelly Fruit Candy – Assorted Fruit Flavors, Halloween Treat Juicy Chewy Gel Snacks, Kids & Adults Party Favors, Fun Treats for Goodie Bags & Events 46.9oz (1330g)</p><p> -7% 0FF </p><p>$12.99 ($0.28 / Ounce)</p><a href="https://www.amazon.com/dp/B097RW44HZ?tag=eloabder-20&linkCode=osi&th=1&psc=1">View Product</a></div><div class="product"><a href="https://www.amazon.com/dp/B00099XN56?tag=eloabder-20&linkCode=osi&th=1&psc=1"><img src="https://m.media-amazon.com/images/I/41twfbi883L._SL500_.jpg" alt="Product Image"></a><p>Smucker's Jelly, Mixed Fruit, 12 oz (340 g)</p><p> -11% 0FF </p><p>$9.94 ($0.83 / Ounce)</p><a href="https://www.amazon.com/dp/B00099XN56?tag=eloabder-20&linkCode=osi&th=1&psc=1">View Product</a></div>
<div class="product"><a href="https://www.amazon.com/dp/B0005Z6ZK4?tag=eloabder-20&linkCode=osi&th=1&psc=1"><img src="https://m.media-amazon.com/images/I/31dtADxAZbL._SL500_.jpg" alt="Product Image"></a><p>Nutella Hazelnut Spread with Cocoa, Creamy Hazelnut Spread, Breakfast Favorite, 13 oz Jar</p><p> -30% 0FF </p><p>$3.48 ($0.27 / Ounce)</p><a href="https://www.amazon.com/dp/B0005Z6ZK4?tag=eloabder-20&linkCode=osi&th=1&psc=1">View Product</a></div><div class="product"><a href="https://www.amazon.com/dp/B09PN9S9D4?tag=eloabder-20&linkCode=osi&th=1&psc=1"><img src="https://m.media-amazon.com/images/I/41VpA06vqaL._SL500_.jpg" alt="Product Image"></a><p>Amazon Grocery, Hazelnut Spread With Cocoa, 26.5 Oz (Previously Amazon Fresh, Packaging May Vary)</p><p> -17% 0FF </p><p>$4.12 ($0.16 / Ounce)</p><a href="https://www.amazon.com/dp/B09PN9S9D4?tag=eloabder-20&linkCode=osi&th=1&psc=1">View Product</a></div>
<div class="product"><a href="https://www.amazon.com/dp/B0052BFNLS?tag=eloabder-20&linkCode=osi&th=1&psc=1"><img src="https://m.media-amazon.com/images/I/31Tfk-0-ybL._SL500_.jpg" alt="Product Image"></a><p>Pompeian Gourmet Red Wine Vinegar, Naturally Gluten-Free, 30 Fl Oz</p><p> -5% 0FF </p><p>$5.33 ($0.18 / Fl Oz)</p><a href="https://www.amazon.com/dp/B0052BFNLS?tag=eloabder-20&linkCode=osi&th=1&psc=1">View Product</a></div><div class="product"><a href="https://www.amazon.com/dp/B005AYB38O?tag=eloabder-20&linkCode=osi&th=1&psc=1"><img src="https://m.media-amazon.com/images/I/31tJRcbnsfL._SL500_.jpg" alt="Product Image"></a><p>Napa Valley Naturals Organic Red Wine Vinegar, 12.7 Ounces</p><p> -51% 0FF </p><p>$5.50 ($0.43 / Ounce)</p><a href="https://www.amazon.com/dp/B005AYB38O?tag=eloabder-20&linkCode=osi&th=1&psc=1">View Product</a></div><div class="product"><a href="https://www.amazon.com/dp/B00H1CJG00?tag=eloabder-20&linkCode=osi&th=1&psc=1"><img src="https://m.media-amazon.com/images/I/31pl1n1OONL._SL500_.jpg" alt="Product Image"></a><p>Colavita Wine Vinegar - Red Wine Vinegar, 17 Fl Oz</p><p> -21% 0FF </p><p>$9.51 ($0.56 / Fl Oz)</p><a href="https://www.amazon.com/dp/B00H1CJG00?tag=eloabder-20&linkCode=osi&th=1&psc=1">View Product</a></div>









<div class="product"><a href="https://www.amazon.com/dp/B074H5ZHFH?tag=eloabder-20&linkCode=osi&th=1&psc=1"><img src="https://m.media-amazon.com/images/I/410ymBds87L._SL500_.jpg" alt="Product Image"></a><p>365 by Whole Foods Market, Organic Penne Rigate, 16 Ounce</p><p> -10% 0FF </p><p>$1.97 ($0.12 / Ounce)</p><a href="https://www.amazon.com/dp/B074H5ZHFH?tag=eloabder-20&linkCode=osi&th=1&psc=1">View Product</a></div><div class="product"><a href="https://www.amazon.com/dp/B007MNYZ2M?tag=eloabder-20&linkCode=osi&th=1&psc=1"><img src="https://m.media-amazon.com/images/I/41dAZBCU7kS._SL500_.jpg" alt="Product Image"></a><p>Rummo Italian Pasta Penne Rigate No. 66, Always Al Dente (1lb Package)</p><p> -32% 0FF </p><p>$7.12 ($0.44 / Ounce)</p><a href="https://www.amazon.com/dp/B007MNYZ2M?tag=eloabder-20&linkCode=osi&th=1&psc=1">View Product</a></div><div class="product"><a href="https://www.amazon.com/dp/B07NSRQYNP?tag=eloabder-20&linkCode=osi&th=1&psc=1"><img src="https://m.media-amazon.com/images/I/413HwweC7iL._SL500_.jpg" alt="Product Image"></a><p>Rao's Homemade Penne Pasta, 16oz, Traditionally Crafted, Premium Quality, From Durum Semolina Flour, Traditional Bronze Die Cut, Imported from Italy</p><p> -24% 0FF </p><p>$2.18 ($0.14 / Fl Oz)</p><a href="https://www.amazon.com/dp/B07NSRQYNP?tag=eloabder-20&linkCode=osi&th=1&psc=1">View Product</a></div>
<div class="product"><a href="https://www.amazon.com/dp/B00112UBOG?tag=eloabder-20&linkCode=osi&th=1&psc=1"><img src="https://m.media-amazon.com/images/I/51coh9-N5gL._SL500_.jpg" alt="Product Image"></a><p>RiceSelect Arborio Rice for Italian Risotto, Premium Gluten-Free Rice, Non-GMO, 32-Ounce Jar, (Pack of 1)</p><p> -21% 0FF </p><p>$5.99 ($0.19 / Ounces)</p><a href="https://www.amazon.com/dp/B00112UBOG?tag=eloabder-20&linkCode=osi&th=1&psc=1">View Product</a></div>


<div class="product"><a href="https://www.amazon.com/dp/B0BZB9D92K?tag=eloabder-20&linkCode=osi&th=1&psc=1"><img src="https://m.media-amazon.com/images/I/41q74mciXOL._SL500_.jpg" alt="Product Image"></a><p>Amazon Grocery, Canned Pinto Beans, 15.5 Oz (Previously Amazon Fresh, Packaging May Vary)</p><p> -34% 0FF </p><p>$0.55 ($0.04 / Ounce)</p><a href="https://www.amazon.com/dp/B0BZB9D92K?tag=eloabder-20&linkCode=osi&th=1&psc=1">View Product</a></div>
<div class="product"><a href="https://www.amazon.com/dp/B0BZJNJTYV?tag=eloabder-20&linkCode=osi&th=1&psc=1"><img src="https://m.media-amazon.com/images/I/41lSsx2pjSL._SL500_.jpg" alt="Product Image"></a><p>Amazon Grocery, Sweet Peas, 15 Oz (Previously Amazon Fresh, Packaging May Vary)</p><p> -56% 0FF </p><p>$0.71 ($0.05 / Ounce)</p><a href="https://www.amazon.com/dp/B0BZJNJTYV?tag=eloabder-20&linkCode=osi&th=1&psc=1">View Product</a></div><div class="product"><a href="https://www.amazon.com/dp/B078T19Y9X?tag=eloabder-20&linkCode=osi&th=1&psc=1"><img src="https://m.media-amazon.com/images/I/51z+piSY1JL._SL500_.jpg" alt="Product Image"></a><p>DEL MONTE Sweet Peas Canned Vegetables, 12 Pack, 15 oz Can</p><p> -36% 0FF </p><p>$10.08 ($0.06 / Ounce)</p><a href="https://www.amazon.com/dp/B078T19Y9X?tag=eloabder-20&linkCode=osi&th=1&psc=1">View Product</a></div>
<div class="product"><a href="https://www.amazon.com/dp/B00GDVBHU2?tag=eloabder-20&linkCode=osi&th=1&psc=1"><img src="https://m.media-amazon.com/images/I/51BjG0g4q5L._SL500_.jpg" alt="Product Image"></a><p>Blue Diamond Almonds, Raw Whole Natural, 16 Ounce</p><p> -12% 0FF </p><p>$5.99 ($0.37 / Ounce)</p><a href="https://www.amazon.com/dp/B00GDVBHU2?tag=eloabder-20&linkCode=osi&th=1&psc=1">View Product</a></div>

<div class="product"><a href="https://www.amazon.com/dp/B07W1WKDSC?tag=eloabder-20&linkCode=osi&th=1&psc=1"><img src="https://m.media-amazon.com/images/I/31nTopuj99L._SL500_.jpg" alt="Product Image"></a><p>Amazon Grocery, Basil Leaves, 0.95 Oz (Previously Happy Belly, Packaging May Vary)</p><p> -17% 0FF </p><p>$1.59 ($1.67 / Ounce)</p><a href="https://www.amazon.com/dp/B07W1WKDSC?tag=eloabder-20&linkCode=osi&th=1&psc=1">View Product</a></div>

<div class="product"><a href="https://www.amazon.com/dp/B07VXL2JRG?tag=eloabder-20&linkCode=osi&th=1&psc=1"><img src="https://m.media-amazon.com/images/I/31ou5P5dqeL._SL500_.jpg" alt="Product Image"></a><p>Amazon Grocery, Ground Cumin, 2.6 Oz (Previously Happy Belly, Packaging May Vary)</p><p> -17% 0FF </p><p>$1.16 ($0.45 / Ounce)</p><a href="https://www.amazon.com/dp/B07VXL2JRG?tag=eloabder-20&linkCode=osi&th=1&psc=1">View Product</a></div>

<div class="product"><a href="https://www.amazon.com/dp/B07P8M5ZT1?tag=eloabder-20&linkCode=osi&th=1&psc=1"><img src="https://m.media-amazon.com/images/I/31+0qVbfagL._SL500_.jpg" alt="Product Image"></a><p>Amazon Grocery, Olive Oil, Medium Flavor, 16.9 Fl Oz (Previously Amazon Fresh, Packaging May Vary)</p><p> -17% 0FF </p><p>$4.50 ($0.27 / Ounce)</p><a href="https://www.amazon.com/dp/B07P8M5ZT1?tag=eloabder-20&linkCode=osi&th=1&psc=1">View Product</a></div>
<div class="product"><a href="https://www.amazon.com/dp/B00IY5HREA?tag=eloabder-20&linkCode=osi&th=1&psc=1"><img src="https://m.media-amazon.com/images/I/31n5MDrL-QL._SL500_.jpg" alt="Product Image"></a><p>Colavita Balsamic Vinegar of Modena, 17 Ounce Bottle</p><p> -9% 0FF </p><p>$4.22 ($0.25 / Fl Oz)</p><a href="https://www.amazon.com/dp/B00IY5HREA?tag=eloabder-20&linkCode=osi&th=1&psc=1">View Product</a></div><div class="product"><a href="https://www.amazon.com/dp/B0FHNXDWYB?tag=eloabder-20&linkCode=osi&th=1&psc=1"><img src="https://m.media-amazon.com/images/I/41AJ0vvzsSL._SL500_.jpg" alt="Product Image"></a><p>Paolo Natural Orange Balsamic Vinegar, Artisan Crafted, 36-Month Oak Barrel Aged, Sweet & Sour Flavor for Salad Dressings, Pasta, Desserts, Glass Bottle, 5.40 fl oz (160ml)</p><p> -9% 0FF </p><p>$29.99 ($5.55 / Fl Oz)</p><a href="https://www.amazon.com/dp/B0FHNXDWYB?tag=eloabder-20&linkCode=osi&th=1&psc=1">View Product</a></div>
<div class="product"><a href="https://www.amazon.com/dp/B0B46R31XD?tag=eloabder-20&linkCode=osi&th=1&psc=1"><img src="https://m.media-amazon.com/images/I/5176SDI1iyL._SL500_.jpg" alt="Product Image"></a><p>Contadina Canned Tomato Sauce, 15 oz (Pack of 4 Cans)</p><p> -8% 0FF </p><p>$3.98 ($0.07 / Ounce)</p><a href="https://www.amazon.com/dp/B0B46R31XD?tag=eloabder-20&linkCode=osi&th=1&psc=1">View Product</a></div>


<div class="product"><a href="https://www.amazon.com/dp/B07179XBP9?tag=eloabder-20&linkCode=osi&th=1&psc=1"><img src="https://m.media-amazon.com/images/I/61vs7ucqGKL._SL500_.jpg" alt="Product Image"></a><p>Lay's Potato Chips, 4 Flavor Variety Pack, 1 oz Single Serve Bags, (40 Pack)</p><p> -19% 0FF </p><p>$13.19 ($0.33 / Count)</p><a href="https://www.amazon.com/dp/B07179XBP9?tag=eloabder-20&linkCode=osi&th=1&psc=1">View Product</a></div><div class="product"><a href="https://www.amazon.com/dp/B07X1KPLNQ?tag=eloabder-20&linkCode=osi&th=1&psc=1"><img src="https://m.media-amazon.com/images/I/41grpp95ftL._SL500_.jpg" alt="Product Image"></a><p>Amazon Fresh, Wavy Potato Chips, 11 Oz (Previously Happy Belly, Packaging May Vary)</p><p> -12% 0FF </p><p>$2.67 ($0.24 / Ounce)</p><a href="https://www.amazon.com/dp/B07X1KPLNQ?tag=eloabder-20&linkCode=osi&th=1&psc=1">View Product</a></div>


<div class="product"><a href="https://www.amazon.com/dp/B09NPB2DNT?tag=eloabder-20&linkCode=osi&th=1&psc=1"><img src="https://m.media-amazon.com/images/I/41EB1IsYvHL._SL500_.jpg" alt="Product Image"></a><p>M&M'S, SNICKERS & MILKY WAY Fun Size Chocolate Candy Variety Pack, Assorted Chocolate Candy Variety Pack for Halloween, Party Size, 19.2 Oz Bulk Bag</p><p> -6% 0FF </p><p>$8.99 ($0.47 / Ounce)</p><a href="https://www.amazon.com/dp/B09NPB2DNT?tag=eloabder-20&linkCode=osi&th=1&psc=1">View Product</a></div><div class="product"><a href="https://www.amazon.com/dp/B0DVM7JWP6?tag=eloabder-20&linkCode=osi&th=1&psc=1"><img src="https://m.media-amazon.com/images/I/51Lc-U8ExNL._SL500_.jpg" alt="Product Image"></a><p>Butterfinger, CRUNCH, Baby Ruth, 100 Grand Mini and Fun Size Assorted Candy Bars, Bulk 80 Count Pack, 32.1 oz</p><p> -20% 0FF </p><p>$11.19</p><a href="https://www.amazon.com/dp/B0DVM7JWP6?tag=eloabder-20&linkCode=osi&th=1&psc=1">View Product</a></div><div class="product"><a href="https://www.amazon.com/dp/B09NMX9CGB?tag=eloabder-20&linkCode=osi&th=1&psc=1"><img src="https://m.media-amazon.com/images/I/51donixesTL._SL500_.jpg" alt="Product Image"></a><p>Butterfinger, CRUNCH, Baby Ruth, 100 Grand Fun Size Assorted Candy Bars, Great for Sharing, Bulk 60 Count Pack, 37.2 oz</p><p> -20% 0FF </p><p>$11.79 ($0.32 / Ounce)</p><a href="https://www.amazon.com/dp/B09NMX9CGB?tag=eloabder-20&linkCode=osi&th=1&psc=1">View Product</a></div>




<div class="product"><a href="https://www.amazon.com/dp/B01B8V7ACA?tag=eloabder-20&linkCode=osi&th=1&psc=1"><img src="https://m.media-amazon.com/images/I/41vAit7Po9L._SL500_.jpg" alt="Product Image"></a><p>EPIC Rendered Duck Fat, Keto and Paleo Friendly, Whole30 Approved, Gluten Free, 11 oz Jar</p><p> -15% 0FF </p><p>$14.99 ($1.36 / Ounce)</p><a href="https://www.amazon.com/dp/B01B8V7ACA?tag=eloabder-20&linkCode=osi&th=1&psc=1">View Product</a></div>







<div class="product"><a href="https://www.amazon.com/dp/B0025W9A5C?tag=eloabder-20&linkCode=osi&th=1&psc=1"><img src="https://m.media-amazon.com/images/I/51Oz8SNo83L._SL500_.jpg" alt="Product Image"></a><p>Nature Valley Crunchy Oats 'n Honey Granola Bars, 60 Bars, 44.7 OZ (30 Pouches)</p><p> -33% 0FF </p><p>$7.49 ($0.17 / Ounce)</p><a href="https://www.amazon.com/dp/B0025W9A5C?tag=eloabder-20&linkCode=osi&th=1&psc=1">View Product</a></div><div class="product"><a href="https://www.amazon.com/dp/B01MRZZ3KC?tag=eloabder-20&linkCode=osi&th=1&psc=1"><img src="https://m.media-amazon.com/images/I/512IgtvlLyL._SL500_.jpg" alt="Product Image"></a><p>Quaker Chewy Granola Bars, Chocolate Chip, 58 Count - Packaging May Vary</p><p> -9% 0FF </p><p>$11.19 ($0.23 / Ounce)</p><a href="https://www.amazon.com/dp/B01MRZZ3KC?tag=eloabder-20&linkCode=osi&th=1&psc=1">View Product</a></div><div class="product"><a href="https://www.amazon.com/dp/B00GHPC47O?tag=eloabder-20&linkCode=osi&th=1&psc=1"><img src="https://m.media-amazon.com/images/I/51YsdKn53VS._SL500_.jpg" alt="Product Image"></a><p>Quaker Chewy Granola Bars, Variety Pack, 18 Count</p><p> -20% 0FF </p><p>$3.97 ($0.26 / Ounce)</p><a href="https://www.amazon.com/dp/B00GHPC47O?tag=eloabder-20&linkCode=osi&th=1&psc=1">View Product</a></div><div class="product"><a href="https://www.amazon.com/dp/B0D9R1BMJR?tag=eloabder-20&linkCode=osi&th=1&psc=1"><img src="https://m.media-amazon.com/images/I/51ksmfNpCJL._SL500_.jpg" alt="Product Image"></a><p>Quaker Chewy Granola Bars, Chewy & Dipps Variety Pack, (58 Bars), Whole Grains, No Artificial Flavors, No Added Colors</p><p> -31% 0FF </p><p>$11.87 ($0.22 / Ounce)</p><a href="https://www.amazon.com/dp/B0D9R1BMJR?tag=eloabder-20&linkCode=osi&th=1&psc=1">View Product</a></div><div class="product"><a href="https://www.amazon.com/dp/B077KYKYKN?tag=eloabder-20&linkCode=osi&th=1&psc=1"><img src="https://m.media-amazon.com/images/I/51qz85lOK2S._SL500_.jpg" alt="Product Image"></a><p>Quaker Chewy Lower Sugar Granola Bars, Chocolate Chip, 58 Count</p><p> -35% 0FF </p><p>$11.19 ($0.23 / Ounce)</p><a href="https://www.amazon.com/dp/B077KYKYKN?tag=eloabder-20&linkCode=osi&th=1&psc=1">View Product</a></div>
<div class="product"><a href="https://www.amazon.com/dp/B07VVGKHLH?tag=eloabder-20&linkCode=osi&th=1&psc=1"><img src="https://m.media-amazon.com/images/I/31hbAFlUK6L._SL500_.jpg" alt="Product Image"></a><p>Amazon Grocery, Garlic Powder, 3.9 Oz (Previously Happy Belly, Packaging May Vary)</p><p> -17% 0FF </p><p>$1.30 ($0.33 / Ounce)</p><a href="https://www.amazon.com/dp/B07VVGKHLH?tag=eloabder-20&linkCode=osi&th=1&psc=1">View Product</a></div>
<div class="product"><a href="https://www.amazon.com/dp/B000WHSD5A?tag=eloabder-20&linkCode=osi&th=1&psc=1"><img src="https://m.media-amazon.com/images/I/41QwGSr0+IL._SL500_.jpg" alt="Product Image"></a><p>Heinz Tomato Ketchup, 20 oz Bottle</p><p> -36% 0FF </p><p>$2.23 ($0.11 / Ounce)</p><a href="https://www.amazon.com/dp/B000WHSD5A?tag=eloabder-20&linkCode=osi&th=1&psc=1">View Product</a></div><div class="product"><a href="https://www.amazon.com/dp/B0005YKO8E?tag=eloabder-20&linkCode=osi&th=1&psc=1"><img src="https://m.media-amazon.com/images/I/41AFhgJ5V7L._SL500_.jpg" alt="Product Image"></a><p>Heinz Tomato Ketchup, 14 oz Bottle</p><p> -36% 0FF </p><p>$1.56 ($0.11 / Ounce)</p><a href="https://www.amazon.com/dp/B0005YKO8E?tag=eloabder-20&linkCode=osi&th=1&psc=1">View Product</a></div><div class="product"><a href="https://www.amazon.com/dp/B01B2OVUAG?tag=eloabder-20&linkCode=osi&th=1&psc=1"><img src="https://m.media-amazon.com/images/I/41gaLzbBsDL._SL500_.jpg" alt="Product Image"></a><p>Heinz Organic Tomato Ketchup, 32 oz Bottle</p><p> -47% 0FF </p><p>$3.67 ($0.11 / Ounce)</p><a href="https://www.amazon.com/dp/B01B2OVUAG?tag=eloabder-20&linkCode=osi&th=1&psc=1">View Product</a></div>
<div class="product"><a href="https://www.amazon.com/dp/B015UBV4N0?tag=eloabder-20&linkCode=osi&th=1&psc=1"><img src="https://m.media-amazon.com/images/I/51NRndhNwoL._SL500_.jpg" alt="Product Image"></a><p>Crofters Organic Premium Spread, Strawberry, 16.5 oz</p><p> -20% 0FF </p><p>$4.96 ($0.30 / oz)</p><a href="https://www.amazon.com/dp/B015UBV4N0?tag=eloabder-20&linkCode=osi&th=1&psc=1">View Product</a></div>
<div class="product"><a href="https://www.amazon.com/dp/B097RW44HZ?tag=eloabder-20&linkCode=osi&th=1&psc=1"><img src="https://m.media-amazon.com/images/I/51OhVkU8+PL._SL500_.jpg" alt="Product Image"></a><p>Apexy Jelly Fruit Candy – Assorted Fruit Flavors, Halloween Treat Juicy Chewy Gel Snacks, Kids & Adults Party Favors, Fun Treats for Goodie Bags & Events 46.9oz (1330g)</p><p> -7% 0FF </p><p>$12.99 ($0.28 / Ounce)</p><a href="https://www.amazon.com/dp/B097RW44HZ?tag=eloabder-20&linkCode=osi&th=1&psc=1">View Product</a></div><div class="product"><a href="https://www.amazon.com/dp/B00099XN56?tag=eloabder-20&linkCode=osi&th=1&psc=1"><img src="https://m.media-amazon.com/images/I/41twfbi883L._SL500_.jpg" alt="Product Image"></a><p>Smucker's Jelly, Mixed Fruit, 12 oz (340 g)</p><p> -11% 0FF </p><p>$9.94 ($0.83 / Ounce)</p><a href="https://www.amazon.com/dp/B00099XN56?tag=eloabder-20&linkCode=osi&th=1&psc=1">View Product</a></div>
<div class="product"><a href="https://www.amazon.com/dp/B0005Z6ZK4?tag=eloabder-20&linkCode=osi&th=1&psc=1"><img src="https://m.media-amazon.com/images/I/31dtADxAZbL._SL500_.jpg" alt="Product Image"></a><p>Nutella Hazelnut Spread with Cocoa, Creamy Hazelnut Spread, Breakfast Favorite, 13 oz Jar</p><p> -30% 0FF </p><p>$3.48 ($0.27 / Ounce)</p><a href="https://www.amazon.com/dp/B0005Z6ZK4?tag=eloabder-20&linkCode=osi&th=1&psc=1">View Product</a></div><div class="product"><a href="https://www.amazon.com/dp/B09PN9S9D4?tag=eloabder-20&linkCode=osi&th=1&psc=1"><img src="https://m.media-amazon.com/images/I/41VpA06vqaL._SL500_.jpg" alt="Product Image"></a><p>Amazon Grocery, Hazelnut Spread With Cocoa, 26.5 Oz (Previously Amazon Fresh, Packaging May Vary)</p><p> -17% 0FF </p><p>$4.12 ($0.16 / Ounce)</p><a href="https://www.amazon.com/dp/B09PN9S9D4?tag=eloabder-20&linkCode=osi&th=1&psc=1">View Product</a></div>
<div class="product"><a href="https://www.amazon.com/dp/B0052BFNLS?tag=eloabder-20&linkCode=osi&th=1&psc=1"><img src="https://m.media-amazon.com/images/I/31Tfk-0-ybL._SL500_.jpg" alt="Product Image"></a><p>Pompeian Gourmet Red Wine Vinegar, Naturally Gluten-Free, 30 Fl Oz</p><p> -5% 0FF </p><p>$5.33 ($0.18 / Fl Oz)</p><a href="https://www.amazon.com/dp/B0052BFNLS?tag=eloabder-20&linkCode=osi&th=1&psc=1">View Product</a></div><div class="product"><a href="https://www.amazon.com/dp/B005AYB38O?tag=eloabder-20&linkCode=osi&th=1&psc=1"><img src="https://m.media-amazon.com/images/I/31tJRcbnsfL._SL500_.jpg" alt="Product Image"></a><p>Napa Valley Naturals Organic Red Wine Vinegar, 12.7 Ounces</p><p> -51% 0FF </p><p>$5.50 ($0.43 / Ounce)</p><a href="https://www.amazon.com/dp/B005AYB38O?tag=eloabder-20&linkCode=osi&th=1&psc=1">View Product</a></div><div class="product"><a href="https://www.amazon.com/dp/B00H1CJG00?tag=eloabder-20&linkCode=osi&th=1&psc=1"><img src="https://m.media-amazon.com/images/I/31pl1n1OONL._SL500_.jpg" alt="Product Image"></a><p>Colavita Wine Vinegar - Red Wine Vinegar, 17 Fl Oz</p><p> -21% 0FF </p><p>$9.51 ($0.56 / Fl Oz)</p><a href="https://www.amazon.com/dp/B00H1CJG00?tag=eloabder-20&linkCode=osi&th=1&psc=1">View Product</a></div>









<div class="product"><a href="https://www.amazon.com/dp/B074H5ZHFH?tag=eloabder-20&linkCode=osi&th=1&psc=1"><img src="https://m.media-amazon.com/images/I/410ymBds87L._SL500_.jpg" alt="Product Image"></a><p>365 by Whole Foods Market, Organic Penne Rigate, 16 Ounce</p><p> -10% 0FF </p><p>$1.97 ($0.12 / Ounce)</p><a href="https://www.amazon.com/dp/B074H5ZHFH?tag=eloabder-20&linkCode=osi&th=1&psc=1">View Product</a></div><div class="product"><a href="https://www.amazon.com/dp/B007MNYZ2M?tag=eloabder-20&linkCode=osi&th=1&psc=1"><img src="https://m.media-amazon.com/images/I/41dAZBCU7kS._SL500_.jpg" alt="Product Image"></a><p>Rummo Italian Pasta Penne Rigate No. 66, Always Al Dente (1lb Package)</p><p> -32% 0FF </p><p>$7.12 ($0.44 / Ounce)</p><a href="https://www.amazon.com/dp/B007MNYZ2M?tag=eloabder-20&linkCode=osi&th=1&psc=1">View Product</a></div><div class="product"><a href="https://www.amazon.com/dp/B07NSRQYNP?tag=eloabder-20&linkCode=osi&th=1&psc=1"><img src="https://m.media-amazon.com/images/I/413HwweC7iL._SL500_.jpg" alt="Product Image"></a><p>Rao's Homemade Penne Pasta, 16oz, Traditionally Crafted, Premium Quality, From Durum Semolina Flour, Traditional Bronze Die Cut, Imported from Italy</p><p> -24% 0FF </p><p>$2.18 ($0.14 / Fl Oz)</p><a href="https://www.amazon.com/dp/B07NSRQYNP?tag=eloabder-20&linkCode=osi&th=1&psc=1">View Product</a></div>
<div class="product"><a href="https://www.amazon.com/dp/B00112UBOG?tag=eloabder-20&linkCode=osi&th=1&psc=1"><img src="https://m.media-amazon.com/images/I/51coh9-N5gL._SL500_.jpg" alt="Product Image"></a><p>RiceSelect Arborio Rice for Italian Risotto, Premium Gluten-Free Rice, Non-GMO, 32-Ounce Jar, (Pack of 1)</p><p> -21% 0FF </p><p>$5.99 ($0.19 / Ounces)</p><a href="https://www.amazon.com/dp/B00112UBOG?tag=eloabder-20&linkCode=osi&th=1&psc=1">View Product</a></div>


<div class="product"><a href="https://www.amazon.com/dp/B0BZB9D92K?tag=eloabder-20&linkCode=osi&th=1&psc=1"><img src="https://m.media-amazon.com/images/I/41q74mciXOL._SL500_.jpg" alt="Product Image"></a><p>Amazon Grocery, Canned Pinto Beans, 15.5 Oz (Previously Amazon Fresh, Packaging May Vary)</p><p> -34% 0FF </p><p>$0.55 ($0.04 / Ounce)</p><a href="https://www.amazon.com/dp/B0BZB9D92K?tag=eloabder-20&linkCode=osi&th=1&psc=1">View Product</a></div>
<div class="product"><a href="https://www.amazon.com/dp/B0BZJNJTYV?tag=eloabder-20&linkCode=osi&th=1&psc=1"><img src="https://m.media-amazon.com/images/I/41lSsx2pjSL._SL500_.jpg" alt="Product Image"></a><p>Amazon Grocery, Sweet Peas, 15 Oz (Previously Amazon Fresh, Packaging May Vary)</p><p> -56% 0FF </p><p>$0.71 ($0.05 / Ounce)</p><a href="https://www.amazon.com/dp/B0BZJNJTYV?tag=eloabder-20&linkCode=osi&th=1&psc=1">View Product</a></div><div class="product"><a href="https://www.amazon.com/dp/B078T19Y9X?tag=eloabder-20&linkCode=osi&th=1&psc=1"><img src="https://m.media-amazon.com/images/I/51z+piSY1JL._SL500_.jpg" alt="Product Image"></a><p>DEL MONTE Sweet Peas Canned Vegetables, 12 Pack, 15 oz Can</p><p> -36% 0FF </p><p>$10.08 ($0.06 / Ounce)</p><a href="https://www.amazon.com/dp/B078T19Y9X?tag=eloabder-20&linkCode=osi&th=1&psc=1">View Product</a></div>
<div class="product"><a href="https://www.amazon.com/dp/B00GDVBHU2?tag=eloabder-20&linkCode=osi&th=1&psc=1"><img src="https://m.media-amazon.com/images/I/51BjG0g4q5L._SL500_.jpg" alt="Product Image"></a><p>Blue Diamond Almonds, Raw Whole Natural, 16 Ounce</p><p> -12% 0FF </p><p>$5.99 ($0.37 / Ounce)</p><a href="https://www.amazon.com/dp/B00GDVBHU2?tag=eloabder-20&linkCode=osi&th=1&psc=1">View Product</a></div>

<div class="product"><a href="https://www.amazon.com/dp/B07W1WKDSC?tag=eloabder-20&linkCode=osi&th=1&psc=1"><img src="https://m.media-amazon.com/images/I/31nTopuj99L._SL500_.jpg" alt="Product Image"></a><p>Amazon Grocery, Basil Leaves, 0.95 Oz (Previously Happy Belly, Packaging May Vary)</p><p> -17% 0FF </p><p>$1.59 ($1.67 / Ounce)</p><a href="https://www.amazon.com/dp/B07W1WKDSC?tag=eloabder-20&linkCode=osi&th=1&psc=1">View Product</a></div>

<div class="product"><a href="https://www.amazon.com/dp/B07VXL2JRG?tag=eloabder-20&linkCode=osi&th=1&psc=1"><img src="https://m.media-amazon.com/images/I/31ou5P5dqeL._SL500_.jpg" alt="Product Image"></a><p>Amazon Grocery, Ground Cumin, 2.6 Oz (Previously Happy Belly, Packaging May Vary)</p><p> -17% 0FF </p><p>$1.16 ($0.45 / Ounce)</p><a href="https://www.amazon.com/dp/B07VXL2JRG?tag=eloabder-20&linkCode=osi&th=1&psc=1">View Product</a></div>

<div class="product"><a href="https://www.amazon.com/dp/B07P8M5ZT1?tag=eloabder-20&linkCode=osi&th=1&psc=1"><img src="https://m.media-amazon.com/images/I/31+0qVbfagL._SL500_.jpg" alt="Product Image"></a><p>Amazon Grocery, Olive Oil, Medium Flavor, 16.9 Fl Oz (Previously Amazon Fresh, Packaging May Vary)</p><p> -17% 0FF </p><p>$4.50 ($0.27 / Ounce)</p><a href="https://www.amazon.com/dp/B07P8M5ZT1?tag=eloabder-20&linkCode=osi&th=1&psc=1">View Product</a></div>
<div class="product"><a href="https://www.amazon.com/dp/B00IY5HREA?tag=eloabder-20&linkCode=osi&th=1&psc=1"><img src="https://m.media-amazon.com/images/I/31n5MDrL-QL._SL500_.jpg" alt="Product Image"></a><p>Colavita Balsamic Vinegar of Modena, 17 Ounce Bottle</p><p> -9% 0FF </p><p>$4.22 ($0.25 / Fl Oz)</p><a href="https://www.amazon.com/dp/B00IY5HREA?tag=eloabder-20&linkCode=osi&th=1&psc=1">View Product</a></div><div class="product"><a href="https://www.amazon.com/dp/B0FHNXDWYB?tag=eloabder-20&linkCode=osi&th=1&psc=1"><img src="https://m.media-amazon.com/images/I/41AJ0vvzsSL._SL500_.jpg" alt="Product Image"></a><p>Paolo Natural Orange Balsamic Vinegar, Artisan Crafted, 36-Month Oak Barrel Aged, Sweet & Sour Flavor for Salad Dressings, Pasta, Desserts, Glass Bottle, 5.40 fl oz (160ml)</p><p> -9% 0FF </p><p>$29.99 ($5.55 / Fl Oz)</p><a href="https://www.amazon.com/dp/B0FHNXDWYB?tag=eloabder-20&linkCode=osi&th=1&psc=1">View Product</a></div>
<div class="product"><a href="https://www.amazon.com/dp/B0B46R31XD?tag=eloabder-20&linkCode=osi&th=1&psc=1"><img src="https://m.media-amazon.com/images/I/5176SDI1iyL._SL500_.jpg" alt="Product Image"></a><p>Contadina Canned Tomato Sauce, 15 oz (Pack of 4 Cans)</p><p> -8% 0FF </p><p>$3.98 ($0.07 / Ounce)</p><a href="https://www.amazon.com/dp/B0B46R31XD?tag=eloabder-20&linkCode=osi&th=1&psc=1">View Product</a></div>


<div class="product"><a href="https://www.amazon.com/dp/B07179XBP9?tag=eloabder-20&linkCode=osi&th=1&psc=1"><img src="https://m.media-amazon.com/images/I/61vs7ucqGKL._SL500_.jpg" alt="Product Image"></a><p>Lay's Potato Chips, 4 Flavor Variety Pack, 1 oz Single Serve Bags, (40 Pack)</p><p> -19% 0FF </p><p>$13.19 ($0.33 / Count)</p><a href="https://www.amazon.com/dp/B07179XBP9?tag=eloabder-20&linkCode=osi&th=1&psc=1">View Product</a></div><div class="product"><a href="https://www.amazon.com/dp/B07X1KPLNQ?tag=eloabder-20&linkCode=osi&th=1&psc=1"><img src="https://m.media-amazon.com/images/I/41grpp95ftL._SL500_.jpg" alt="Product Image"></a><p>Amazon Fresh, Wavy Potato Chips, 11 Oz (Previously Happy Belly, Packaging May Vary)</p><p> -12% 0FF </p><p>$2.67 ($0.24 / Ounce)</p><a href="https://www.amazon.com/dp/B07X1KPLNQ?tag=eloabder-20&linkCode=osi&th=1&psc=1">View Product</a></div>


<div class="product"><a href="https://www.amazon.com/dp/B09NPB2DNT?tag=eloabder-20&linkCode=osi&th=1&psc=1"><img src="https://m.media-amazon.com/images/I/41EB1IsYvHL._SL500_.jpg" alt="Product Image"></a><p>M&M'S, SNICKERS & MILKY WAY Fun Size Chocolate Candy Variety Pack, Assorted Chocolate Candy Variety Pack for Halloween, Party Size, 19.2 Oz Bulk Bag</p><p> -6% 0FF </p><p>$8.99 ($0.47 / Ounce)</p><a href="https://www.amazon.com/dp/B09NPB2DNT?tag=eloabder-20&linkCode=osi&th=1&psc=1">View Product</a></div><div class="product"><a href="https://www.amazon.com/dp/B0DVM7JWP6?tag=eloabder-20&linkCode=osi&th=1&psc=1"><img src="https://m.media-amazon.com/images/I/51Lc-U8ExNL._SL500_.jpg" alt="Product Image"></a><p>Butterfinger, CRUNCH, Baby Ruth, 100 Grand Mini and Fun Size Assorted Candy Bars, Bulk 80 Count Pack, 32.1 oz</p><p> -20% 0FF </p><p>$11.19</p><a href="https://www.amazon.com/dp/B0DVM7JWP6?tag=eloabder-20&linkCode=osi&th=1&psc=1">View Product</a></div><div class="product"><a href="https://www.amazon.com/dp/B09NMX9CGB?tag=eloabder-20&linkCode=osi&th=1&psc=1"><img src="https://m.media-amazon.com/images/I/51donixesTL._SL500_.jpg" alt="Product Image"></a><p>Butterfinger, CRUNCH, Baby Ruth, 100 Grand Fun Size Assorted Candy Bars, Great for Sharing, Bulk 60 Count Pack, 37.2 oz</p><p> -20% 0FF </p><p>$11.79 ($0.32 / Ounce)</p><a href="https://www.amazon.com/dp/B09NMX9CGB?tag=eloabder-20&linkCode=osi&th=1&psc=1">View Product</a></div>




<div class="product"><a href="https://www.amazon.com/dp/B01B8V7ACA?tag=eloabder-20&linkCode=osi&th=1&psc=1"><img src="https://m.media-amazon.com/images/I/41vAit7Po9L._SL500_.jpg" alt="Product Image"></a><p>EPIC Rendered Duck Fat, Keto and Paleo Friendly, Whole30 Approved, Gluten Free, 11 oz Jar</p><p> -15% 0FF </p><p>$14.99 ($1.36 / Ounce)</p><a href="https://www.amazon.com/dp/B01B8V7ACA?tag=eloabder-20&linkCode=osi&th=1&psc=1">View Product</a></div>








<div class="product"><a href="https://www.amazon.com/dp/B0025W9A5C?tag=eloabder-20&linkCode=osi&th=1&psc=1"><img src="https://m.media-amazon.com/images/I/51Oz8SNo83L._SL500_.jpg" alt="Product Image"></a><p>Nature Valley Crunchy Oats 'n Honey Granola Bars, 60 Bars, 44.7 OZ (30 Pouches)</p><p> -33% 0FF </p><p>$7.49 ($0.17 / Ounce)</p><a href="https://www.amazon.com/dp/B0025W9A5C?tag=eloabder-20&linkCode=osi&th=1&psc=1">View Product</a></div><div class="product"><a href="https://www.amazon.com/dp/B01MRZZ3KC?tag=eloabder-20&linkCode=osi&th=1&psc=1"><img src="https://m.media-amazon.com/images/I/512IgtvlLyL._SL500_.jpg" alt="Product Image"></a><p>Quaker Chewy Granola Bars, Chocolate Chip, 58 Count - Packaging May Vary</p><p> -9% 0FF </p><p>$11.19 ($0.23 / Ounce)</p><a href="https://www.amazon.com/dp/B01MRZZ3KC?tag=eloabder-20&linkCode=osi&th=1&psc=1">View Product</a></div><div class="product"><a href="https://www.amazon.com/dp/B00GHPC47O?tag=eloabder-20&linkCode=osi&th=1&psc=1"><img src="https://m.media-amazon.com/images/I/51YsdKn53VS._SL500_.jpg" alt="Product Image"></a><p>Quaker Chewy Granola Bars, Variety Pack, 18 Count</p><p> -20% 0FF </p><p>$3.97 ($0.26 / Ounce)</p><a href="https://www.amazon.com/dp/B00GHPC47O?tag=eloabder-20&linkCode=osi&th=1&psc=1">View Product</a></div><div class="product"><a href="https://www.amazon.com/dp/B0D9R1BMJR?tag=eloabder-20&linkCode=osi&th=1&psc=1"><img src="https://m.media-amazon.com/images/I/51ksmfNpCJL._SL500_.jpg" alt="Product Image"></a><p>Quaker Chewy Granola Bars, Chewy & Dipps Variety Pack, (58 Bars), Whole Grains, No Artificial Flavors, No Added Colors</p><p> -31% 0FF </p><p>$11.87 ($0.22 / Ounce)</p><a href="https://www.amazon.com/dp/B0D9R1BMJR?tag=eloabder-20&linkCode=osi&th=1&psc=1">View Product</a></div><div class="product"><a href="https://www.amazon.com/dp/B077KYKYKN?tag=eloabder-20&linkCode=osi&th=1&psc=1"><img src="https://m.media-amazon.com/images/I/51qz85lOK2S._SL500_.jpg" alt="Product Image"></a><p>Quaker Chewy Lower Sugar Granola Bars, Chocolate Chip, 58 Count</p><p> -35% 0FF </p><p>$11.19 ($0.23 / Ounce)</p><a href="https://www.amazon.com/dp/B077KYKYKN?tag=eloabder-20&linkCode=osi&th=1&psc=1">View Product</a></div>
<div class="product"><a href="https://www.amazon.com/dp/B07VVGKHLH?tag=eloabder-20&linkCode=osi&th=1&psc=1"><img src="https://m.media-amazon.com/images/I/31hbAFlUK6L._SL500_.jpg" alt="Product Image"></a><p>Amazon Grocery, Garlic Powder, 3.9 Oz (Previously Happy Belly, Packaging May Vary)</p><p> -17% 0FF </p><p>$1.30 ($0.33 / Ounce)</p><a href="https://www.amazon.com/dp/B07VVGKHLH?tag=eloabder-20&linkCode=osi&th=1&psc=1">View Product</a></div>
<div class="product"><a href="https://www.amazon.com/dp/B000WHSD5A?tag=eloabder-20&linkCode=osi&th=1&psc=1"><img src="https://m.media-amazon.com/images/I/41QwGSr0+IL._SL500_.jpg" alt="Product Image"></a><p>Heinz Tomato Ketchup, 20 oz Bottle</p><p> -36% 0FF </p><p>$2.23 ($0.11 / Ounce)</p><a href="https://www.amazon.com/dp/B000WHSD5A?tag=eloabder-20&linkCode=osi&th=1&psc=1">View Product</a></div><div class="product"><a href="https://www.amazon.com/dp/B0005YKO8E?tag=eloabder-20&linkCode=osi&th=1&psc=1"><img src="https://m.media-amazon.com/images/I/41AFhgJ5V7L._SL500_.jpg" alt="Product Image"></a><p>Heinz Tomato Ketchup, 14 oz Bottle</p><p> -36% 0FF </p><p>$1.56 ($0.11 / Ounce)</p><a href="https://www.amazon.com/dp/B0005YKO8E?tag=eloabder-20&linkCode=osi&th=1&psc=1">View Product</a></div><div class="product"><a href="https://www.amazon.com/dp/B01B2OVUAG?tag=eloabder-20&linkCode=osi&th=1&psc=1"><img src="https://m.media-amazon.com/images/I/41gaLzbBsDL._SL500_.jpg" alt="Product Image"></a><p>Heinz Organic Tomato Ketchup, 32 oz Bottle</p><p> -47% 0FF </p><p>$3.67 ($0.11 / Ounce)</p><a href="https://www.amazon.com/dp/B01B2OVUAG?tag=eloabder-20&linkCode=osi&th=1&psc=1">View Product</a></div>
<div class="product"><a href="https://www.amazon.com/dp/B015UBV4N0?tag=eloabder-20&linkCode=osi&th=1&psc=1"><img src="https://m.media-amazon.com/images/I/51NRndhNwoL._SL500_.jpg" alt="Product Image"></a><p>Crofters Organic Premium Spread, Strawberry, 16.5 oz</p><p> -20% 0FF </p><p>$4.96 ($0.30 / oz)</p><a href="https://www.amazon.com/dp/B015UBV4N0?tag=eloabder-20&linkCode=osi&th=1&psc=1">View Product</a></div>
<div class="product"><a href="https://www.amazon.com/dp/B097RW44HZ?tag=eloabder-20&linkCode=osi&th=1&psc=1"><img src="https://m.media-amazon.com/images/I/51OhVkU8+PL._SL500_.jpg" alt="Product Image"></a><p>Apexy Jelly Fruit Candy – Assorted Fruit Flavors, Halloween Treat Juicy Chewy Gel Snacks, Kids & Adults Party Favors, Fun Treats for Goodie Bags & Events 46.9oz (1330g)</p><p> -7% 0FF </p><p>$12.99 ($0.28 / Ounce)</p><a href="https://www.amazon.com/dp/B097RW44HZ?tag=eloabder-20&linkCode=osi&th=1&psc=1">View Product</a></div><div class="product"><a href="https://www.amazon.com/dp/B00099XN56?tag=eloabder-20&linkCode=osi&th=1&psc=1"><img src="https://m.media-amazon.com/images/I/41twfbi883L._SL500_.jpg" alt="Product Image"></a><p>Smucker's Jelly, Mixed Fruit, 12 oz (340 g)</p><p> -11% 0FF </p><p>$9.94 ($0.83 / Ounce)</p><a href="https://www.amazon.com/dp/B00099XN56?tag=eloabder-20&linkCode=osi&th=1&psc=1">View Product</a></div>
<div class="product"><a href="https://www.amazon.com/dp/B0005Z6ZK4?tag=eloabder-20&linkCode=osi&th=1&psc=1"><img src="https://m.media-amazon.com/images/I/31dtADxAZbL._SL500_.jpg" alt="Product Image"></a><p>Nutella Hazelnut Spread with Cocoa, Creamy Hazelnut Spread, Breakfast Favorite, 13 oz Jar</p><p> -30% 0FF </p><p>$3.48 ($0.27 / Ounce)</p><a href="https://www.amazon.com/dp/B0005Z6ZK4?tag=eloabder-20&linkCode=osi&th=1&psc=1">View Product</a></div><div class="product"><a href="https://www.amazon.com/dp/B09PN9S9D4?tag=eloabder-20&linkCode=osi&th=1&psc=1"><img src="https://m.media-amazon.com/images/I/41VpA06vqaL._SL500_.jpg" alt="Product Image"></a><p>Amazon Grocery, Hazelnut Spread With Cocoa, 26.5 Oz (Previously Amazon Fresh, Packaging May Vary)</p><p> -17% 0FF </p><p>$4.12 ($0.16 / Ounce)</p><a href="https://www.amazon.com/dp/B09PN9S9D4?tag=eloabder-20&linkCode=osi&th=1&psc=1">View Product</a></div>
<div class="product"><a href="https://www.amazon.com/dp/B0052BFNLS?tag=eloabder-20&linkCode=osi&th=1&psc=1"><img src="https://m.media-amazon.com/images/I/31Tfk-0-ybL._SL500_.jpg" alt="Product Image"></a><p>Pompeian Gourmet Red Wine Vinegar, Naturally Gluten-Free, 30 Fl Oz</p><p> -5% 0FF </p><p>$5.33 ($0.18 / Fl Oz)</p><a href="https://www.amazon.com/dp/B0052BFNLS?tag=eloabder-20&linkCode=osi&th=1&psc=1">View Product</a></div><div class="product"><a href="https://www.amazon.com/dp/B005AYB38O?tag=eloabder-20&linkCode=osi&th=1&psc=1"><img src="https://m.media-amazon.com/images/I/31tJRcbnsfL._SL500_.jpg" alt="Product Image"></a><p>Napa Valley Naturals Organic Red Wine Vinegar, 12.7 Ounces</p><p> -51% 0FF </p><p>$5.50 ($0.43 / Ounce)</p><a href="https://www.amazon.com/dp/B005AYB38O?tag=eloabder-20&linkCode=osi&th=1&psc=1">View Product</a></div><div class="product"><a href="https://www.amazon.com/dp/B00H1CJG00?tag=eloabder-20&linkCode=osi&th=1&psc=1"><img src="https://m.media-amazon.com/images/I/31pl1n1OONL._SL500_.jpg" alt="Product Image"></a><p>Colavita Wine Vinegar - Red Wine Vinegar, 17 Fl Oz</p><p> -21% 0FF </p><p>$9.51 ($0.56 / Fl Oz)</p><a href="https://www.amazon.com/dp/B00H1CJG00?tag=eloabder-20&linkCode=osi&th=1&psc=1">View Product</a></div>









<div class="product"><a href="https://www.amazon.com/dp/B074H5ZHFH?tag=eloabder-20&linkCode=osi&th=1&psc=1"><img src="https://m.media-amazon.com/images/I/410ymBds87L._SL500_.jpg" alt="Product Image"></a><p>365 by Whole Foods Market, Organic Penne Rigate, 16 Ounce</p><p> -10% 0FF </p><p>$1.97 ($0.12 / Ounce)</p><a href="https://www.amazon.com/dp/B074H5ZHFH?tag=eloabder-20&linkCode=osi&th=1&psc=1">View Product</a></div><div class="product"><a href="https://www.amazon.com/dp/B007MNYZ2M?tag=eloabder-20&linkCode=osi&th=1&psc=1"><img src="https://m.media-amazon.com/images/I/41dAZBCU7kS._SL500_.jpg" alt="Product Image"></a><p>Rummo Italian Pasta Penne Rigate No. 66, Always Al Dente (1lb Package)</p><p> -32% 0FF </p><p>$7.12 ($0.44 / Ounce)</p><a href="https://www.amazon.com/dp/B007MNYZ2M?tag=eloabder-20&linkCode=osi&th=1&psc=1">View Product</a></div><div class="product"><a href="https://www.amazon.com/dp/B07NSRQYNP?tag=eloabder-20&linkCode=osi&th=1&psc=1"><img src="https://m.media-amazon.com/images/I/413HwweC7iL._SL500_.jpg" alt="Product Image"></a><p>Rao's Homemade Penne Pasta, 16oz, Traditionally Crafted, Premium Quality, From Durum Semolina Flour, Traditional Bronze Die Cut, Imported from Italy</p><p> -24% 0FF </p><p>$2.18 ($0.14 / Fl Oz)</p><a href="https://www.amazon.com/dp/B07NSRQYNP?tag=eloabder-20&linkCode=osi&th=1&psc=1">View Product</a></div>
<div class="product"><a href="https://www.amazon.com/dp/B00112UBOG?tag=eloabder-20&linkCode=osi&th=1&psc=1"><img src="https://m.media-amazon.com/images/I/51coh9-N5gL._SL500_.jpg" alt="Product Image"></a><p>RiceSelect Arborio Rice for Italian Risotto, Premium Gluten-Free Rice, Non-GMO, 32-Ounce Jar, (Pack of 1)</p><p> -21% 0FF </p><p>$5.99 ($0.19 / Ounces)</p><a href="https://www.amazon.com/dp/B00112UBOG?tag=eloabder-20&linkCode=osi&th=1&psc=1">View Product</a></div>


<div class="product"><a href="https://www.amazon.com/dp/B0BZB9D92K?tag=eloabder-20&linkCode=osi&th=1&psc=1"><img src="https://m.media-amazon.com/images/I/41q74mciXOL._SL500_.jpg" alt="Product Image"></a><p>Amazon Grocery, Canned Pinto Beans, 15.5 Oz (Previously Amazon Fresh, Packaging May Vary)</p><p> -34% 0FF </p><p>$0.55 ($0.04 / Ounce)</p><a href="https://www.amazon.com/dp/B0BZB9D92K?tag=eloabder-20&linkCode=osi&th=1&psc=1">View Product</a></div>
<div class="product"><a href="https://www.amazon.com/dp/B0BZJNJTYV?tag=eloabder-20&linkCode=osi&th=1&psc=1"><img src="https://m.media-amazon.com/images/I/41lSsx2pjSL._SL500_.jpg" alt="Product Image"></a><p>Amazon Grocery, Sweet Peas, 15 Oz (Previously Amazon Fresh, Packaging May Vary)</p><p> -56% 0FF </p><p>$0.71 ($0.05 / Ounce)</p><a href="https://www.amazon.com/dp/B0BZJNJTYV?tag=eloabder-20&linkCode=osi&th=1&psc=1">View Product</a></div><div class="product"><a href="https://www.amazon.com/dp/B078T19Y9X?tag=eloabder-20&linkCode=osi&th=1&psc=1"><img src="https://m.media-amazon.com/images/I/51z+piSY1JL._SL500_.jpg" alt="Product Image"></a><p>DEL MONTE Sweet Peas Canned Vegetables, 12 Pack, 15 oz Can</p><p> -36% 0FF </p><p>$10.08 ($0.06 / Ounce)</p><a href="https://www.amazon.com/dp/B078T19Y9X?tag=eloabder-20&linkCode=osi&th=1&psc=1">View Product</a></div>
<div class="product"><a href="https://www.amazon.com/dp/B00GDVBHU2?tag=eloabder-20&linkCode=osi&th=1&psc=1"><img src="https://m.media-amazon.com/images/I/51BjG0g4q5L._SL500_.jpg" alt="Product Image"></a><p>Blue Diamond Almonds, Raw Whole Natural, 16 Ounce</p><p> -12% 0FF </p><p>$5.99 ($0.37 / Ounce)</p><a href="https://www.amazon.com/dp/B00GDVBHU2?tag=eloabder-20&linkCode=osi&th=1&psc=1">View Product</a></div>

<div class="product"><a href="https://www.amazon.com/dp/B07W1WKDSC?tag=eloabder-20&linkCode=osi&th=1&psc=1"><img src="https://m.media-amazon.com/images/I/31nTopuj99L._SL500_.jpg" alt="Product Image"></a><p>Amazon Grocery, Basil Leaves, 0.95 Oz (Previously Happy Belly, Packaging May Vary)</p><p> -17% 0FF </p><p>$1.59 ($1.67 / Ounce)</p><a href="https://www.amazon.com/dp/B07W1WKDSC?tag=eloabder-20&linkCode=osi&th=1&psc=1">View Product</a></div>

<div class="product"><a href="https://www.amazon.com/dp/B07VXL2JRG?tag=eloabder-20&linkCode=osi&th=1&psc=1"><img src="https://m.media-amazon.com/images/I/31ou5P5dqeL._SL500_.jpg" alt="Product Image"></a><p>Amazon Grocery, Ground Cumin, 2.6 Oz (Previously Happy Belly, Packaging May Vary)</p><p> -17% 0FF </p><p>$1.16 ($0.45 / Ounce)</p><a href="https://www.amazon.com/dp/B07VXL2JRG?tag=eloabder-20&linkCode=osi&th=1&psc=1">View Product</a></div>

<div class="product"><a href="https://www.amazon.com/dp/B07P8M5ZT1?tag=eloabder-20&linkCode=osi&th=1&psc=1"><img src="https://m.media-amazon.com/images/I/31+0qVbfagL._SL500_.jpg" alt="Product Image"></a><p>Amazon Grocery, Olive Oil, Medium Flavor, 16.9 Fl Oz (Previously Amazon Fresh, Packaging May Vary)</p><p> -17% 0FF </p><p>$4.50 ($0.27 / Ounce)</p><a href="https://www.amazon.com/dp/B07P8M5ZT1?tag=eloabder-20&linkCode=osi&th=1&psc=1">View Product</a></div>
<div class="product"><a href="https://www.amazon.com/dp/B00IY5HREA?tag=eloabder-20&linkCode=osi&th=1&psc=1"><img src="https://m.media-amazon.com/images/I/31n5MDrL-QL._SL500_.jpg" alt="Product Image"></a><p>Colavita Balsamic Vinegar of Modena, 17 Ounce Bottle</p><p> -9% 0FF </p><p>$4.22 ($0.25 / Fl Oz)</p><a href="https://www.amazon.com/dp/B00IY5HREA?tag=eloabder-20&linkCode=osi&th=1&psc=1">View Product</a></div><div class="product"><a href="https://www.amazon.com/dp/B0FHNXDWYB?tag=eloabder-20&linkCode=osi&th=1&psc=1"><img src="https://m.media-amazon.com/images/I/41AJ0vvzsSL._SL500_.jpg" alt="Product Image"></a><p>Paolo Natural Orange Balsamic Vinegar, Artisan Crafted, 36-Month Oak Barrel Aged, Sweet & Sour Flavor for Salad Dressings, Pasta, Desserts, Glass Bottle, 5.40 fl oz (160ml)</p><p> -9% 0FF </p><p>$29.99 ($5.55 / Fl Oz)</p><a href="https://www.amazon.com/dp/B0FHNXDWYB?tag=eloabder-20&linkCode=osi&th=1&psc=1">View Product</a></div>
<div class="product"><a href="https://www.amazon.com/dp/B0B46R31XD?tag=eloabder-20&linkCode=osi&th=1&psc=1"><img src="https://m.media-amazon.com/images/I/5176SDI1iyL._SL500_.jpg" alt="Product Image"></a><p>Contadina Canned Tomato Sauce, 15 oz (Pack of 4 Cans)</p><p> -8% 0FF </p><p>$3.98 ($0.07 / Ounce)</p><a href="https://www.amazon.com/dp/B0B46R31XD?tag=eloabder-20&linkCode=osi&th=1&psc=1">View Product</a></div>


<div class="product"><a href="https://www.amazon.com/dp/B07179XBP9?tag=eloabder-20&linkCode=osi&th=1&psc=1"><img src="https://m.media-amazon.com/images/I/61vs7ucqGKL._SL500_.jpg" alt="Product Image"></a><p>Lay's Potato Chips, 4 Flavor Variety Pack, 1 oz Single Serve Bags, (40 Pack)</p><p> -19% 0FF </p><p>$13.19 ($0.33 / Count)</p><a href="https://www.amazon.com/dp/B07179XBP9?tag=eloabder-20&linkCode=osi&th=1&psc=1">View Product</a></div><div class="product"><a href="https://www.amazon.com/dp/B07X1KPLNQ?tag=eloabder-20&linkCode=osi&th=1&psc=1"><img src="https://m.media-amazon.com/images/I/41grpp95ftL._SL500_.jpg" alt="Product Image"></a><p>Amazon Fresh, Wavy Potato Chips, 11 Oz (Previously Happy Belly, Packaging May Vary)</p><p> -12% 0FF </p><p>$2.67 ($0.24 / Ounce)</p><a href="https://www.amazon.com/dp/B07X1KPLNQ?tag=eloabder-20&linkCode=osi&th=1&psc=1">View Product</a></div>


<div class="product"><a href="https://www.amazon.com/dp/B09NPB2DNT?tag=eloabder-20&linkCode=osi&th=1&psc=1"><img src="https://m.media-amazon.com/images/I/41EB1IsYvHL._SL500_.jpg" alt="Product Image"></a><p>M&M'S, SNICKERS & MILKY WAY Fun Size Chocolate Candy Variety Pack, Assorted Chocolate Candy Variety Pack for Halloween, Party Size, 19.2 Oz Bulk Bag</p><p> -6% 0FF </p><p>$8.99 ($0.47 / Ounce)</p><a href="https://www.amazon.com/dp/B09NPB2DNT?tag=eloabder-20&linkCode=osi&th=1&psc=1">View Product</a></div><div class="product"><a href="https://www.amazon.com/dp/B0DVM7JWP6?tag=eloabder-20&linkCode=osi&th=1&psc=1"><img src="https://m.media-amazon.com/images/I/51Lc-U8ExNL._SL500_.jpg" alt="Product Image"></a><p>Butterfinger, CRUNCH, Baby Ruth, 100 Grand Mini and Fun Size Assorted Candy Bars, Bulk 80 Count Pack, 32.1 oz</p><p> -20% 0FF </p><p>$11.19</p><a href="https://www.amazon.com/dp/B0DVM7JWP6?tag=eloabder-20&linkCode=osi&th=1&psc=1">View Product</a></div><div class="product"><a href="https://www.amazon.com/dp/B09NMX9CGB?tag=eloabder-20&linkCode=osi&th=1&psc=1"><img src="https://m.media-amazon.com/images/I/51donixesTL._SL500_.jpg" alt="Product Image"></a><p>Butterfinger, CRUNCH, Baby Ruth, 100 Grand Fun Size Assorted Candy Bars, Great for Sharing, Bulk 60 Count Pack, 37.2 oz</p><p> -20% 0FF </p><p>$11.79 ($0.32 / Ounce)</p><a href="https://www.amazon.com/dp/B09NMX9CGB?tag=eloabder-20&linkCode=osi&th=1&psc=1">View Product</a></div>




<div class="product"><a href="https://www.amazon.com/dp/B01B8V7ACA?tag=eloabder-20&linkCode=osi&th=1&psc=1"><img src="https://m.media-amazon.com/images/I/41vAit7Po9L._SL500_.jpg" alt="Product Image"></a><p>EPIC Rendered Duck Fat, Keto and Paleo Friendly, Whole30 Approved, Gluten Free, 11 oz Jar</p><p> -15% 0FF </p><p>$14.99 ($1.36 / Ounce)</p><a href="https://www.amazon.com/dp/B01B8V7ACA?tag=eloabder-20&linkCode=osi&th=1&psc=1">View Product</a></div>







<div class="product"><a href="https://www.amazon.com/dp/B006SMJTII?tag=eloabder-20&linkCode=osi&th=1&psc=1"><img src="https://m.media-amazon.com/images/I/51of6XbR9+L._SL500_.jpg" alt="Product Image"></a><p>Seawatch Chopped Sea Clams Ready to Use 51oz.Can</p><p> -10% 0FF </p><p>$22.99 ($0.45 / Ounce)</p><a href="https://www.amazon.com/dp/B006SMJTII?tag=eloabder-20&linkCode=osi&th=1&psc=1">View Product</a></div><div class="product"><a href="https://www.amazon.com/dp/B000LLIY5G?tag=eloabder-20&linkCode=osi&th=1&psc=1"><img src="https://m.media-amazon.com/images/I/514NKBSRlDL._SL500_.jpg" alt="Product Image"></a><p>Pacific Pearl Fancy Whole Smoked Clams in Oil 3.75 oz (Pack of 12)</p><p> -33% 0FF </p><p>$22.20 ($0.49 / Ounce)</p><a href="https://www.amazon.com/dp/B000LLIY5G?tag=eloabder-20&linkCode=osi&th=1&psc=1">View Product</a></div><div class="product"><a href="https://www.amazon.com/dp/B0098J1Q5C?tag=eloabder-20&linkCode=osi&th=1&psc=1"><img src="https://m.media-amazon.com/images/I/319Er+O-xCL._SL500_.jpg" alt="Product Image"></a><p>Bar Harbor Clam Juice, 8 Fl Oz</p><p> -6% 0FF </p><p>$9.07 ($1.13 / Ounce)</p><a href="https://www.amazon.com/dp/B0098J1Q5C?tag=eloabder-20&linkCode=osi&th=1&psc=1">View Product</a></div>

<div class="product"><a href="https://www.amazon.com/dp/B0025W9A5C?tag=eloabder-20&linkCode=osi&th=1&psc=1"><img src="https://m.media-amazon.com/images/I/51Oz8SNo83L._SL500_.jpg" alt="Product Image"></a><p>Nature Valley Crunchy Oats 'n Honey Granola Bars, 60 Bars, 44.7 OZ (30 Pouches)</p><p> -33% 0FF </p><p>$7.49 ($0.17 / Ounce)</p><a href="https://www.amazon.com/dp/B0025W9A5C?tag=eloabder-20&linkCode=osi&th=1&psc=1">View Product</a></div><div class="product"><a href="https://www.amazon.com/dp/B01MRZZ3KC?tag=eloabder-20&linkCode=osi&th=1&psc=1"><img src="https://m.media-amazon.com/images/I/512IgtvlLyL._SL500_.jpg" alt="Product Image"></a><p>Quaker Chewy Granola Bars, Chocolate Chip, 58 Count - Packaging May Vary</p><p> -9% 0FF </p><p>$11.19 ($0.23 / Ounce)</p><a href="https://www.amazon.com/dp/B01MRZZ3KC?tag=eloabder-20&linkCode=osi&th=1&psc=1">View Product</a></div><div class="product"><a href="https://www.amazon.com/dp/B00GHPC47O?tag=eloabder-20&linkCode=osi&th=1&psc=1"><img src="https://m.media-amazon.com/images/I/51YsdKn53VS._SL500_.jpg" alt="Product Image"></a><p>Quaker Chewy Granola Bars, Variety Pack, 18 Count</p><p> -20% 0FF </p><p>$3.97 ($0.26 / Ounce)</p><a href="https://www.amazon.com/dp/B00GHPC47O?tag=eloabder-20&linkCode=osi&th=1&psc=1">View Product</a></div><div class="product"><a href="https://www.amazon.com/dp/B0D9R1BMJR?tag=eloabder-20&linkCode=osi&th=1&psc=1"><img src="https://m.media-amazon.com/images/I/51ksmfNpCJL._SL500_.jpg" alt="Product Image"></a><p>Quaker Chewy Granola Bars, Chewy & Dipps Variety Pack, (58 Bars), Whole Grains, No Artificial Flavors, No Added Colors</p><p> -31% 0FF </p><p>$11.87 ($0.22 / Ounce)</p><a href="https://www.amazon.com/dp/B0D9R1BMJR?tag=eloabder-20&linkCode=osi&th=1&psc=1">View Product</a></div><div class="product"><a href="https://www.amazon.com/dp/B077KYKYKN?tag=eloabder-20&linkCode=osi&th=1&psc=1"><img src="https://m.media-amazon.com/images/I/51qz85lOK2S._SL500_.jpg" alt="Product Image"></a><p>Quaker Chewy Lower Sugar Granola Bars, Chocolate Chip, 58 Count</p><p> -35% 0FF </p><p>$11.19 ($0.23 / Ounce)</p><a href="https://www.amazon.com/dp/B077KYKYKN?tag=eloabder-20&linkCode=osi&th=1&psc=1">View Product</a></div>
<div class="product"><a href="https://www.amazon.com/dp/B07VVGKHLH?tag=eloabder-20&linkCode=osi&th=1&psc=1"><img src="https://m.media-amazon.com/images/I/31hbAFlUK6L._SL500_.jpg" alt="Product Image"></a><p>Amazon Grocery, Garlic Powder, 3.9 Oz (Previously Happy Belly, Packaging May Vary)</p><p> -17% 0FF </p><p>$1.30 ($0.33 / Ounce)</p><a href="https://www.amazon.com/dp/B07VVGKHLH?tag=eloabder-20&linkCode=osi&th=1&psc=1">View Product</a></div>
<div class="product"><a href="https://www.amazon.com/dp/B000WHSD5A?tag=eloabder-20&linkCode=osi&th=1&psc=1"><img src="https://m.media-amazon.com/images/I/41QwGSr0+IL._SL500_.jpg" alt="Product Image"></a><p>Heinz Tomato Ketchup, 20 oz Bottle</p><p> -36% 0FF </p><p>$2.23 ($0.11 / Ounce)</p><a href="https://www.amazon.com/dp/B000WHSD5A?tag=eloabder-20&linkCode=osi&th=1&psc=1">View Product</a></div><div class="product"><a href="https://www.amazon.com/dp/B0005YKO8E?tag=eloabder-20&linkCode=osi&th=1&psc=1"><img src="https://m.media-amazon.com/images/I/41AFhgJ5V7L._SL500_.jpg" alt="Product Image"></a><p>Heinz Tomato Ketchup, 14 oz Bottle</p><p> -36% 0FF </p><p>$1.56 ($0.11 / Ounce)</p><a href="https://www.amazon.com/dp/B0005YKO8E?tag=eloabder-20&linkCode=osi&th=1&psc=1">View Product</a></div><div class="product"><a href="https://www.amazon.com/dp/B01B2OVUAG?tag=eloabder-20&linkCode=osi&th=1&psc=1"><img src="https://m.media-amazon.com/images/I/41gaLzbBsDL._SL500_.jpg" alt="Product Image"></a><p>Heinz Organic Tomato Ketchup, 32 oz Bottle</p><p> -47% 0FF </p><p>$3.67 ($0.11 / Ounce)</p><a href="https://www.amazon.com/dp/B01B2OVUAG?tag=eloabder-20&linkCode=osi&th=1&psc=1">View Product</a></div>
<div class="product"><a href="https://www.amazon.com/dp/B015UBV4N0?tag=eloabder-20&linkCode=osi&th=1&psc=1"><img src="https://m.media-amazon.com/images/I/51NRndhNwoL._SL500_.jpg" alt="Product Image"></a><p>Crofters Organic Premium Spread, Strawberry, 16.5 oz</p><p> -20% 0FF </p><p>$4.96 ($0.30 / oz)</p><a href="https://www.amazon.com/dp/B015UBV4N0?tag=eloabder-20&linkCode=osi&th=1&psc=1">View Product</a></div>
<div class="product"><a href="https://www.amazon.com/dp/B097RW44HZ?tag=eloabder-20&linkCode=osi&th=1&psc=1"><img src="https://m.media-amazon.com/images/I/51OhVkU8+PL._SL500_.jpg" alt="Product Image"></a><p>Apexy Jelly Fruit Candy – Assorted Fruit Flavors, Halloween Treat Juicy Chewy Gel Snacks, Kids & Adults Party Favors, Fun Treats for Goodie Bags & Events 46.9oz (1330g)</p><p> -7% 0FF </p><p>$12.99 ($0.28 / Ounce)</p><a href="https://www.amazon.com/dp/B097RW44HZ?tag=eloabder-20&linkCode=osi&th=1&psc=1">View Product</a></div><div class="product"><a href="https://www.amazon.com/dp/B00099XN56?tag=eloabder-20&linkCode=osi&th=1&psc=1"><img src="https://m.media-amazon.com/images/I/41twfbi883L._SL500_.jpg" alt="Product Image"></a><p>Smucker's Jelly, Mixed Fruit, 12 oz (340 g)</p><p> -11% 0FF </p><p>$9.94 ($0.83 / Ounce)</p><a href="https://www.amazon.com/dp/B00099XN56?tag=eloabder-20&linkCode=osi&th=1&psc=1">View Product</a></div>
<div class="product"><a href="https://www.amazon.com/dp/B0005Z6ZK4?tag=eloabder-20&linkCode=osi&th=1&psc=1"><img src="https://m.media-amazon.com/images/I/31dtADxAZbL._SL500_.jpg" alt="Product Image"></a><p>Nutella Hazelnut Spread with Cocoa, Creamy Hazelnut Spread, Breakfast Favorite, 13 oz Jar</p><p> -30% 0FF </p><p>$3.48 ($0.27 / Ounce)</p><a href="https://www.amazon.com/dp/B0005Z6ZK4?tag=eloabder-20&linkCode=osi&th=1&psc=1">View Product</a></div><div class="product"><a href="https://www.amazon.com/dp/B09PN9S9D4?tag=eloabder-20&linkCode=osi&th=1&psc=1"><img src="https://m.media-amazon.com/images/I/41VpA06vqaL._SL500_.jpg" alt="Product Image"></a><p>Amazon Grocery, Hazelnut Spread With Cocoa, 26.5 Oz (Previously Amazon Fresh, Packaging May Vary)</p><p> -17% 0FF </p><p>$4.12 ($0.16 / Ounce)</p><a href="https://www.amazon.com/dp/B09PN9S9D4?tag=eloabder-20&linkCode=osi&th=1&psc=1">View Product</a></div>
<div class="product"><a href="https://www.amazon.com/dp/B0052BFNLS?tag=eloabder-20&linkCode=osi&th=1&psc=1"><img src="https://m.media-amazon.com/images/I/31Tfk-0-ybL._SL500_.jpg" alt="Product Image"></a><p>Pompeian Gourmet Red Wine Vinegar, Naturally Gluten-Free, 30 Fl Oz</p><p> -5% 0FF </p><p>$5.33 ($0.18 / Fl Oz)</p><a href="https://www.amazon.com/dp/B0052BFNLS?tag=eloabder-20&linkCode=osi&th=1&psc=1">View Product</a></div><div class="product"><a href="https://www.amazon.com/dp/B005AYB38O?tag=eloabder-20&linkCode=osi&th=1&psc=1"><img src="https://m.media-amazon.com/images/I/31tJRcbnsfL._SL500_.jpg" alt="Product Image"></a><p>Napa Valley Naturals Organic Red Wine Vinegar, 12.7 Ounces</p><p> -51% 0FF </p><p>$5.50 ($0.43 / Ounce)</p><a href="https://www.amazon.com/dp/B005AYB38O?tag=eloabder-20&linkCode=osi&th=1&psc=1">View Product</a></div><div class="product"><a href="https://www.amazon.com/dp/B00H1CJG00?tag=eloabder-20&linkCode=osi&th=1&psc=1"><img src="https://m.media-amazon.com/images/I/31pl1n1OONL._SL500_.jpg" alt="Product Image"></a><p>Colavita Wine Vinegar - Red Wine Vinegar, 17 Fl Oz</p><p> -21% 0FF </p><p>$9.51 ($0.56 / Fl Oz)</p><a href="https://www.amazon.com/dp/B00H1CJG00?tag=eloabder-20&linkCode=osi&th=1&psc=1">View Product</a></div>









<div class="product"><a href="https://www.amazon.com/dp/B074H5ZHFH?tag=eloabder-20&linkCode=osi&th=1&psc=1"><img src="https://m.media-amazon.com/images/I/410ymBds87L._SL500_.jpg" alt="Product Image"></a><p>365 by Whole Foods Market, Organic Penne Rigate, 16 Ounce</p><p> -10% 0FF </p><p>$1.97 ($0.12 / Ounce)</p><a href="https://www.amazon.com/dp/B074H5ZHFH?tag=eloabder-20&linkCode=osi&th=1&psc=1">View Product</a></div><div class="product"><a href="https://www.amazon.com/dp/B007MNYZ2M?tag=eloabder-20&linkCode=osi&th=1&psc=1"><img src="https://m.media-amazon.com/images/I/41dAZBCU7kS._SL500_.jpg" alt="Product Image"></a><p>Rummo Italian Pasta Penne Rigate No. 66, Always Al Dente (1lb Package)</p><p> -32% 0FF </p><p>$7.12 ($0.44 / Ounce)</p><a href="https://www.amazon.com/dp/B007MNYZ2M?tag=eloabder-20&linkCode=osi&th=1&psc=1">View Product</a></div><div class="product"><a href="https://www.amazon.com/dp/B07NSRQYNP?tag=eloabder-20&linkCode=osi&th=1&psc=1"><img src="https://m.media-amazon.com/images/I/413HwweC7iL._SL500_.jpg" alt="Product Image"></a><p>Rao's Homemade Penne Pasta, 16oz, Traditionally Crafted, Premium Quality, From Durum Semolina Flour, Traditional Bronze Die Cut, Imported from Italy</p><p> -24% 0FF </p><p>$2.18 ($0.14 / Fl Oz)</p><a href="https://www.amazon.com/dp/B07NSRQYNP?tag=eloabder-20&linkCode=osi&th=1&psc=1">View Product</a></div>
<div class="product"><a href="https://www.amazon.com/dp/B00112UBOG?tag=eloabder-20&linkCode=osi&th=1&psc=1"><img src="https://m.media-amazon.com/images/I/51coh9-N5gL._SL500_.jpg" alt="Product Image"></a><p>RiceSelect Arborio Rice for Italian Risotto, Premium Gluten-Free Rice, Non-GMO, 32-Ounce Jar, (Pack of 1)</p><p> -21% 0FF </p><p>$5.99 ($0.19 / Ounces)</p><a href="https://www.amazon.com/dp/B00112UBOG?tag=eloabder-20&linkCode=osi&th=1&psc=1">View Product</a></div>


<div class="product"><a href="https://www.amazon.com/dp/B0BZB9D92K?tag=eloabder-20&linkCode=osi&th=1&psc=1"><img src="https://m.media-amazon.com/images/I/41q74mciXOL._SL500_.jpg" alt="Product Image"></a><p>Amazon Grocery, Canned Pinto Beans, 15.5 Oz (Previously Amazon Fresh, Packaging May Vary)</p><p> -34% 0FF </p><p>$0.55 ($0.04 / Ounce)</p><a href="https://www.amazon.com/dp/B0BZB9D92K?tag=eloabder-20&linkCode=osi&th=1&psc=1">View Product</a></div>
<div class="product"><a href="https://www.amazon.com/dp/B0BZJNJTYV?tag=eloabder-20&linkCode=osi&th=1&psc=1"><img src="https://m.media-amazon.com/images/I/41lSsx2pjSL._SL500_.jpg" alt="Product Image"></a><p>Amazon Grocery, Sweet Peas, 15 Oz (Previously Amazon Fresh, Packaging May Vary)</p><p> -56% 0FF </p><p>$0.71 ($0.05 / Ounce)</p><a href="https://www.amazon.com/dp/B0BZJNJTYV?tag=eloabder-20&linkCode=osi&th=1&psc=1">View Product</a></div><div class="product"><a href="https://www.amazon.com/dp/B078T19Y9X?tag=eloabder-20&linkCode=osi&th=1&psc=1"><img src="https://m.media-amazon.com/images/I/51z+piSY1JL._SL500_.jpg" alt="Product Image"></a><p>DEL MONTE Sweet Peas Canned Vegetables, 12 Pack, 15 oz Can</p><p> -36% 0FF </p><p>$10.08 ($0.06 / Ounce)</p><a href="https://www.amazon.com/dp/B078T19Y9X?tag=eloabder-20&linkCode=osi&th=1&psc=1">View Product</a></div>
<div class="product"><a href="https://www.amazon.com/dp/B00GDVBHU2?tag=eloabder-20&linkCode=osi&th=1&psc=1"><img src="https://m.media-amazon.com/images/I/51BjG0g4q5L._SL500_.jpg" alt="Product Image"></a><p>Blue Diamond Almonds, Raw Whole Natural, 16 Ounce</p><p> -12% 0FF </p><p>$5.99 ($0.37 / Ounce)</p><a href="https://www.amazon.com/dp/B00GDVBHU2?tag=eloabder-20&linkCode=osi&th=1&psc=1">View Product</a></div>

<div class="product"><a href="https://www.amazon.com/dp/B07W1WKDSC?tag=eloabder-20&linkCode=osi&th=1&psc=1"><img src="https://m.media-amazon.com/images/I/31nTopuj99L._SL500_.jpg" alt="Product Image"></a><p>Amazon Grocery, Basil Leaves, 0.95 Oz (Previously Happy Belly, Packaging May Vary)</p><p> -17% 0FF </p><p>$1.59 ($1.67 / Ounce)</p><a href="https://www.amazon.com/dp/B07W1WKDSC?tag=eloabder-20&linkCode=osi&th=1&psc=1">View Product</a></div>

<div class="product"><a href="https://www.amazon.com/dp/B07VXL2JRG?tag=eloabder-20&linkCode=osi&th=1&psc=1"><img src="https://m.media-amazon.com/images/I/31ou5P5dqeL._SL500_.jpg" alt="Product Image"></a><p>Amazon Grocery, Ground Cumin, 2.6 Oz (Previously Happy Belly, Packaging May Vary)</p><p> -17% 0FF </p><p>$1.16 ($0.45 / Ounce)</p><a href="https://www.amazon.com/dp/B07VXL2JRG?tag=eloabder-20&linkCode=osi&th=1&psc=1">View Product</a></div>

<div class="product"><a href="https://www.amazon.com/dp/B07P8M5ZT1?tag=eloabder-20&linkCode=osi&th=1&psc=1"><img src="https://m.media-amazon.com/images/I/31+0qVbfagL._SL500_.jpg" alt="Product Image"></a><p>Amazon Grocery, Olive Oil, Medium Flavor, 16.9 Fl Oz (Previously Amazon Fresh, Packaging May Vary)</p><p> -17% 0FF </p><p>$4.50 ($0.27 / Ounce)</p><a href="https://www.amazon.com/dp/B07P8M5ZT1?tag=eloabder-20&linkCode=osi&th=1&psc=1">View Product</a></div>
<div class="product"><a href="https://www.amazon.com/dp/B00IY5HREA?tag=eloabder-20&linkCode=osi&th=1&psc=1"><img src="https://m.media-amazon.com/images/I/31n5MDrL-QL._SL500_.jpg" alt="Product Image"></a><p>Colavita Balsamic Vinegar of Modena, 17 Ounce Bottle</p><p> -9% 0FF </p><p>$4.22 ($0.25 / Fl Oz)</p><a href="https://www.amazon.com/dp/B00IY5HREA?tag=eloabder-20&linkCode=osi&th=1&psc=1">View Product</a></div><div class="product"><a href="https://www.amazon.com/dp/B0FHNXDWYB?tag=eloabder-20&linkCode=osi&th=1&psc=1"><img src="https://m.media-amazon.com/images/I/41AJ0vvzsSL._SL500_.jpg" alt="Product Image"></a><p>Paolo Natural Orange Balsamic Vinegar, Artisan Crafted, 36-Month Oak Barrel Aged, Sweet & Sour Flavor for Salad Dressings, Pasta, Desserts, Glass Bottle, 5.40 fl oz (160ml)</p><p> -9% 0FF </p><p>$29.99 ($5.55 / Fl Oz)</p><a href="https://www.amazon.com/dp/B0FHNXDWYB?tag=eloabder-20&linkCode=osi&th=1&psc=1">View Product</a></div>
<div class="product"><a href="https://www.amazon.com/dp/B0B46R31XD?tag=eloabder-20&linkCode=osi&th=1&psc=1"><img src="https://m.media-amazon.com/images/I/5176SDI1iyL._SL500_.jpg" alt="Product Image"></a><p>Contadina Canned Tomato Sauce, 15 oz (Pack of 4 Cans)</p><p> -8% 0FF </p><p>$3.98 ($0.07 / Ounce)</p><a href="https://www.amazon.com/dp/B0B46R31XD?tag=eloabder-20&linkCode=osi&th=1&psc=1">View Product</a></div>


<div class="product"><a href="https://www.amazon.com/dp/B07179XBP9?tag=eloabder-20&linkCode=osi&th=1&psc=1"><img src="https://m.media-amazon.com/images/I/61vs7ucqGKL._SL500_.jpg" alt="Product Image"></a><p>Lay's Potato Chips, 4 Flavor Variety Pack, 1 oz Single Serve Bags, (40 Pack)</p><p> -19% 0FF </p><p>$13.19 ($0.33 / Count)</p><a href="https://www.amazon.com/dp/B07179XBP9?tag=eloabder-20&linkCode=osi&th=1&psc=1">View Product</a></div><div class="product"><a href="https://www.amazon.com/dp/B07X1KPLNQ?tag=eloabder-20&linkCode=osi&th=1&psc=1"><img src="https://m.media-amazon.com/images/I/41grpp95ftL._SL500_.jpg" alt="Product Image"></a><p>Amazon Fresh, Wavy Potato Chips, 11 Oz (Previously Happy Belly, Packaging May Vary)</p><p> -12% 0FF </p><p>$2.67 ($0.24 / Ounce)</p><a href="https://www.amazon.com/dp/B07X1KPLNQ?tag=eloabder-20&linkCode=osi&th=1&psc=1">View Product</a></div>


<div class="product"><a href="https://www.amazon.com/dp/B09NPB2DNT?tag=eloabder-20&linkCode=osi&th=1&psc=1"><img src="https://m.media-amazon.com/images/I/41EB1IsYvHL._SL500_.jpg" alt="Product Image"></a><p>M&M'S, SNICKERS & MILKY WAY Fun Size Chocolate Candy Variety Pack, Assorted Chocolate Candy Variety Pack for Halloween, Party Size, 19.2 Oz Bulk Bag</p><p> -6% 0FF </p><p>$8.99 ($0.47 / Ounce)</p><a href="https://www.amazon.com/dp/B09NPB2DNT?tag=eloabder-20&linkCode=osi&th=1&psc=1">View Product</a></div><div class="product"><a href="https://www.amazon.com/dp/B0DVM7JWP6?tag=eloabder-20&linkCode=osi&th=1&psc=1"><img src="https://m.media-amazon.com/images/I/51Lc-U8ExNL._SL500_.jpg" alt="Product Image"></a><p>Butterfinger, CRUNCH, Baby Ruth, 100 Grand Mini and Fun Size Assorted Candy Bars, Bulk 80 Count Pack, 32.1 oz</p><p> -20% 0FF </p><p>$11.19</p><a href="https://www.amazon.com/dp/B0DVM7JWP6?tag=eloabder-20&linkCode=osi&th=1&psc=1">View Product</a></div><div class="product"><a href="https://www.amazon.com/dp/B09NMX9CGB?tag=eloabder-20&linkCode=osi&th=1&psc=1"><img src="https://m.media-amazon.com/images/I/51donixesTL._SL500_.jpg" alt="Product Image"></a><p>Butterfinger, CRUNCH, Baby Ruth, 100 Grand Fun Size Assorted Candy Bars, Great for Sharing, Bulk 60 Count Pack, 37.2 oz</p><p> -20% 0FF </p><p>$11.79 ($0.32 / Ounce)</p><a href="https://www.amazon.com/dp/B09NMX9CGB?tag=eloabder-20&linkCode=osi&th=1&psc=1">View Product</a></div>




<div class="product"><a href="https://www.amazon.com/dp/B01B8V7ACA?tag=eloabder-20&linkCode=osi&th=1&psc=1"><img src="https://m.media-amazon.com/images/I/41vAit7Po9L._SL500_.jpg" alt="Product Image"></a><p>EPIC Rendered Duck Fat, Keto and Paleo Friendly, Whole30 Approved, Gluten Free, 11 oz Jar</p><p> -15% 0FF </p><p>$14.99 ($1.36 / Ounce)</p><a href="https://www.amazon.com/dp/B01B8V7ACA?tag=eloabder-20&linkCode=osi&th=1&psc=1">View Product</a></div>







<div class="product"><a href="https://www.amazon.com/dp/B006SMJTII?tag=eloabder-20&linkCode=osi&th=1&psc=1"><img src="https://m.media-amazon.com/images/I/51of6XbR9+L._SL500_.jpg" alt="Product Image"></a><p>Seawatch Chopped Sea Clams Ready to Use 51oz.Can</p><p> -10% 0FF </p><p>$22.99 ($0.45 / Ounce)</p><a href="https://www.amazon.com/dp/B006SMJTII?tag=eloabder-20&linkCode=osi&th=1&psc=1">View Product</a></div><div class="product"><a href="https://www.amazon.com/dp/B000LLIY5G?tag=eloabder-20&linkCode=osi&th=1&psc=1"><img src="https://m.media-amazon.com/images/I/514NKBSRlDL._SL500_.jpg" alt="Product Image"></a><p>Pacific Pearl Fancy Whole Smoked Clams in Oil 3.75 oz (Pack of 12)</p><p> -33% 0FF </p><p>$22.20 ($0.49 / Ounce)</p><a href="https://www.amazon.com/dp/B000LLIY5G?tag=eloabder-20&linkCode=osi&th=1&psc=1">View Product</a></div><div class="product"><a href="https://www.amazon.com/dp/B0098J1Q5C?tag=eloabder-20&linkCode=osi&th=1&psc=1"><img src="https://m.media-amazon.com/images/I/319Er+O-xCL._SL500_.jpg" alt="Product Image"></a><p>Bar Harbor Clam Juice, 8 Fl Oz</p><p> -6% 0FF </p><p>$9.07 ($1.13 / Ounce)</p><a href="https://www.amazon.com/dp/B0098J1Q5C?tag=eloabder-20&linkCode=osi&th=1&psc=1">View Product</a></div>


<div class="product"><a href="https://www.amazon.com/dp/B0025W9A5C?tag=eloabder-20&linkCode=osi&th=1&psc=1"><img src="https://m.media-amazon.com/images/I/51Oz8SNo83L._SL500_.jpg" alt="Product Image"></a><p>Nature Valley Crunchy Oats 'n Honey Granola Bars, 60 Bars, 44.7 OZ (30 Pouches)</p><p> -33% 0FF </p><p>$7.49 ($0.17 / Ounce)</p><a href="https://www.amazon.com/dp/B0025W9A5C?tag=eloabder-20&linkCode=osi&th=1&psc=1">View Product</a></div><div class="product"><a href="https://www.amazon.com/dp/B01MRZZ3KC?tag=eloabder-20&linkCode=osi&th=1&psc=1"><img src="https://m.media-amazon.com/images/I/512IgtvlLyL._SL500_.jpg" alt="Product Image"></a><p>Quaker Chewy Granola Bars, Chocolate Chip, 58 Count - Packaging May Vary</p><p> -9% 0FF </p><p>$11.19 ($0.23 / Ounce)</p><a href="https://www.amazon.com/dp/B01MRZZ3KC?tag=eloabder-20&linkCode=osi&th=1&psc=1">View Product</a></div><div class="product"><a href="https://www.amazon.com/dp/B00GHPC47O?tag=eloabder-20&linkCode=osi&th=1&psc=1"><img src="https://m.media-amazon.com/images/I/51YsdKn53VS._SL500_.jpg" alt="Product Image"></a><p>Quaker Chewy Granola Bars, Variety Pack, 18 Count</p><p> -20% 0FF </p><p>$3.97 ($0.26 / Ounce)</p><a href="https://www.amazon.com/dp/B00GHPC47O?tag=eloabder-20&linkCode=osi&th=1&psc=1">View Product</a></div><div class="product"><a href="https://www.amazon.com/dp/B0D9R1BMJR?tag=eloabder-20&linkCode=osi&th=1&psc=1"><img src="https://m.media-amazon.com/images/I/51ksmfNpCJL._SL500_.jpg" alt="Product Image"></a><p>Quaker Chewy Granola Bars, Chewy & Dipps Variety Pack, (58 Bars), Whole Grains, No Artificial Flavors, No Added Colors</p><p> -31% 0FF </p><p>$11.87 ($0.22 / Ounce)</p><a href="https://www.amazon.com/dp/B0D9R1BMJR?tag=eloabder-20&linkCode=osi&th=1&psc=1">View Product</a></div><div class="product"><a href="https://www.amazon.com/dp/B077KYKYKN?tag=eloabder-20&linkCode=osi&th=1&psc=1"><img src="https://m.media-amazon.com/images/I/51qz85lOK2S._SL500_.jpg" alt="Product Image"></a><p>Quaker Chewy Lower Sugar Granola Bars, Chocolate Chip, 58 Count</p><p> -35% 0FF </p><p>$11.19 ($0.23 / Ounce)</p><a href="https://www.amazon.com/dp/B077KYKYKN?tag=eloabder-20&linkCode=osi&th=1&psc=1">View Product</a></div>
<div class="product"><a href="https://www.amazon.com/dp/B07VVGKHLH?tag=eloabder-20&linkCode=osi&th=1&psc=1"><img src="https://m.media-amazon.com/images/I/31hbAFlUK6L._SL500_.jpg" alt="Product Image"></a><p>Amazon Grocery, Garlic Powder, 3.9 Oz (Previously Happy Belly, Packaging May Vary)</p><p> -17% 0FF </p><p>$1.30 ($0.33 / Ounce)</p><a href="https://www.amazon.com/dp/B07VVGKHLH?tag=eloabder-20&linkCode=osi&th=1&psc=1">View Product</a></div>
<div class="product"><a href="https://www.amazon.com/dp/B000WHSD5A?tag=eloabder-20&linkCode=osi&th=1&psc=1"><img src="https://m.media-amazon.com/images/I/41QwGSr0+IL._SL500_.jpg" alt="Product Image"></a><p>Heinz Tomato Ketchup, 20 oz Bottle</p><p> -36% 0FF </p><p>$2.23 ($0.11 / Ounce)</p><a href="https://www.amazon.com/dp/B000WHSD5A?tag=eloabder-20&linkCode=osi&th=1&psc=1">View Product</a></div><div class="product"><a href="https://www.amazon.com/dp/B0005YKO8E?tag=eloabder-20&linkCode=osi&th=1&psc=1"><img src="https://m.media-amazon.com/images/I/41AFhgJ5V7L._SL500_.jpg" alt="Product Image"></a><p>Heinz Tomato Ketchup, 14 oz Bottle</p><p> -36% 0FF </p><p>$1.56 ($0.11 / Ounce)</p><a href="https://www.amazon.com/dp/B0005YKO8E?tag=eloabder-20&linkCode=osi&th=1&psc=1">View Product</a></div><div class="product"><a href="https://www.amazon.com/dp/B01B2OVUAG?tag=eloabder-20&linkCode=osi&th=1&psc=1"><img src="https://m.media-amazon.com/images/I/41gaLzbBsDL._SL500_.jpg" alt="Product Image"></a><p>Heinz Organic Tomato Ketchup, 32 oz Bottle</p><p> -47% 0FF </p><p>$3.67 ($0.11 / Ounce)</p><a href="https://www.amazon.com/dp/B01B2OVUAG?tag=eloabder-20&linkCode=osi&th=1&psc=1">View Product</a></div>
<div class="product"><a href="https://www.amazon.com/dp/B015UBV4N0?tag=eloabder-20&linkCode=osi&th=1&psc=1"><img src="https://m.media-amazon.com/images/I/51NRndhNwoL._SL500_.jpg" alt="Product Image"></a><p>Crofters Organic Premium Spread, Strawberry, 16.5 oz</p><p> -20% 0FF </p><p>$4.96 ($0.30 / oz)</p><a href="https://www.amazon.com/dp/B015UBV4N0?tag=eloabder-20&linkCode=osi&th=1&psc=1">View Product</a></div>
<div class="product"><a href="https://www.amazon.com/dp/B097RW44HZ?tag=eloabder-20&linkCode=osi&th=1&psc=1"><img src="https://m.media-amazon.com/images/I/51OhVkU8+PL._SL500_.jpg" alt="Product Image"></a><p>Apexy Jelly Fruit Candy – Assorted Fruit Flavors, Halloween Treat Juicy Chewy Gel Snacks, Kids & Adults Party Favors, Fun Treats for Goodie Bags & Events 46.9oz (1330g)</p><p> -7% 0FF </p><p>$12.99 ($0.28 / Ounce)</p><a href="https://www.amazon.com/dp/B097RW44HZ?tag=eloabder-20&linkCode=osi&th=1&psc=1">View Product</a></div><div class="product"><a href="https://www.amazon.com/dp/B00099XN56?tag=eloabder-20&linkCode=osi&th=1&psc=1"><img src="https://m.media-amazon.com/images/I/41twfbi883L._SL500_.jpg" alt="Product Image"></a><p>Smucker's Jelly, Mixed Fruit, 12 oz (340 g)</p><p> -11% 0FF </p><p>$9.94 ($0.83 / Ounce)</p><a href="https://www.amazon.com/dp/B00099XN56?tag=eloabder-20&linkCode=osi&th=1&psc=1">View Product</a></div>
<div class="product"><a href="https://www.amazon.com/dp/B0005Z6ZK4?tag=eloabder-20&linkCode=osi&th=1&psc=1"><img src="https://m.media-amazon.com/images/I/31dtADxAZbL._SL500_.jpg" alt="Product Image"></a><p>Nutella Hazelnut Spread with Cocoa, Creamy Hazelnut Spread, Breakfast Favorite, 13 oz Jar</p><p> -30% 0FF </p><p>$3.48 ($0.27 / Ounce)</p><a href="https://www.amazon.com/dp/B0005Z6ZK4?tag=eloabder-20&linkCode=osi&th=1&psc=1">View Product</a></div><div class="product"><a href="https://www.amazon.com/dp/B09PN9S9D4?tag=eloabder-20&linkCode=osi&th=1&psc=1"><img src="https://m.media-amazon.com/images/I/41VpA06vqaL._SL500_.jpg" alt="Product Image"></a><p>Amazon Grocery, Hazelnut Spread With Cocoa, 26.5 Oz (Previously Amazon Fresh, Packaging May Vary)</p><p> -17% 0FF </p><p>$4.12 ($0.16 / Ounce)</p><a href="https://www.amazon.com/dp/B09PN9S9D4?tag=eloabder-20&linkCode=osi&th=1&psc=1">View Product</a></div>
<div class="product"><a href="https://www.amazon.com/dp/B0052BFNLS?tag=eloabder-20&linkCode=osi&th=1&psc=1"><img src="https://m.media-amazon.com/images/I/31Tfk-0-ybL._SL500_.jpg" alt="Product Image"></a><p>Pompeian Gourmet Red Wine Vinegar, Naturally Gluten-Free, 30 Fl Oz</p><p> -5% 0FF </p><p>$5.33 ($0.18 / Fl Oz)</p><a href="https://www.amazon.com/dp/B0052BFNLS?tag=eloabder-20&linkCode=osi&th=1&psc=1">View Product</a></div><div class="product"><a href="https://www.amazon.com/dp/B005AYB38O?tag=eloabder-20&linkCode=osi&th=1&psc=1"><img src="https://m.media-amazon.com/images/I/31tJRcbnsfL._SL500_.jpg" alt="Product Image"></a><p>Napa Valley Naturals Organic Red Wine Vinegar, 12.7 Ounces</p><p> -51% 0FF </p><p>$5.50 ($0.43 / Ounce)</p><a href="https://www.amazon.com/dp/B005AYB38O?tag=eloabder-20&linkCode=osi&th=1&psc=1">View Product</a></div><div class="product"><a href="https://www.amazon.com/dp/B00H1CJG00?tag=eloabder-20&linkCode=osi&th=1&psc=1"><img src="https://m.media-amazon.com/images/I/31pl1n1OONL._SL500_.jpg" alt="Product Image"></a><p>Colavita Wine Vinegar - Red Wine Vinegar, 17 Fl Oz</p><p> -21% 0FF </p><p>$9.51 ($0.56 / Fl Oz)</p><a href="https://www.amazon.com/dp/B00H1CJG00?tag=eloabder-20&linkCode=osi&th=1&psc=1">View Product</a></div>









<div class="product"><a href="https://www.amazon.com/dp/B074H5ZHFH?tag=eloabder-20&linkCode=osi&th=1&psc=1"><img src="https://m.media-amazon.com/images/I/410ymBds87L._SL500_.jpg" alt="Product Image"></a><p>365 by Whole Foods Market, Organic Penne Rigate, 16 Ounce</p><p> -10% 0FF </p><p>$1.97 ($0.12 / Ounce)</p><a href="https://www.amazon.com/dp/B074H5ZHFH?tag=eloabder-20&linkCode=osi&th=1&psc=1">View Product</a></div><div class="product"><a href="https://www.amazon.com/dp/B007MNYZ2M?tag=eloabder-20&linkCode=osi&th=1&psc=1"><img src="https://m.media-amazon.com/images/I/41dAZBCU7kS._SL500_.jpg" alt="Product Image"></a><p>Rummo Italian Pasta Penne Rigate No. 66, Always Al Dente (1lb Package)</p><p> -32% 0FF </p><p>$7.12 ($0.44 / Ounce)</p><a href="https://www.amazon.com/dp/B007MNYZ2M?tag=eloabder-20&linkCode=osi&th=1&psc=1">View Product</a></div><div class="product"><a href="https://www.amazon.com/dp/B07NSRQYNP?tag=eloabder-20&linkCode=osi&th=1&psc=1"><img src="https://m.media-amazon.com/images/I/413HwweC7iL._SL500_.jpg" alt="Product Image"></a><p>Rao's Homemade Penne Pasta, 16oz, Traditionally Crafted, Premium Quality, From Durum Semolina Flour, Traditional Bronze Die Cut, Imported from Italy</p><p> -24% 0FF </p><p>$2.18 ($0.14 / Fl Oz)</p><a href="https://www.amazon.com/dp/B07NSRQYNP?tag=eloabder-20&linkCode=osi&th=1&psc=1">View Product</a></div>
<div class="product"><a href="https://www.amazon.com/dp/B00112UBOG?tag=eloabder-20&linkCode=osi&th=1&psc=1"><img src="https://m.media-amazon.com/images/I/51coh9-N5gL._SL500_.jpg" alt="Product Image"></a><p>RiceSelect Arborio Rice for Italian Risotto, Premium Gluten-Free Rice, Non-GMO, 32-Ounce Jar, (Pack of 1)</p><p> -21% 0FF </p><p>$5.99 ($0.19 / Ounces)</p><a href="https://www.amazon.com/dp/B00112UBOG?tag=eloabder-20&linkCode=osi&th=1&psc=1">View Product</a></div>


<div class="product"><a href="https://www.amazon.com/dp/B0BZB9D92K?tag=eloabder-20&linkCode=osi&th=1&psc=1"><img src="https://m.media-amazon.com/images/I/41q74mciXOL._SL500_.jpg" alt="Product Image"></a><p>Amazon Grocery, Canned Pinto Beans, 15.5 Oz (Previously Amazon Fresh, Packaging May Vary)</p><p> -34% 0FF </p><p>$0.55 ($0.04 / Ounce)</p><a href="https://www.amazon.com/dp/B0BZB9D92K?tag=eloabder-20&linkCode=osi&th=1&psc=1">View Product</a></div>
<div class="product"><a href="https://www.amazon.com/dp/B0BZJNJTYV?tag=eloabder-20&linkCode=osi&th=1&psc=1"><img src="https://m.media-amazon.com/images/I/41lSsx2pjSL._SL500_.jpg" alt="Product Image"></a><p>Amazon Grocery, Sweet Peas, 15 Oz (Previously Amazon Fresh, Packaging May Vary)</p><p> -56% 0FF </p><p>$0.71 ($0.05 / Ounce)</p><a href="https://www.amazon.com/dp/B0BZJNJTYV?tag=eloabder-20&linkCode=osi&th=1&psc=1">View Product</a></div><div class="product"><a href="https://www.amazon.com/dp/B078T19Y9X?tag=eloabder-20&linkCode=osi&th=1&psc=1"><img src="https://m.media-amazon.com/images/I/51z+piSY1JL._SL500_.jpg" alt="Product Image"></a><p>DEL MONTE Sweet Peas Canned Vegetables, 12 Pack, 15 oz Can</p><p> -36% 0FF </p><p>$10.08 ($0.06 / Ounce)</p><a href="https://www.amazon.com/dp/B078T19Y9X?tag=eloabder-20&linkCode=osi&th=1&psc=1">View Product</a></div>
<div class="product"><a href="https://www.amazon.com/dp/B00GDVBHU2?tag=eloabder-20&linkCode=osi&th=1&psc=1"><img src="https://m.media-amazon.com/images/I/51BjG0g4q5L._SL500_.jpg" alt="Product Image"></a><p>Blue Diamond Almonds, Raw Whole Natural, 16 Ounce</p><p> -12% 0FF </p><p>$5.99 ($0.37 / Ounce)</p><a href="https://www.amazon.com/dp/B00GDVBHU2?tag=eloabder-20&linkCode=osi&th=1&psc=1">View Product</a></div>

<div class="product"><a href="https://www.amazon.com/dp/B07W1WKDSC?tag=eloabder-20&linkCode=osi&th=1&psc=1"><img src="https://m.media-amazon.com/images/I/31nTopuj99L._SL500_.jpg" alt="Product Image"></a><p>Amazon Grocery, Basil Leaves, 0.95 Oz (Previously Happy Belly, Packaging May Vary)</p><p> -17% 0FF </p><p>$1.59 ($1.67 / Ounce)</p><a href="https://www.amazon.com/dp/B07W1WKDSC?tag=eloabder-20&linkCode=osi&th=1&psc=1">View Product</a></div>

<div class="product"><a href="https://www.amazon.com/dp/B07VXL2JRG?tag=eloabder-20&linkCode=osi&th=1&psc=1"><img src="https://m.media-amazon.com/images/I/31ou5P5dqeL._SL500_.jpg" alt="Product Image"></a><p>Amazon Grocery, Ground Cumin, 2.6 Oz (Previously Happy Belly, Packaging May Vary)</p><p> -17% 0FF </p><p>$1.16 ($0.45 / Ounce)</p><a href="https://www.amazon.com/dp/B07VXL2JRG?tag=eloabder-20&linkCode=osi&th=1&psc=1">View Product</a></div>

<div class="product"><a href="https://www.amazon.com/dp/B07P8M5ZT1?tag=eloabder-20&linkCode=osi&th=1&psc=1"><img src="https://m.media-amazon.com/images/I/31+0qVbfagL._SL500_.jpg" alt="Product Image"></a><p>Amazon Grocery, Olive Oil, Medium Flavor, 16.9 Fl Oz (Previously Amazon Fresh, Packaging May Vary)</p><p> -17% 0FF </p><p>$4.50 ($0.27 / Ounce)</p><a href="https://www.amazon.com/dp/B07P8M5ZT1?tag=eloabder-20&linkCode=osi&th=1&psc=1">View Product</a></div>
<div class="product"><a href="https://www.amazon.com/dp/B00IY5HREA?tag=eloabder-20&linkCode=osi&th=1&psc=1"><img src="https://m.media-amazon.com/images/I/31n5MDrL-QL._SL500_.jpg" alt="Product Image"></a><p>Colavita Balsamic Vinegar of Modena, 17 Ounce Bottle</p><p> -9% 0FF </p><p>$4.22 ($0.25 / Fl Oz)</p><a href="https://www.amazon.com/dp/B00IY5HREA?tag=eloabder-20&linkCode=osi&th=1&psc=1">View Product</a></div><div class="product"><a href="https://www.amazon.com/dp/B0FHNXDWYB?tag=eloabder-20&linkCode=osi&th=1&psc=1"><img src="https://m.media-amazon.com/images/I/41AJ0vvzsSL._SL500_.jpg" alt="Product Image"></a><p>Paolo Natural Orange Balsamic Vinegar, Artisan Crafted, 36-Month Oak Barrel Aged, Sweet & Sour Flavor for Salad Dressings, Pasta, Desserts, Glass Bottle, 5.40 fl oz (160ml)</p><p> -9% 0FF </p><p>$29.99 ($5.55 / Fl Oz)</p><a href="https://www.amazon.com/dp/B0FHNXDWYB?tag=eloabder-20&linkCode=osi&th=1&psc=1">View Product</a></div>
<div class="product"><a href="https://www.amazon.com/dp/B0B46R31XD?tag=eloabder-20&linkCode=osi&th=1&psc=1"><img src="https://m.media-amazon.com/images/I/5176SDI1iyL._SL500_.jpg" alt="Product Image"></a><p>Contadina Canned Tomato Sauce, 15 oz (Pack of 4 Cans)</p><p> -8% 0FF </p><p>$3.98 ($0.07 / Ounce)</p><a href="https://www.amazon.com/dp/B0B46R31XD?tag=eloabder-20&linkCode=osi&th=1&psc=1">View Product</a></div>


<div class="product"><a href="https://www.amazon.com/dp/B07179XBP9?tag=eloabder-20&linkCode=osi&th=1&psc=1"><img src="https://m.media-amazon.com/images/I/61vs7ucqGKL._SL500_.jpg" alt="Product Image"></a><p>Lay's Potato Chips, 4 Flavor Variety Pack, 1 oz Single Serve Bags, (40 Pack)</p><p> -19% 0FF </p><p>$13.19 ($0.33 / Count)</p><a href="https://www.amazon.com/dp/B07179XBP9?tag=eloabder-20&linkCode=osi&th=1&psc=1">View Product</a></div><div class="product"><a href="https://www.amazon.com/dp/B07X1KPLNQ?tag=eloabder-20&linkCode=osi&th=1&psc=1"><img src="https://m.media-amazon.com/images/I/41grpp95ftL._SL500_.jpg" alt="Product Image"></a><p>Amazon Fresh, Wavy Potato Chips, 11 Oz (Previously Happy Belly, Packaging May Vary)</p><p> -12% 0FF </p><p>$2.67 ($0.24 / Ounce)</p><a href="https://www.amazon.com/dp/B07X1KPLNQ?tag=eloabder-20&linkCode=osi&th=1&psc=1">View Product</a></div>


<div class="product"><a href="https://www.amazon.com/dp/B09NPB2DNT?tag=eloabder-20&linkCode=osi&th=1&psc=1"><img src="https://m.media-amazon.com/images/I/41EB1IsYvHL._SL500_.jpg" alt="Product Image"></a><p>M&M'S, SNICKERS & MILKY WAY Fun Size Chocolate Candy Variety Pack, Assorted Chocolate Candy Variety Pack for Halloween, Party Size, 19.2 Oz Bulk Bag</p><p> -6% 0FF </p><p>$8.99 ($0.47 / Ounce)</p><a href="https://www.amazon.com/dp/B09NPB2DNT?tag=eloabder-20&linkCode=osi&th=1&psc=1">View Product</a></div><div class="product"><a href="https://www.amazon.com/dp/B0DVM7JWP6?tag=eloabder-20&linkCode=osi&th=1&psc=1"><img src="https://m.media-amazon.com/images/I/51Lc-U8ExNL._SL500_.jpg" alt="Product Image"></a><p>Butterfinger, CRUNCH, Baby Ruth, 100 Grand Mini and Fun Size Assorted Candy Bars, Bulk 80 Count Pack, 32.1 oz</p><p> -20% 0FF </p><p>$11.19</p><a href="https://www.amazon.com/dp/B0DVM7JWP6?tag=eloabder-20&linkCode=osi&th=1&psc=1">View Product</a></div><div class="product"><a href="https://www.amazon.com/dp/B09NMX9CGB?tag=eloabder-20&linkCode=osi&th=1&psc=1"><img src="https://m.media-amazon.com/images/I/51donixesTL._SL500_.jpg" alt="Product Image"></a><p>Butterfinger, CRUNCH, Baby Ruth, 100 Grand Fun Size Assorted Candy Bars, Great for Sharing, Bulk 60 Count Pack, 37.2 oz</p><p> -20% 0FF </p><p>$11.79 ($0.32 / Ounce)</p><a href="https://www.amazon.com/dp/B09NMX9CGB?tag=eloabder-20&linkCode=osi&th=1&psc=1">View Product</a></div>




<div class="product"><a href="https://www.amazon.com/dp/B01B8V7ACA?tag=eloabder-20&linkCode=osi&th=1&psc=1"><img src="https://m.media-amazon.com/images/I/41vAit7Po9L._SL500_.jpg" alt="Product Image"></a><p>EPIC Rendered Duck Fat, Keto and Paleo Friendly, Whole30 Approved, Gluten Free, 11 oz Jar</p><p> -15% 0FF </p><p>$14.99 ($1.36 / Ounce)</p><a href="https://www.amazon.com/dp/B01B8V7ACA?tag=eloabder-20&linkCode=osi&th=1&psc=1">View Product</a></div>







<div class="product"><a href="https://www.amazon.com/dp/B006SMJTII?tag=eloabder-20&linkCode=osi&th=1&psc=1"><img src="https://m.media-amazon.com/images/I/51of6XbR9+L._SL500_.jpg" alt="Product Image"></a><p>Seawatch Chopped Sea Clams Ready to Use 51oz.Can</p><p> -10% 0FF </p><p>$22.99 ($0.45 / Ounce)</p><a href="https://www.amazon.com/dp/B006SMJTII?tag=eloabder-20&linkCode=osi&th=1&psc=1">View Product</a></div><div class="product"><a href="https://www.amazon.com/dp/B000LLIY5G?tag=eloabder-20&linkCode=osi&th=1&psc=1"><img src="https://m.media-amazon.com/images/I/514NKBSRlDL._SL500_.jpg" alt="Product Image"></a><p>Pacific Pearl Fancy Whole Smoked Clams in Oil 3.75 oz (Pack of 12)</p><p> -33% 0FF </p><p>$22.20 ($0.49 / Ounce)</p><a href="https://www.amazon.com/dp/B000LLIY5G?tag=eloabder-20&linkCode=osi&th=1&psc=1">View Product</a></div><div class="product"><a href="https://www.amazon.com/dp/B0098J1Q5C?tag=eloabder-20&linkCode=osi&th=1&psc=1"><img src="https://m.media-amazon.com/images/I/319Er+O-xCL._SL500_.jpg" alt="Product Image"></a><p>Bar Harbor Clam Juice, 8 Fl Oz</p><p> -6% 0FF </p><p>$9.07 ($1.13 / Ounce)</p><a href="https://www.amazon.com/dp/B0098J1Q5C?tag=eloabder-20&linkCode=osi&th=1&psc=1">View Product</a></div>



<div class="product"><a href="https://www.amazon.com/dp/B0025W9A5C?tag=eloabder-20&linkCode=osi&th=1&psc=1"><img src="https://m.media-amazon.com/images/I/51Oz8SNo83L._SL500_.jpg" alt="Product Image"></a><p>Nature Valley Crunchy Oats 'n Honey Granola Bars, 60 Bars, 44.7 OZ (30 Pouches)</p><p> -33% 0FF </p><p>$7.49 ($0.17 / Ounce)</p><a href="https://www.amazon.com/dp/B0025W9A5C?tag=eloabder-20&linkCode=osi&th=1&psc=1">View Product</a></div><div class="product"><a href="https://www.amazon.com/dp/B01MRZZ3KC?tag=eloabder-20&linkCode=osi&th=1&psc=1"><img src="https://m.media-amazon.com/images/I/512IgtvlLyL._SL500_.jpg" alt="Product Image"></a><p>Quaker Chewy Granola Bars, Chocolate Chip, 58 Count - Packaging May Vary</p><p> -9% 0FF </p><p>$11.19 ($0.23 / Ounce)</p><a href="https://www.amazon.com/dp/B01MRZZ3KC?tag=eloabder-20&linkCode=osi&th=1&psc=1">View Product</a></div><div class="product"><a href="https://www.amazon.com/dp/B00GHPC47O?tag=eloabder-20&linkCode=osi&th=1&psc=1"><img src="https://m.media-amazon.com/images/I/51YsdKn53VS._SL500_.jpg" alt="Product Image"></a><p>Quaker Chewy Granola Bars, Variety Pack, 18 Count</p><p> -20% 0FF </p><p>$3.97 ($0.26 / Ounce)</p><a href="https://www.amazon.com/dp/B00GHPC47O?tag=eloabder-20&linkCode=osi&th=1&psc=1">View Product</a></div><div class="product"><a href="https://www.amazon.com/dp/B0D9R1BMJR?tag=eloabder-20&linkCode=osi&th=1&psc=1"><img src="https://m.media-amazon.com/images/I/51ksmfNpCJL._SL500_.jpg" alt="Product Image"></a><p>Quaker Chewy Granola Bars, Chewy & Dipps Variety Pack, (58 Bars), Whole Grains, No Artificial Flavors, No Added Colors</p><p> -31% 0FF </p><p>$11.87 ($0.22 / Ounce)</p><a href="https://www.amazon.com/dp/B0D9R1BMJR?tag=eloabder-20&linkCode=osi&th=1&psc=1">View Product</a></div><div class="product"><a href="https://www.amazon.com/dp/B077KYKYKN?tag=eloabder-20&linkCode=osi&th=1&psc=1"><img src="https://m.media-amazon.com/images/I/51qz85lOK2S._SL500_.jpg" alt="Product Image"></a><p>Quaker Chewy Lower Sugar Granola Bars, Chocolate Chip, 58 Count</p><p> -35% 0FF </p><p>$11.19 ($0.23 / Ounce)</p><a href="https://www.amazon.com/dp/B077KYKYKN?tag=eloabder-20&linkCode=osi&th=1&psc=1">View Product</a></div>
<div class="product"><a href="https://www.amazon.com/dp/B07VVGKHLH?tag=eloabder-20&linkCode=osi&th=1&psc=1"><img src="https://m.media-amazon.com/images/I/31hbAFlUK6L._SL500_.jpg" alt="Product Image"></a><p>Amazon Grocery, Garlic Powder, 3.9 Oz (Previously Happy Belly, Packaging May Vary)</p><p> -17% 0FF </p><p>$1.30 ($0.33 / Ounce)</p><a href="https://www.amazon.com/dp/B07VVGKHLH?tag=eloabder-20&linkCode=osi&th=1&psc=1">View Product</a></div>
<div class="product"><a href="https://www.amazon.com/dp/B000WHSD5A?tag=eloabder-20&linkCode=osi&th=1&psc=1"><img src="https://m.media-amazon.com/images/I/41QwGSr0+IL._SL500_.jpg" alt="Product Image"></a><p>Heinz Tomato Ketchup, 20 oz Bottle</p><p> -36% 0FF </p><p>$2.23 ($0.11 / Ounce)</p><a href="https://www.amazon.com/dp/B000WHSD5A?tag=eloabder-20&linkCode=osi&th=1&psc=1">View Product</a></div><div class="product"><a href="https://www.amazon.com/dp/B0005YKO8E?tag=eloabder-20&linkCode=osi&th=1&psc=1"><img src="https://m.media-amazon.com/images/I/41AFhgJ5V7L._SL500_.jpg" alt="Product Image"></a><p>Heinz Tomato Ketchup, 14 oz Bottle</p><p> -36% 0FF </p><p>$1.56 ($0.11 / Ounce)</p><a href="https://www.amazon.com/dp/B0005YKO8E?tag=eloabder-20&linkCode=osi&th=1&psc=1">View Product</a></div><div class="product"><a href="https://www.amazon.com/dp/B01B2OVUAG?tag=eloabder-20&linkCode=osi&th=1&psc=1"><img src="https://m.media-amazon.com/images/I/41gaLzbBsDL._SL500_.jpg" alt="Product Image"></a><p>Heinz Organic Tomato Ketchup, 32 oz Bottle</p><p> -47% 0FF </p><p>$3.67 ($0.11 / Ounce)</p><a href="https://www.amazon.com/dp/B01B2OVUAG?tag=eloabder-20&linkCode=osi&th=1&psc=1">View Product</a></div>
<div class="product"><a href="https://www.amazon.com/dp/B015UBV4N0?tag=eloabder-20&linkCode=osi&th=1&psc=1"><img src="https://m.media-amazon.com/images/I/51NRndhNwoL._SL500_.jpg" alt="Product Image"></a><p>Crofters Organic Premium Spread, Strawberry, 16.5 oz</p><p> -20% 0FF </p><p>$4.96 ($0.30 / oz)</p><a href="https://www.amazon.com/dp/B015UBV4N0?tag=eloabder-20&linkCode=osi&th=1&psc=1">View Product</a></div>
<div class="product"><a href="https://www.amazon.com/dp/B097RW44HZ?tag=eloabder-20&linkCode=osi&th=1&psc=1"><img src="https://m.media-amazon.com/images/I/51OhVkU8+PL._SL500_.jpg" alt="Product Image"></a><p>Apexy Jelly Fruit Candy – Assorted Fruit Flavors, Halloween Treat Juicy Chewy Gel Snacks, Kids & Adults Party Favors, Fun Treats for Goodie Bags & Events 46.9oz (1330g)</p><p> -7% 0FF </p><p>$12.99 ($0.28 / Ounce)</p><a href="https://www.amazon.com/dp/B097RW44HZ?tag=eloabder-20&linkCode=osi&th=1&psc=1">View Product</a></div><div class="product"><a href="https://www.amazon.com/dp/B00099XN56?tag=eloabder-20&linkCode=osi&th=1&psc=1"><img src="https://m.media-amazon.com/images/I/41twfbi883L._SL500_.jpg" alt="Product Image"></a><p>Smucker's Jelly, Mixed Fruit, 12 oz (340 g)</p><p> -11% 0FF </p><p>$9.94 ($0.83 / Ounce)</p><a href="https://www.amazon.com/dp/B00099XN56?tag=eloabder-20&linkCode=osi&th=1&psc=1">View Product</a></div>
<div class="product"><a href="https://www.amazon.com/dp/B0005Z6ZK4?tag=eloabder-20&linkCode=osi&th=1&psc=1"><img src="https://m.media-amazon.com/images/I/31dtADxAZbL._SL500_.jpg" alt="Product Image"></a><p>Nutella Hazelnut Spread with Cocoa, Creamy Hazelnut Spread, Breakfast Favorite, 13 oz Jar</p><p> -30% 0FF </p><p>$3.48 ($0.27 / Ounce)</p><a href="https://www.amazon.com/dp/B0005Z6ZK4?tag=eloabder-20&linkCode=osi&th=1&psc=1">View Product</a></div><div class="product"><a href="https://www.amazon.com/dp/B09PN9S9D4?tag=eloabder-20&linkCode=osi&th=1&psc=1"><img src="https://m.media-amazon.com/images/I/41VpA06vqaL._SL500_.jpg" alt="Product Image"></a><p>Amazon Grocery, Hazelnut Spread With Cocoa, 26.5 Oz (Previously Amazon Fresh, Packaging May Vary)</p><p> -17% 0FF </p><p>$4.12 ($0.16 / Ounce)</p><a href="https://www.amazon.com/dp/B09PN9S9D4?tag=eloabder-20&linkCode=osi&th=1&psc=1">View Product</a></div>
<div class="product"><a href="https://www.amazon.com/dp/B0052BFNLS?tag=eloabder-20&linkCode=osi&th=1&psc=1"><img src="https://m.media-amazon.com/images/I/31Tfk-0-ybL._SL500_.jpg" alt="Product Image"></a><p>Pompeian Gourmet Red Wine Vinegar, Naturally Gluten-Free, 30 Fl Oz</p><p> -5% 0FF </p><p>$5.33 ($0.18 / Fl Oz)</p><a href="https://www.amazon.com/dp/B0052BFNLS?tag=eloabder-20&linkCode=osi&th=1&psc=1">View Product</a></div><div class="product"><a href="https://www.amazon.com/dp/B005AYB38O?tag=eloabder-20&linkCode=osi&th=1&psc=1"><img src="https://m.media-amazon.com/images/I/31tJRcbnsfL._SL500_.jpg" alt="Product Image"></a><p>Napa Valley Naturals Organic Red Wine Vinegar, 12.7 Ounces</p><p> -51% 0FF </p><p>$5.50 ($0.43 / Ounce)</p><a href="https://www.amazon.com/dp/B005AYB38O?tag=eloabder-20&linkCode=osi&th=1&psc=1">View Product</a></div><div class="product"><a href="https://www.amazon.com/dp/B00H1CJG00?tag=eloabder-20&linkCode=osi&th=1&psc=1"><img src="https://m.media-amazon.com/images/I/31pl1n1OONL._SL500_.jpg" alt="Product Image"></a><p>Colavita Wine Vinegar - Red Wine Vinegar, 17 Fl Oz</p><p> -21% 0FF </p><p>$9.51 ($0.56 / Fl Oz)</p><a href="https://www.amazon.com/dp/B00H1CJG00?tag=eloabder-20&linkCode=osi&th=1&psc=1">View Product</a></div>









<div class="product"><a href="https://www.amazon.com/dp/B074H5ZHFH?tag=eloabder-20&linkCode=osi&th=1&psc=1"><img src="https://m.media-amazon.com/images/I/410ymBds87L._SL500_.jpg" alt="Product Image"></a><p>365 by Whole Foods Market, Organic Penne Rigate, 16 Ounce</p><p> -10% 0FF </p><p>$1.97 ($0.12 / Ounce)</p><a href="https://www.amazon.com/dp/B074H5ZHFH?tag=eloabder-20&linkCode=osi&th=1&psc=1">View Product</a></div><div class="product"><a href="https://www.amazon.com/dp/B007MNYZ2M?tag=eloabder-20&linkCode=osi&th=1&psc=1"><img src="https://m.media-amazon.com/images/I/41dAZBCU7kS._SL500_.jpg" alt="Product Image"></a><p>Rummo Italian Pasta Penne Rigate No. 66, Always Al Dente (1lb Package)</p><p> -32% 0FF </p><p>$7.12 ($0.44 / Ounce)</p><a href="https://www.amazon.com/dp/B007MNYZ2M?tag=eloabder-20&linkCode=osi&th=1&psc=1">View Product</a></div><div class="product"><a href="https://www.amazon.com/dp/B07NSRQYNP?tag=eloabder-20&linkCode=osi&th=1&psc=1"><img src="https://m.media-amazon.com/images/I/413HwweC7iL._SL500_.jpg" alt="Product Image"></a><p>Rao's Homemade Penne Pasta, 16oz, Traditionally Crafted, Premium Quality, From Durum Semolina Flour, Traditional Bronze Die Cut, Imported from Italy</p><p> -24% 0FF </p><p>$2.18 ($0.14 / Fl Oz)</p><a href="https://www.amazon.com/dp/B07NSRQYNP?tag=eloabder-20&linkCode=osi&th=1&psc=1">View Product</a></div>
<div class="product"><a href="https://www.amazon.com/dp/B00112UBOG?tag=eloabder-20&linkCode=osi&th=1&psc=1"><img src="https://m.media-amazon.com/images/I/51coh9-N5gL._SL500_.jpg" alt="Product Image"></a><p>RiceSelect Arborio Rice for Italian Risotto, Premium Gluten-Free Rice, Non-GMO, 32-Ounce Jar, (Pack of 1)</p><p> -21% 0FF </p><p>$5.99 ($0.19 / Ounces)</p><a href="https://www.amazon.com/dp/B00112UBOG?tag=eloabder-20&linkCode=osi&th=1&psc=1">View Product</a></div>


<div class="product"><a href="https://www.amazon.com/dp/B0BZB9D92K?tag=eloabder-20&linkCode=osi&th=1&psc=1"><img src="https://m.media-amazon.com/images/I/41q74mciXOL._SL500_.jpg" alt="Product Image"></a><p>Amazon Grocery, Canned Pinto Beans, 15.5 Oz (Previously Amazon Fresh, Packaging May Vary)</p><p> -34% 0FF </p><p>$0.55 ($0.04 / Ounce)</p><a href="https://www.amazon.com/dp/B0BZB9D92K?tag=eloabder-20&linkCode=osi&th=1&psc=1">View Product</a></div>
<div class="product"><a href="https://www.amazon.com/dp/B0BZJNJTYV?tag=eloabder-20&linkCode=osi&th=1&psc=1"><img src="https://m.media-amazon.com/images/I/41lSsx2pjSL._SL500_.jpg" alt="Product Image"></a><p>Amazon Grocery, Sweet Peas, 15 Oz (Previously Amazon Fresh, Packaging May Vary)</p><p> -56% 0FF </p><p>$0.71 ($0.05 / Ounce)</p><a href="https://www.amazon.com/dp/B0BZJNJTYV?tag=eloabder-20&linkCode=osi&th=1&psc=1">View Product</a></div><div class="product"><a href="https://www.amazon.com/dp/B078T19Y9X?tag=eloabder-20&linkCode=osi&th=1&psc=1"><img src="https://m.media-amazon.com/images/I/51z+piSY1JL._SL500_.jpg" alt="Product Image"></a><p>DEL MONTE Sweet Peas Canned Vegetables, 12 Pack, 15 oz Can</p><p> -36% 0FF </p><p>$10.08 ($0.06 / Ounce)</p><a href="https://www.amazon.com/dp/B078T19Y9X?tag=eloabder-20&linkCode=osi&th=1&psc=1">View Product</a></div>
<div class="product"><a href="https://www.amazon.com/dp/B00GDVBHU2?tag=eloabder-20&linkCode=osi&th=1&psc=1"><img src="https://m.media-amazon.com/images/I/51BjG0g4q5L._SL500_.jpg" alt="Product Image"></a><p>Blue Diamond Almonds, Raw Whole Natural, 16 Ounce</p><p> -12% 0FF </p><p>$5.99 ($0.37 / Ounce)</p><a href="https://www.amazon.com/dp/B00GDVBHU2?tag=eloabder-20&linkCode=osi&th=1&psc=1">View Product</a></div>

<div class="product"><a href="https://www.amazon.com/dp/B07W1WKDSC?tag=eloabder-20&linkCode=osi&th=1&psc=1"><img src="https://m.media-amazon.com/images/I/31nTopuj99L._SL500_.jpg" alt="Product Image"></a><p>Amazon Grocery, Basil Leaves, 0.95 Oz (Previously Happy Belly, Packaging May Vary)</p><p> -17% 0FF </p><p>$1.59 ($1.67 / Ounce)</p><a href="https://www.amazon.com/dp/B07W1WKDSC?tag=eloabder-20&linkCode=osi&th=1&psc=1">View Product</a></div>

<div class="product"><a href="https://www.amazon.com/dp/B07VXL2JRG?tag=eloabder-20&linkCode=osi&th=1&psc=1"><img src="https://m.media-amazon.com/images/I/31ou5P5dqeL._SL500_.jpg" alt="Product Image"></a><p>Amazon Grocery, Ground Cumin, 2.6 Oz (Previously Happy Belly, Packaging May Vary)</p><p> -17% 0FF </p><p>$1.16 ($0.45 / Ounce)</p><a href="https://www.amazon.com/dp/B07VXL2JRG?tag=eloabder-20&linkCode=osi&th=1&psc=1">View Product</a></div>

<div class="product"><a href="https://www.amazon.com/dp/B07P8M5ZT1?tag=eloabder-20&linkCode=osi&th=1&psc=1"><img src="https://m.media-amazon.com/images/I/31+0qVbfagL._SL500_.jpg" alt="Product Image"></a><p>Amazon Grocery, Olive Oil, Medium Flavor, 16.9 Fl Oz (Previously Amazon Fresh, Packaging May Vary)</p><p> -17% 0FF </p><p>$4.50 ($0.27 / Ounce)</p><a href="https://www.amazon.com/dp/B07P8M5ZT1?tag=eloabder-20&linkCode=osi&th=1&psc=1">View Product</a></div>
<div class="product"><a href="https://www.amazon.com/dp/B00IY5HREA?tag=eloabder-20&linkCode=osi&th=1&psc=1"><img src="https://m.media-amazon.com/images/I/31n5MDrL-QL._SL500_.jpg" alt="Product Image"></a><p>Colavita Balsamic Vinegar of Modena, 17 Ounce Bottle</p><p> -9% 0FF </p><p>$4.22 ($0.25 / Fl Oz)</p><a href="https://www.amazon.com/dp/B00IY5HREA?tag=eloabder-20&linkCode=osi&th=1&psc=1">View Product</a></div><div class="product"><a href="https://www.amazon.com/dp/B0FHNXDWYB?tag=eloabder-20&linkCode=osi&th=1&psc=1"><img src="https://m.media-amazon.com/images/I/41AJ0vvzsSL._SL500_.jpg" alt="Product Image"></a><p>Paolo Natural Orange Balsamic Vinegar, Artisan Crafted, 36-Month Oak Barrel Aged, Sweet & Sour Flavor for Salad Dressings, Pasta, Desserts, Glass Bottle, 5.40 fl oz (160ml)</p><p> -9% 0FF </p><p>$29.99 ($5.55 / Fl Oz)</p><a href="https://www.amazon.com/dp/B0FHNXDWYB?tag=eloabder-20&linkCode=osi&th=1&psc=1">View Product</a></div>
<div class="product"><a href="https://www.amazon.com/dp/B0B46R31XD?tag=eloabder-20&linkCode=osi&th=1&psc=1"><img src="https://m.media-amazon.com/images/I/5176SDI1iyL._SL500_.jpg" alt="Product Image"></a><p>Contadina Canned Tomato Sauce, 15 oz (Pack of 4 Cans)</p><p> -8% 0FF </p><p>$3.98 ($0.07 / Ounce)</p><a href="https://www.amazon.com/dp/B0B46R31XD?tag=eloabder-20&linkCode=osi&th=1&psc=1">View Product</a></div>


<div class="product"><a href="https://www.amazon.com/dp/B07179XBP9?tag=eloabder-20&linkCode=osi&th=1&psc=1"><img src="https://m.media-amazon.com/images/I/61vs7ucqGKL._SL500_.jpg" alt="Product Image"></a><p>Lay's Potato Chips, 4 Flavor Variety Pack, 1 oz Single Serve Bags, (40 Pack)</p><p> -19% 0FF </p><p>$13.19 ($0.33 / Count)</p><a href="https://www.amazon.com/dp/B07179XBP9?tag=eloabder-20&linkCode=osi&th=1&psc=1">View Product</a></div><div class="product"><a href="https://www.amazon.com/dp/B07X1KPLNQ?tag=eloabder-20&linkCode=osi&th=1&psc=1"><img src="https://m.media-amazon.com/images/I/41grpp95ftL._SL500_.jpg" alt="Product Image"></a><p>Amazon Fresh, Wavy Potato Chips, 11 Oz (Previously Happy Belly, Packaging May Vary)</p><p> -12% 0FF </p><p>$2.67 ($0.24 / Ounce)</p><a href="https://www.amazon.com/dp/B07X1KPLNQ?tag=eloabder-20&linkCode=osi&th=1&psc=1">View Product</a></div>


<div class="product"><a href="https://www.amazon.com/dp/B09NPB2DNT?tag=eloabder-20&linkCode=osi&th=1&psc=1"><img src="https://m.media-amazon.com/images/I/41EB1IsYvHL._SL500_.jpg" alt="Product Image"></a><p>M&M'S, SNICKERS & MILKY WAY Fun Size Chocolate Candy Variety Pack, Assorted Chocolate Candy Variety Pack for Halloween, Party Size, 19.2 Oz Bulk Bag</p><p> -6% 0FF </p><p>$8.99 ($0.47 / Ounce)</p><a href="https://www.amazon.com/dp/B09NPB2DNT?tag=eloabder-20&linkCode=osi&th=1&psc=1">View Product</a></div><div class="product"><a href="https://www.amazon.com/dp/B0DVM7JWP6?tag=eloabder-20&linkCode=osi&th=1&psc=1"><img src="https://m.media-amazon.com/images/I/51Lc-U8ExNL._SL500_.jpg" alt="Product Image"></a><p>Butterfinger, CRUNCH, Baby Ruth, 100 Grand Mini and Fun Size Assorted Candy Bars, Bulk 80 Count Pack, 32.1 oz</p><p> -20% 0FF </p><p>$11.19</p><a href="https://www.amazon.com/dp/B0DVM7JWP6?tag=eloabder-20&linkCode=osi&th=1&psc=1">View Product</a></div><div class="product"><a href="https://www.amazon.com/dp/B09NMX9CGB?tag=eloabder-20&linkCode=osi&th=1&psc=1"><img src="https://m.media-amazon.com/images/I/51donixesTL._SL500_.jpg" alt="Product Image"></a><p>Butterfinger, CRUNCH, Baby Ruth, 100 Grand Fun Size Assorted Candy Bars, Great for Sharing, Bulk 60 Count Pack, 37.2 oz</p><p> -20% 0FF </p><p>$11.79 ($0.32 / Ounce)</p><a href="https://www.amazon.com/dp/B09NMX9CGB?tag=eloabder-20&linkCode=osi&th=1&psc=1">View Product</a></div>




<div class="product"><a href="https://www.amazon.com/dp/B01B8V7ACA?tag=eloabder-20&linkCode=osi&th=1&psc=1"><img src="https://m.media-amazon.com/images/I/41vAit7Po9L._SL500_.jpg" alt="Product Image"></a><p>EPIC Rendered Duck Fat, Keto and Paleo Friendly, Whole30 Approved, Gluten Free, 11 oz Jar</p><p> -15% 0FF </p><p>$14.99 ($1.36 / Ounce)</p><a href="https://www.amazon.com/dp/B01B8V7ACA?tag=eloabder-20&linkCode=osi&th=1&psc=1">View Product</a></div>







<div class="product"><a href="https://www.amazon.com/dp/B006SMJTII?tag=eloabder-20&linkCode=osi&th=1&psc=1"><img src="https://m.media-amazon.com/images/I/51of6XbR9+L._SL500_.jpg" alt="Product Image"></a><p>Seawatch Chopped Sea Clams Ready to Use 51oz.Can</p><p> -10% 0FF </p><p>$22.99 ($0.45 / Ounce)</p><a href="https://www.amazon.com/dp/B006SMJTII?tag=eloabder-20&linkCode=osi&th=1&psc=1">View Product</a></div><div class="product"><a href="https://www.amazon.com/dp/B000LLIY5G?tag=eloabder-20&linkCode=osi&th=1&psc=1"><img src="https://m.media-amazon.com/images/I/514NKBSRlDL._SL500_.jpg" alt="Product Image"></a><p>Pacific Pearl Fancy Whole Smoked Clams in Oil 3.75 oz (Pack of 12)</p><p> -33% 0FF </p><p>$22.20 ($0.49 / Ounce)</p><a href="https://www.amazon.com/dp/B000LLIY5G?tag=eloabder-20&linkCode=osi&th=1&psc=1">View Product</a></div><div class="product"><a href="https://www.amazon.com/dp/B0098J1Q5C?tag=eloabder-20&linkCode=osi&th=1&psc=1"><img src="https://m.media-amazon.com/images/I/319Er+O-xCL._SL500_.jpg" alt="Product Image"></a><p>Bar Harbor Clam Juice, 8 Fl Oz</p><p> -6% 0FF </p><p>$9.07 ($1.13 / Ounce)</p><a href="https://www.amazon.com/dp/B0098J1Q5C?tag=eloabder-20&linkCode=osi&th=1&psc=1">View Product</a></div>




<div class="product"><a href="https://www.amazon.com/dp/B0025W9A5C?tag=eloabder-20&linkCode=osi&th=1&psc=1"><img src="https://m.media-amazon.com/images/I/51Oz8SNo83L._SL500_.jpg" alt="Product Image"></a><p>Nature Valley Crunchy Oats 'n Honey Granola Bars, 60 Bars, 44.7 OZ (30 Pouches)</p><p> -33% 0FF </p><p>$7.49 ($0.17 / Ounce)</p><a href="https://www.amazon.com/dp/B0025W9A5C?tag=eloabder-20&linkCode=osi&th=1&psc=1">View Product</a></div><div class="product"><a href="https://www.amazon.com/dp/B01MRZZ3KC?tag=eloabder-20&linkCode=osi&th=1&psc=1"><img src="https://m.media-amazon.com/images/I/512IgtvlLyL._SL500_.jpg" alt="Product Image"></a><p>Quaker Chewy Granola Bars, Chocolate Chip, 58 Count - Packaging May Vary</p><p> -9% 0FF </p><p>$11.19 ($0.23 / Ounce)</p><a href="https://www.amazon.com/dp/B01MRZZ3KC?tag=eloabder-20&linkCode=osi&th=1&psc=1">View Product</a></div><div class="product"><a href="https://www.amazon.com/dp/B00GHPC47O?tag=eloabder-20&linkCode=osi&th=1&psc=1"><img src="https://m.media-amazon.com/images/I/51YsdKn53VS._SL500_.jpg" alt="Product Image"></a><p>Quaker Chewy Granola Bars, Variety Pack, 18 Count</p><p> -20% 0FF </p><p>$3.97 ($0.26 / Ounce)</p><a href="https://www.amazon.com/dp/B00GHPC47O?tag=eloabder-20&linkCode=osi&th=1&psc=1">View Product</a></div><div class="product"><a href="https://www.amazon.com/dp/B0D9R1BMJR?tag=eloabder-20&linkCode=osi&th=1&psc=1"><img src="https://m.media-amazon.com/images/I/51ksmfNpCJL._SL500_.jpg" alt="Product Image"></a><p>Quaker Chewy Granola Bars, Chewy & Dipps Variety Pack, (58 Bars), Whole Grains, No Artificial Flavors, No Added Colors</p><p> -31% 0FF </p><p>$11.87 ($0.22 / Ounce)</p><a href="https://www.amazon.com/dp/B0D9R1BMJR?tag=eloabder-20&linkCode=osi&th=1&psc=1">View Product</a></div><div class="product"><a href="https://www.amazon.com/dp/B077KYKYKN?tag=eloabder-20&linkCode=osi&th=1&psc=1"><img src="https://m.media-amazon.com/images/I/51qz85lOK2S._SL500_.jpg" alt="Product Image"></a><p>Quaker Chewy Lower Sugar Granola Bars, Chocolate Chip, 58 Count</p><p> -35% 0FF </p><p>$11.19 ($0.23 / Ounce)</p><a href="https://www.amazon.com/dp/B077KYKYKN?tag=eloabder-20&linkCode=osi&th=1&psc=1">View Product</a></div>
<div class="product"><a href="https://www.amazon.com/dp/B07VVGKHLH?tag=eloabder-20&linkCode=osi&th=1&psc=1"><img src="https://m.media-amazon.com/images/I/31hbAFlUK6L._SL500_.jpg" alt="Product Image"></a><p>Amazon Grocery, Garlic Powder, 3.9 Oz (Previously Happy Belly, Packaging May Vary)</p><p> -17% 0FF </p><p>$1.30 ($0.33 / Ounce)</p><a href="https://www.amazon.com/dp/B07VVGKHLH?tag=eloabder-20&linkCode=osi&th=1&psc=1">View Product</a></div>
<div class="product"><a href="https://www.amazon.com/dp/B000WHSD5A?tag=eloabder-20&linkCode=osi&th=1&psc=1"><img src="https://m.media-amazon.com/images/I/41QwGSr0+IL._SL500_.jpg" alt="Product Image"></a><p>Heinz Tomato Ketchup, 20 oz Bottle</p><p> -36% 0FF </p><p>$2.23 ($0.11 / Ounce)</p><a href="https://www.amazon.com/dp/B000WHSD5A?tag=eloabder-20&linkCode=osi&th=1&psc=1">View Product</a></div><div class="product"><a href="https://www.amazon.com/dp/B0005YKO8E?tag=eloabder-20&linkCode=osi&th=1&psc=1"><img src="https://m.media-amazon.com/images/I/41AFhgJ5V7L._SL500_.jpg" alt="Product Image"></a><p>Heinz Tomato Ketchup, 14 oz Bottle</p><p> -36% 0FF </p><p>$1.56 ($0.11 / Ounce)</p><a href="https://www.amazon.com/dp/B0005YKO8E?tag=eloabder-20&linkCode=osi&th=1&psc=1">View Product</a></div><div class="product"><a href="https://www.amazon.com/dp/B01B2OVUAG?tag=eloabder-20&linkCode=osi&th=1&psc=1"><img src="https://m.media-amazon.com/images/I/41gaLzbBsDL._SL500_.jpg" alt="Product Image"></a><p>Heinz Organic Tomato Ketchup, 32 oz Bottle</p><p> -47% 0FF </p><p>$3.67 ($0.11 / Ounce)</p><a href="https://www.amazon.com/dp/B01B2OVUAG?tag=eloabder-20&linkCode=osi&th=1&psc=1">View Product</a></div>
<div class="product"><a href="https://www.amazon.com/dp/B015UBV4N0?tag=eloabder-20&linkCode=osi&th=1&psc=1"><img src="https://m.media-amazon.com/images/I/51NRndhNwoL._SL500_.jpg" alt="Product Image"></a><p>Crofters Organic Premium Spread, Strawberry, 16.5 oz</p><p> -20% 0FF </p><p>$4.96 ($0.30 / oz)</p><a href="https://www.amazon.com/dp/B015UBV4N0?tag=eloabder-20&linkCode=osi&th=1&psc=1">View Product</a></div>
<div class="product"><a href="https://www.amazon.com/dp/B097RW44HZ?tag=eloabder-20&linkCode=osi&th=1&psc=1"><img src="https://m.media-amazon.com/images/I/51OhVkU8+PL._SL500_.jpg" alt="Product Image"></a><p>Apexy Jelly Fruit Candy – Assorted Fruit Flavors, Halloween Treat Juicy Chewy Gel Snacks, Kids & Adults Party Favors, Fun Treats for Goodie Bags & Events 46.9oz (1330g)</p><p> -7% 0FF </p><p>$12.99 ($0.28 / Ounce)</p><a href="https://www.amazon.com/dp/B097RW44HZ?tag=eloabder-20&linkCode=osi&th=1&psc=1">View Product</a></div><div class="product"><a href="https://www.amazon.com/dp/B00099XN56?tag=eloabder-20&linkCode=osi&th=1&psc=1"><img src="https://m.media-amazon.com/images/I/41twfbi883L._SL500_.jpg" alt="Product Image"></a><p>Smucker's Jelly, Mixed Fruit, 12 oz (340 g)</p><p> -11% 0FF </p><p>$9.94 ($0.83 / Ounce)</p><a href="https://www.amazon.com/dp/B00099XN56?tag=eloabder-20&linkCode=osi&th=1&psc=1">View Product</a></div>
<div class="product"><a href="https://www.amazon.com/dp/B0005Z6ZK4?tag=eloabder-20&linkCode=osi&th=1&psc=1"><img src="https://m.media-amazon.com/images/I/31dtADxAZbL._SL500_.jpg" alt="Product Image"></a><p>Nutella Hazelnut Spread with Cocoa, Creamy Hazelnut Spread, Breakfast Favorite, 13 oz Jar</p><p> -30% 0FF </p><p>$3.48 ($0.27 / Ounce)</p><a href="https://www.amazon.com/dp/B0005Z6ZK4?tag=eloabder-20&linkCode=osi&th=1&psc=1">View Product</a></div><div class="product"><a href="https://www.amazon.com/dp/B09PN9S9D4?tag=eloabder-20&linkCode=osi&th=1&psc=1"><img src="https://m.media-amazon.com/images/I/41VpA06vqaL._SL500_.jpg" alt="Product Image"></a><p>Amazon Grocery, Hazelnut Spread With Cocoa, 26.5 Oz (Previously Amazon Fresh, Packaging May Vary)</p><p> -17% 0FF </p><p>$4.12 ($0.16 / Ounce)</p><a href="https://www.amazon.com/dp/B09PN9S9D4?tag=eloabder-20&linkCode=osi&th=1&psc=1">View Product</a></div>
<div class="product"><a href="https://www.amazon.com/dp/B0052BFNLS?tag=eloabder-20&linkCode=osi&th=1&psc=1"><img src="https://m.media-amazon.com/images/I/31Tfk-0-ybL._SL500_.jpg" alt="Product Image"></a><p>Pompeian Gourmet Red Wine Vinegar, Naturally Gluten-Free, 30 Fl Oz</p><p> -5% 0FF </p><p>$5.33 ($0.18 / Fl Oz)</p><a href="https://www.amazon.com/dp/B0052BFNLS?tag=eloabder-20&linkCode=osi&th=1&psc=1">View Product</a></div><div class="product"><a href="https://www.amazon.com/dp/B005AYB38O?tag=eloabder-20&linkCode=osi&th=1&psc=1"><img src="https://m.media-amazon.com/images/I/31tJRcbnsfL._SL500_.jpg" alt="Product Image"></a><p>Napa Valley Naturals Organic Red Wine Vinegar, 12.7 Ounces</p><p> -51% 0FF </p><p>$5.50 ($0.43 / Ounce)</p><a href="https://www.amazon.com/dp/B005AYB38O?tag=eloabder-20&linkCode=osi&th=1&psc=1">View Product</a></div><div class="product"><a href="https://www.amazon.com/dp/B00H1CJG00?tag=eloabder-20&linkCode=osi&th=1&psc=1"><img src="https://m.media-amazon.com/images/I/31pl1n1OONL._SL500_.jpg" alt="Product Image"></a><p>Colavita Wine Vinegar - Red Wine Vinegar, 17 Fl Oz</p><p> -21% 0FF </p><p>$9.51 ($0.56 / Fl Oz)</p><a href="https://www.amazon.com/dp/B00H1CJG00?tag=eloabder-20&linkCode=osi&th=1&psc=1">View Product</a></div>









<div class="product"><a href="https://www.amazon.com/dp/B074H5ZHFH?tag=eloabder-20&linkCode=osi&th=1&psc=1"><img src="https://m.media-amazon.com/images/I/410ymBds87L._SL500_.jpg" alt="Product Image"></a><p>365 by Whole Foods Market, Organic Penne Rigate, 16 Ounce</p><p> -10% 0FF </p><p>$1.97 ($0.12 / Ounce)</p><a href="https://www.amazon.com/dp/B074H5ZHFH?tag=eloabder-20&linkCode=osi&th=1&psc=1">View Product</a></div><div class="product"><a href="https://www.amazon.com/dp/B007MNYZ2M?tag=eloabder-20&linkCode=osi&th=1&psc=1"><img src="https://m.media-amazon.com/images/I/41dAZBCU7kS._SL500_.jpg" alt="Product Image"></a><p>Rummo Italian Pasta Penne Rigate No. 66, Always Al Dente (1lb Package)</p><p> -32% 0FF </p><p>$7.12 ($0.44 / Ounce)</p><a href="https://www.amazon.com/dp/B007MNYZ2M?tag=eloabder-20&linkCode=osi&th=1&psc=1">View Product</a></div><div class="product"><a href="https://www.amazon.com/dp/B07NSRQYNP?tag=eloabder-20&linkCode=osi&th=1&psc=1"><img src="https://m.media-amazon.com/images/I/413HwweC7iL._SL500_.jpg" alt="Product Image"></a><p>Rao's Homemade Penne Pasta, 16oz, Traditionally Crafted, Premium Quality, From Durum Semolina Flour, Traditional Bronze Die Cut, Imported from Italy</p><p> -24% 0FF </p><p>$2.18 ($0.14 / Fl Oz)</p><a href="https://www.amazon.com/dp/B07NSRQYNP?tag=eloabder-20&linkCode=osi&th=1&psc=1">View Product</a></div>
<div class="product"><a href="https://www.amazon.com/dp/B00112UBOG?tag=eloabder-20&linkCode=osi&th=1&psc=1"><img src="https://m.media-amazon.com/images/I/51coh9-N5gL._SL500_.jpg" alt="Product Image"></a><p>RiceSelect Arborio Rice for Italian Risotto, Premium Gluten-Free Rice, Non-GMO, 32-Ounce Jar, (Pack of 1)</p><p> -21% 0FF </p><p>$5.99 ($0.19 / Ounces)</p><a href="https://www.amazon.com/dp/B00112UBOG?tag=eloabder-20&linkCode=osi&th=1&psc=1">View Product</a></div>


<div class="product"><a href="https://www.amazon.com/dp/B0BZB9D92K?tag=eloabder-20&linkCode=osi&th=1&psc=1"><img src="https://m.media-amazon.com/images/I/41q74mciXOL._SL500_.jpg" alt="Product Image"></a><p>Amazon Grocery, Canned Pinto Beans, 15.5 Oz (Previously Amazon Fresh, Packaging May Vary)</p><p> -34% 0FF </p><p>$0.55 ($0.04 / Ounce)</p><a href="https://www.amazon.com/dp/B0BZB9D92K?tag=eloabder-20&linkCode=osi&th=1&psc=1">View Product</a></div>
<div class="product"><a href="https://www.amazon.com/dp/B0BZJNJTYV?tag=eloabder-20&linkCode=osi&th=1&psc=1"><img src="https://m.media-amazon.com/images/I/41lSsx2pjSL._SL500_.jpg" alt="Product Image"></a><p>Amazon Grocery, Sweet Peas, 15 Oz (Previously Amazon Fresh, Packaging May Vary)</p><p> -56% 0FF </p><p>$0.71 ($0.05 / Ounce)</p><a href="https://www.amazon.com/dp/B0BZJNJTYV?tag=eloabder-20&linkCode=osi&th=1&psc=1">View Product</a></div><div class="product"><a href="https://www.amazon.com/dp/B078T19Y9X?tag=eloabder-20&linkCode=osi&th=1&psc=1"><img src="https://m.media-amazon.com/images/I/51z+piSY1JL._SL500_.jpg" alt="Product Image"></a><p>DEL MONTE Sweet Peas Canned Vegetables, 12 Pack, 15 oz Can</p><p> -36% 0FF </p><p>$10.08 ($0.06 / Ounce)</p><a href="https://www.amazon.com/dp/B078T19Y9X?tag=eloabder-20&linkCode=osi&th=1&psc=1">View Product</a></div>
<div class="product"><a href="https://www.amazon.com/dp/B00GDVBHU2?tag=eloabder-20&linkCode=osi&th=1&psc=1"><img src="https://m.media-amazon.com/images/I/51BjG0g4q5L._SL500_.jpg" alt="Product Image"></a><p>Blue Diamond Almonds, Raw Whole Natural, 16 Ounce</p><p> -12% 0FF </p><p>$5.99 ($0.37 / Ounce)</p><a href="https://www.amazon.com/dp/B00GDVBHU2?tag=eloabder-20&linkCode=osi&th=1&psc=1">View Product</a></div>

<div class="product"><a href="https://www.amazon.com/dp/B07W1WKDSC?tag=eloabder-20&linkCode=osi&th=1&psc=1"><img src="https://m.media-amazon.com/images/I/31nTopuj99L._SL500_.jpg" alt="Product Image"></a><p>Amazon Grocery, Basil Leaves, 0.95 Oz (Previously Happy Belly, Packaging May Vary)</p><p> -17% 0FF </p><p>$1.59 ($1.67 / Ounce)</p><a href="https://www.amazon.com/dp/B07W1WKDSC?tag=eloabder-20&linkCode=osi&th=1&psc=1">View Product</a></div>

<div class="product"><a href="https://www.amazon.com/dp/B07VXL2JRG?tag=eloabder-20&linkCode=osi&th=1&psc=1"><img src="https://m.media-amazon.com/images/I/31ou5P5dqeL._SL500_.jpg" alt="Product Image"></a><p>Amazon Grocery, Ground Cumin, 2.6 Oz (Previously Happy Belly, Packaging May Vary)</p><p> -17% 0FF </p><p>$1.16 ($0.45 / Ounce)</p><a href="https://www.amazon.com/dp/B07VXL2JRG?tag=eloabder-20&linkCode=osi&th=1&psc=1">View Product</a></div>

<div class="product"><a href="https://www.amazon.com/dp/B07P8M5ZT1?tag=eloabder-20&linkCode=osi&th=1&psc=1"><img src="https://m.media-amazon.com/images/I/31+0qVbfagL._SL500_.jpg" alt="Product Image"></a><p>Amazon Grocery, Olive Oil, Medium Flavor, 16.9 Fl Oz (Previously Amazon Fresh, Packaging May Vary)</p><p> -17% 0FF </p><p>$4.50 ($0.27 / Ounce)</p><a href="https://www.amazon.com/dp/B07P8M5ZT1?tag=eloabder-20&linkCode=osi&th=1&psc=1">View Product</a></div>
<div class="product"><a href="https://www.amazon.com/dp/B00IY5HREA?tag=eloabder-20&linkCode=osi&th=1&psc=1"><img src="https://m.media-amazon.com/images/I/31n5MDrL-QL._SL500_.jpg" alt="Product Image"></a><p>Colavita Balsamic Vinegar of Modena, 17 Ounce Bottle</p><p> -9% 0FF </p><p>$4.22 ($0.25 / Fl Oz)</p><a href="https://www.amazon.com/dp/B00IY5HREA?tag=eloabder-20&linkCode=osi&th=1&psc=1">View Product</a></div><div class="product"><a href="https://www.amazon.com/dp/B0FHNXDWYB?tag=eloabder-20&linkCode=osi&th=1&psc=1"><img src="https://m.media-amazon.com/images/I/41AJ0vvzsSL._SL500_.jpg" alt="Product Image"></a><p>Paolo Natural Orange Balsamic Vinegar, Artisan Crafted, 36-Month Oak Barrel Aged, Sweet & Sour Flavor for Salad Dressings, Pasta, Desserts, Glass Bottle, 5.40 fl oz (160ml)</p><p> -9% 0FF </p><p>$29.99 ($5.55 / Fl Oz)</p><a href="https://www.amazon.com/dp/B0FHNXDWYB?tag=eloabder-20&linkCode=osi&th=1&psc=1">View Product</a></div>
<div class="product"><a href="https://www.amazon.com/dp/B0B46R31XD?tag=eloabder-20&linkCode=osi&th=1&psc=1"><img src="https://m.media-amazon.com/images/I/5176SDI1iyL._SL500_.jpg" alt="Product Image"></a><p>Contadina Canned Tomato Sauce, 15 oz (Pack of 4 Cans)</p><p> -8% 0FF </p><p>$3.98 ($0.07 / Ounce)</p><a href="https://www.amazon.com/dp/B0B46R31XD?tag=eloabder-20&linkCode=osi&th=1&psc=1">View Product</a></div>


<div class="product"><a href="https://www.amazon.com/dp/B07179XBP9?tag=eloabder-20&linkCode=osi&th=1&psc=1"><img src="https://m.media-amazon.com/images/I/61vs7ucqGKL._SL500_.jpg" alt="Product Image"></a><p>Lay's Potato Chips, 4 Flavor Variety Pack, 1 oz Single Serve Bags, (40 Pack)</p><p> -19% 0FF </p><p>$13.19 ($0.33 / Count)</p><a href="https://www.amazon.com/dp/B07179XBP9?tag=eloabder-20&linkCode=osi&th=1&psc=1">View Product</a></div><div class="product"><a href="https://www.amazon.com/dp/B07X1KPLNQ?tag=eloabder-20&linkCode=osi&th=1&psc=1"><img src="https://m.media-amazon.com/images/I/41grpp95ftL._SL500_.jpg" alt="Product Image"></a><p>Amazon Fresh, Wavy Potato Chips, 11 Oz (Previously Happy Belly, Packaging May Vary)</p><p> -12% 0FF </p><p>$2.67 ($0.24 / Ounce)</p><a href="https://www.amazon.com/dp/B07X1KPLNQ?tag=eloabder-20&linkCode=osi&th=1&psc=1">View Product</a></div>


<div class="product"><a href="https://www.amazon.com/dp/B09NPB2DNT?tag=eloabder-20&linkCode=osi&th=1&psc=1"><img src="https://m.media-amazon.com/images/I/41EB1IsYvHL._SL500_.jpg" alt="Product Image"></a><p>M&M'S, SNICKERS & MILKY WAY Fun Size Chocolate Candy Variety Pack, Assorted Chocolate Candy Variety Pack for Halloween, Party Size, 19.2 Oz Bulk Bag</p><p> -6% 0FF </p><p>$8.99 ($0.47 / Ounce)</p><a href="https://www.amazon.com/dp/B09NPB2DNT?tag=eloabder-20&linkCode=osi&th=1&psc=1">View Product</a></div><div class="product"><a href="https://www.amazon.com/dp/B0DVM7JWP6?tag=eloabder-20&linkCode=osi&th=1&psc=1"><img src="https://m.media-amazon.com/images/I/51Lc-U8ExNL._SL500_.jpg" alt="Product Image"></a><p>Butterfinger, CRUNCH, Baby Ruth, 100 Grand Mini and Fun Size Assorted Candy Bars, Bulk 80 Count Pack, 32.1 oz</p><p> -20% 0FF </p><p>$11.19</p><a href="https://www.amazon.com/dp/B0DVM7JWP6?tag=eloabder-20&linkCode=osi&th=1&psc=1">View Product</a></div><div class="product"><a href="https://www.amazon.com/dp/B09NMX9CGB?tag=eloabder-20&linkCode=osi&th=1&psc=1"><img src="https://m.media-amazon.com/images/I/51donixesTL._SL500_.jpg" alt="Product Image"></a><p>Butterfinger, CRUNCH, Baby Ruth, 100 Grand Fun Size Assorted Candy Bars, Great for Sharing, Bulk 60 Count Pack, 37.2 oz</p><p> -20% 0FF </p><p>$11.79 ($0.32 / Ounce)</p><a href="https://www.amazon.com/dp/B09NMX9CGB?tag=eloabder-20&linkCode=osi&th=1&psc=1">View Product</a></div>




<div class="product"><a href="https://www.amazon.com/dp/B01B8V7ACA?tag=eloabder-20&linkCode=osi&th=1&psc=1"><img src="https://m.media-amazon.com/images/I/41vAit7Po9L._SL500_.jpg" alt="Product Image"></a><p>EPIC Rendered Duck Fat, Keto and Paleo Friendly, Whole30 Approved, Gluten Free, 11 oz Jar</p><p> -15% 0FF </p><p>$14.99 ($1.36 / Ounce)</p><a href="https://www.amazon.com/dp/B01B8V7ACA?tag=eloabder-20&linkCode=osi&th=1&psc=1">View Product</a></div>







<div class="product"><a href="https://www.amazon.com/dp/B006SMJTII?tag=eloabder-20&linkCode=osi&th=1&psc=1"><img src="https://m.media-amazon.com/images/I/51of6XbR9+L._SL500_.jpg" alt="Product Image"></a><p>Seawatch Chopped Sea Clams Ready to Use 51oz.Can</p><p> -10% 0FF </p><p>$22.99 ($0.45 / Ounce)</p><a href="https://www.amazon.com/dp/B006SMJTII?tag=eloabder-20&linkCode=osi&th=1&psc=1">View Product</a></div><div class="product"><a href="https://www.amazon.com/dp/B000LLIY5G?tag=eloabder-20&linkCode=osi&th=1&psc=1"><img src="https://m.media-amazon.com/images/I/514NKBSRlDL._SL500_.jpg" alt="Product Image"></a><p>Pacific Pearl Fancy Whole Smoked Clams in Oil 3.75 oz (Pack of 12)</p><p> -33% 0FF </p><p>$22.20 ($0.49 / Ounce)</p><a href="https://www.amazon.com/dp/B000LLIY5G?tag=eloabder-20&linkCode=osi&th=1&psc=1">View Product</a></div><div class="product"><a href="https://www.amazon.com/dp/B0098J1Q5C?tag=eloabder-20&linkCode=osi&th=1&psc=1"><img src="https://m.media-amazon.com/images/I/319Er+O-xCL._SL500_.jpg" alt="Product Image"></a><p>Bar Harbor Clam Juice, 8 Fl Oz</p><p> -6% 0FF </p><p>$9.07 ($1.13 / Ounce)</p><a href="https://www.amazon.com/dp/B0098J1Q5C?tag=eloabder-20&linkCode=osi&th=1&psc=1">View Product</a></div>



<div class="product"><a href="https://www.amazon.com/dp/B0CLPJXJM9?tag=eloabder-20&linkCode=osi&th=1&psc=1"><img src="https://m.media-amazon.com/images/I/41vYg6vCbHL._SL500_.jpg" alt="Product Image"></a><p>Renna, Grilled Eggplant, Roasted Marinaded Eggplants preserved in oil,10.58 oz, A Taste of the Mediterranean, Crafted in Italy, Renna Delights, Product of Italy</p><p> -7% 0FF </p><p>$13.99 ($21.16 / lb)</p><a href="https://www.amazon.com/dp/B0CLPJXJM9?tag=eloabder-20&linkCode=osi&th=1&psc=1">View Product</a></div>

<div class="product"><a href="https://www.amazon.com/dp/B0025W9A5C?tag=eloabder-20&linkCode=osi&th=1&psc=1"><img src="https://m.media-amazon.com/images/I/51Oz8SNo83L._SL500_.jpg" alt="Product Image"></a><p>Nature Valley Crunchy Oats 'n Honey Granola Bars, 60 Bars, 44.7 OZ (30 Pouches)</p><p> -33% 0FF </p><p>$7.49 ($0.17 / Ounce)</p><a href="https://www.amazon.com/dp/B0025W9A5C?tag=eloabder-20&linkCode=osi&th=1&psc=1">View Product</a></div><div class="product"><a href="https://www.amazon.com/dp/B01MRZZ3KC?tag=eloabder-20&linkCode=osi&th=1&psc=1"><img src="https://m.media-amazon.com/images/I/512IgtvlLyL._SL500_.jpg" alt="Product Image"></a><p>Quaker Chewy Granola Bars, Chocolate Chip, 58 Count - Packaging May Vary</p><p> -9% 0FF </p><p>$11.19 ($0.23 / Ounce)</p><a href="https://www.amazon.com/dp/B01MRZZ3KC?tag=eloabder-20&linkCode=osi&th=1&psc=1">View Product</a></div><div class="product"><a href="https://www.amazon.com/dp/B00GHPC47O?tag=eloabder-20&linkCode=osi&th=1&psc=1"><img src="https://m.media-amazon.com/images/I/51YsdKn53VS._SL500_.jpg" alt="Product Image"></a><p>Quaker Chewy Granola Bars, Variety Pack, 18 Count</p><p> -20% 0FF </p><p>$3.97 ($0.26 / Ounce)</p><a href="https://www.amazon.com/dp/B00GHPC47O?tag=eloabder-20&linkCode=osi&th=1&psc=1">View Product</a></div><div class="product"><a href="https://www.amazon.com/dp/B0D9R1BMJR?tag=eloabder-20&linkCode=osi&th=1&psc=1"><img src="https://m.media-amazon.com/images/I/51ksmfNpCJL._SL500_.jpg" alt="Product Image"></a><p>Quaker Chewy Granola Bars, Chewy & Dipps Variety Pack, (58 Bars), Whole Grains, No Artificial Flavors, No Added Colors</p><p> -31% 0FF </p><p>$11.87 ($0.22 / Ounce)</p><a href="https://www.amazon.com/dp/B0D9R1BMJR?tag=eloabder-20&linkCode=osi&th=1&psc=1">View Product</a></div><div class="product"><a href="https://www.amazon.com/dp/B077KYKYKN?tag=eloabder-20&linkCode=osi&th=1&psc=1"><img src="https://m.media-amazon.com/images/I/51qz85lOK2S._SL500_.jpg" alt="Product Image"></a><p>Quaker Chewy Lower Sugar Granola Bars, Chocolate Chip, 58 Count</p><p> -35% 0FF </p><p>$11.19 ($0.23 / Ounce)</p><a href="https://www.amazon.com/dp/B077KYKYKN?tag=eloabder-20&linkCode=osi&th=1&psc=1">View Product</a></div>
<div class="product"><a href="https://www.amazon.com/dp/B07VVGKHLH?tag=eloabder-20&linkCode=osi&th=1&psc=1"><img src="https://m.media-amazon.com/images/I/31hbAFlUK6L._SL500_.jpg" alt="Product Image"></a><p>Amazon Grocery, Garlic Powder, 3.9 Oz (Previously Happy Belly, Packaging May Vary)</p><p> -17% 0FF </p><p>$1.30 ($0.33 / Ounce)</p><a href="https://www.amazon.com/dp/B07VVGKHLH?tag=eloabder-20&linkCode=osi&th=1&psc=1">View Product</a></div>
<div class="product"><a href="https://www.amazon.com/dp/B000WHSD5A?tag=eloabder-20&linkCode=osi&th=1&psc=1"><img src="https://m.media-amazon.com/images/I/41QwGSr0+IL._SL500_.jpg" alt="Product Image"></a><p>Heinz Tomato Ketchup, 20 oz Bottle</p><p> -36% 0FF </p><p>$2.23 ($0.11 / Ounce)</p><a href="https://www.amazon.com/dp/B000WHSD5A?tag=eloabder-20&linkCode=osi&th=1&psc=1">View Product</a></div><div class="product"><a href="https://www.amazon.com/dp/B0005YKO8E?tag=eloabder-20&linkCode=osi&th=1&psc=1"><img src="https://m.media-amazon.com/images/I/41AFhgJ5V7L._SL500_.jpg" alt="Product Image"></a><p>Heinz Tomato Ketchup, 14 oz Bottle</p><p> -36% 0FF </p><p>$1.56 ($0.11 / Ounce)</p><a href="https://www.amazon.com/dp/B0005YKO8E?tag=eloabder-20&linkCode=osi&th=1&psc=1">View Product</a></div><div class="product"><a href="https://www.amazon.com/dp/B01B2OVUAG?tag=eloabder-20&linkCode=osi&th=1&psc=1"><img src="https://m.media-amazon.com/images/I/41gaLzbBsDL._SL500_.jpg" alt="Product Image"></a><p>Heinz Organic Tomato Ketchup, 32 oz Bottle</p><p> -47% 0FF </p><p>$3.67 ($0.11 / Ounce)</p><a href="https://www.amazon.com/dp/B01B2OVUAG?tag=eloabder-20&linkCode=osi&th=1&psc=1">View Product</a></div>
<div class="product"><a href="https://www.amazon.com/dp/B015UBV4N0?tag=eloabder-20&linkCode=osi&th=1&psc=1"><img src="https://m.media-amazon.com/images/I/51NRndhNwoL._SL500_.jpg" alt="Product Image"></a><p>Crofters Organic Premium Spread, Strawberry, 16.5 oz</p><p> -20% 0FF </p><p>$4.96 ($0.30 / oz)</p><a href="https://www.amazon.com/dp/B015UBV4N0?tag=eloabder-20&linkCode=osi&th=1&psc=1">View Product</a></div>
<div class="product"><a href="https://www.amazon.com/dp/B097RW44HZ?tag=eloabder-20&linkCode=osi&th=1&psc=1"><img src="https://m.media-amazon.com/images/I/51OhVkU8+PL._SL500_.jpg" alt="Product Image"></a><p>Apexy Jelly Fruit Candy – Assorted Fruit Flavors, Halloween Treat Juicy Chewy Gel Snacks, Kids & Adults Party Favors, Fun Treats for Goodie Bags & Events 46.9oz (1330g)</p><p> -7% 0FF </p><p>$12.99 ($0.28 / Ounce)</p><a href="https://www.amazon.com/dp/B097RW44HZ?tag=eloabder-20&linkCode=osi&th=1&psc=1">View Product</a></div><div class="product"><a href="https://www.amazon.com/dp/B00099XN56?tag=eloabder-20&linkCode=osi&th=1&psc=1"><img src="https://m.media-amazon.com/images/I/41twfbi883L._SL500_.jpg" alt="Product Image"></a><p>Smucker's Jelly, Mixed Fruit, 12 oz (340 g)</p><p> -11% 0FF </p><p>$9.94 ($0.83 / Ounce)</p><a href="https://www.amazon.com/dp/B00099XN56?tag=eloabder-20&linkCode=osi&th=1&psc=1">View Product</a></div>
<div class="product"><a href="https://www.amazon.com/dp/B0005Z6ZK4?tag=eloabder-20&linkCode=osi&th=1&psc=1"><img src="https://m.media-amazon.com/images/I/31dtADxAZbL._SL500_.jpg" alt="Product Image"></a><p>Nutella Hazelnut Spread with Cocoa, Creamy Hazelnut Spread, Breakfast Favorite, 13 oz Jar</p><p> -30% 0FF </p><p>$3.48 ($0.27 / Ounce)</p><a href="https://www.amazon.com/dp/B0005Z6ZK4?tag=eloabder-20&linkCode=osi&th=1&psc=1">View Product</a></div><div class="product"><a href="https://www.amazon.com/dp/B09PN9S9D4?tag=eloabder-20&linkCode=osi&th=1&psc=1"><img src="https://m.media-amazon.com/images/I/41VpA06vqaL._SL500_.jpg" alt="Product Image"></a><p>Amazon Grocery, Hazelnut Spread With Cocoa, 26.5 Oz (Previously Amazon Fresh, Packaging May Vary)</p><p> -17% 0FF </p><p>$4.12 ($0.16 / Ounce)</p><a href="https://www.amazon.com/dp/B09PN9S9D4?tag=eloabder-20&linkCode=osi&th=1&psc=1">View Product</a></div>
<div class="product"><a href="https://www.amazon.com/dp/B0052BFNLS?tag=eloabder-20&linkCode=osi&th=1&psc=1"><img src="https://m.media-amazon.com/images/I/31Tfk-0-ybL._SL500_.jpg" alt="Product Image"></a><p>Pompeian Gourmet Red Wine Vinegar, Naturally Gluten-Free, 30 Fl Oz</p><p> -5% 0FF </p><p>$5.33 ($0.18 / Fl Oz)</p><a href="https://www.amazon.com/dp/B0052BFNLS?tag=eloabder-20&linkCode=osi&th=1&psc=1">View Product</a></div><div class="product"><a href="https://www.amazon.com/dp/B005AYB38O?tag=eloabder-20&linkCode=osi&th=1&psc=1"><img src="https://m.media-amazon.com/images/I/31tJRcbnsfL._SL500_.jpg" alt="Product Image"></a><p>Napa Valley Naturals Organic Red Wine Vinegar, 12.7 Ounces</p><p> -51% 0FF </p><p>$5.50 ($0.43 / Ounce)</p><a href="https://www.amazon.com/dp/B005AYB38O?tag=eloabder-20&linkCode=osi&th=1&psc=1">View Product</a></div><div class="product"><a href="https://www.amazon.com/dp/B00H1CJG00?tag=eloabder-20&linkCode=osi&th=1&psc=1"><img src="https://m.media-amazon.com/images/I/31pl1n1OONL._SL500_.jpg" alt="Product Image"></a><p>Colavita Wine Vinegar - Red Wine Vinegar, 17 Fl Oz</p><p> -21% 0FF </p><p>$9.51 ($0.56 / Fl Oz)</p><a href="https://www.amazon.com/dp/B00H1CJG00?tag=eloabder-20&linkCode=osi&th=1&psc=1">View Product</a></div>









<div class="product"><a href="https://www.amazon.com/dp/B074H5ZHFH?tag=eloabder-20&linkCode=osi&th=1&psc=1"><img src="https://m.media-amazon.com/images/I/410ymBds87L._SL500_.jpg" alt="Product Image"></a><p>365 by Whole Foods Market, Organic Penne Rigate, 16 Ounce</p><p> -10% 0FF </p><p>$1.97 ($0.12 / Ounce)</p><a href="https://www.amazon.com/dp/B074H5ZHFH?tag=eloabder-20&linkCode=osi&th=1&psc=1">View Product</a></div><div class="product"><a href="https://www.amazon.com/dp/B007MNYZ2M?tag=eloabder-20&linkCode=osi&th=1&psc=1"><img src="https://m.media-amazon.com/images/I/41dAZBCU7kS._SL500_.jpg" alt="Product Image"></a><p>Rummo Italian Pasta Penne Rigate No. 66, Always Al Dente (1lb Package)</p><p> -32% 0FF </p><p>$7.12 ($0.44 / Ounce)</p><a href="https://www.amazon.com/dp/B007MNYZ2M?tag=eloabder-20&linkCode=osi&th=1&psc=1">View Product</a></div><div class="product"><a href="https://www.amazon.com/dp/B07NSRQYNP?tag=eloabder-20&linkCode=osi&th=1&psc=1"><img src="https://m.media-amazon.com/images/I/413HwweC7iL._SL500_.jpg" alt="Product Image"></a><p>Rao's Homemade Penne Pasta, 16oz, Traditionally Crafted, Premium Quality, From Durum Semolina Flour, Traditional Bronze Die Cut, Imported from Italy</p><p> -24% 0FF </p><p>$2.18 ($0.14 / Fl Oz)</p><a href="https://www.amazon.com/dp/B07NSRQYNP?tag=eloabder-20&linkCode=osi&th=1&psc=1">View Product</a></div>
<div class="product"><a href="https://www.amazon.com/dp/B00112UBOG?tag=eloabder-20&linkCode=osi&th=1&psc=1"><img src="https://m.media-amazon.com/images/I/51coh9-N5gL._SL500_.jpg" alt="Product Image"></a><p>RiceSelect Arborio Rice for Italian Risotto, Premium Gluten-Free Rice, Non-GMO, 32-Ounce Jar, (Pack of 1)</p><p> -21% 0FF </p><p>$5.99 ($0.19 / Ounces)</p><a href="https://www.amazon.com/dp/B00112UBOG?tag=eloabder-20&linkCode=osi&th=1&psc=1">View Product</a></div>


<div class="product"><a href="https://www.amazon.com/dp/B0BZB9D92K?tag=eloabder-20&linkCode=osi&th=1&psc=1"><img src="https://m.media-amazon.com/images/I/41q74mciXOL._SL500_.jpg" alt="Product Image"></a><p>Amazon Grocery, Canned Pinto Beans, 15.5 Oz (Previously Amazon Fresh, Packaging May Vary)</p><p> -34% 0FF </p><p>$0.55 ($0.04 / Ounce)</p><a href="https://www.amazon.com/dp/B0BZB9D92K?tag=eloabder-20&linkCode=osi&th=1&psc=1">View Product</a></div>
<div class="product"><a href="https://www.amazon.com/dp/B0BZJNJTYV?tag=eloabder-20&linkCode=osi&th=1&psc=1"><img src="https://m.media-amazon.com/images/I/41lSsx2pjSL._SL500_.jpg" alt="Product Image"></a><p>Amazon Grocery, Sweet Peas, 15 Oz (Previously Amazon Fresh, Packaging May Vary)</p><p> -56% 0FF </p><p>$0.71 ($0.05 / Ounce)</p><a href="https://www.amazon.com/dp/B0BZJNJTYV?tag=eloabder-20&linkCode=osi&th=1&psc=1">View Product</a></div><div class="product"><a href="https://www.amazon.com/dp/B078T19Y9X?tag=eloabder-20&linkCode=osi&th=1&psc=1"><img src="https://m.media-amazon.com/images/I/51z+piSY1JL._SL500_.jpg" alt="Product Image"></a><p>DEL MONTE Sweet Peas Canned Vegetables, 12 Pack, 15 oz Can</p><p> -36% 0FF </p><p>$10.08 ($0.06 / Ounce)</p><a href="https://www.amazon.com/dp/B078T19Y9X?tag=eloabder-20&linkCode=osi&th=1&psc=1">View Product</a></div>
<div class="product"><a href="https://www.amazon.com/dp/B00GDVBHU2?tag=eloabder-20&linkCode=osi&th=1&psc=1"><img src="https://m.media-amazon.com/images/I/51BjG0g4q5L._SL500_.jpg" alt="Product Image"></a><p>Blue Diamond Almonds, Raw Whole Natural, 16 Ounce</p><p> -12% 0FF </p><p>$5.99 ($0.37 / Ounce)</p><a href="https://www.amazon.com/dp/B00GDVBHU2?tag=eloabder-20&linkCode=osi&th=1&psc=1">View Product</a></div>

<div class="product"><a href="https://www.amazon.com/dp/B07W1WKDSC?tag=eloabder-20&linkCode=osi&th=1&psc=1"><img src="https://m.media-amazon.com/images/I/31nTopuj99L._SL500_.jpg" alt="Product Image"></a><p>Amazon Grocery, Basil Leaves, 0.95 Oz (Previously Happy Belly, Packaging May Vary)</p><p> -17% 0FF </p><p>$1.59 ($1.67 / Ounce)</p><a href="https://www.amazon.com/dp/B07W1WKDSC?tag=eloabder-20&linkCode=osi&th=1&psc=1">View Product</a></div>

<div class="product"><a href="https://www.amazon.com/dp/B07VXL2JRG?tag=eloabder-20&linkCode=osi&th=1&psc=1"><img src="https://m.media-amazon.com/images/I/31ou5P5dqeL._SL500_.jpg" alt="Product Image"></a><p>Amazon Grocery, Ground Cumin, 2.6 Oz (Previously Happy Belly, Packaging May Vary)</p><p> -17% 0FF </p><p>$1.16 ($0.45 / Ounce)</p><a href="https://www.amazon.com/dp/B07VXL2JRG?tag=eloabder-20&linkCode=osi&th=1&psc=1">View Product</a></div>

<div class="product"><a href="https://www.amazon.com/dp/B07P8M5ZT1?tag=eloabder-20&linkCode=osi&th=1&psc=1"><img src="https://m.media-amazon.com/images/I/31+0qVbfagL._SL500_.jpg" alt="Product Image"></a><p>Amazon Grocery, Olive Oil, Medium Flavor, 16.9 Fl Oz (Previously Amazon Fresh, Packaging May Vary)</p><p> -17% 0FF </p><p>$4.50 ($0.27 / Ounce)</p><a href="https://www.amazon.com/dp/B07P8M5ZT1?tag=eloabder-20&linkCode=osi&th=1&psc=1">View Product</a></div>
<div class="product"><a href="https://www.amazon.com/dp/B00IY5HREA?tag=eloabder-20&linkCode=osi&th=1&psc=1"><img src="https://m.media-amazon.com/images/I/31n5MDrL-QL._SL500_.jpg" alt="Product Image"></a><p>Colavita Balsamic Vinegar of Modena, 17 Ounce Bottle</p><p> -9% 0FF </p><p>$4.22 ($0.25 / Fl Oz)</p><a href="https://www.amazon.com/dp/B00IY5HREA?tag=eloabder-20&linkCode=osi&th=1&psc=1">View Product</a></div><div class="product"><a href="https://www.amazon.com/dp/B0FHNXDWYB?tag=eloabder-20&linkCode=osi&th=1&psc=1"><img src="https://m.media-amazon.com/images/I/41AJ0vvzsSL._SL500_.jpg" alt="Product Image"></a><p>Paolo Natural Orange Balsamic Vinegar, Artisan Crafted, 36-Month Oak Barrel Aged, Sweet & Sour Flavor for Salad Dressings, Pasta, Desserts, Glass Bottle, 5.40 fl oz (160ml)</p><p> -9% 0FF </p><p>$29.99 ($5.55 / Fl Oz)</p><a href="https://www.amazon.com/dp/B0FHNXDWYB?tag=eloabder-20&linkCode=osi&th=1&psc=1">View Product</a></div>
<div class="product"><a href="https://www.amazon.com/dp/B0B46R31XD?tag=eloabder-20&linkCode=osi&th=1&psc=1"><img src="https://m.media-amazon.com/images/I/5176SDI1iyL._SL500_.jpg" alt="Product Image"></a><p>Contadina Canned Tomato Sauce, 15 oz (Pack of 4 Cans)</p><p> -8% 0FF </p><p>$3.98 ($0.07 / Ounce)</p><a href="https://www.amazon.com/dp/B0B46R31XD?tag=eloabder-20&linkCode=osi&th=1&psc=1">View Product</a></div>


<div class="product"><a href="https://www.amazon.com/dp/B07179XBP9?tag=eloabder-20&linkCode=osi&th=1&psc=1"><img src="https://m.media-amazon.com/images/I/61vs7ucqGKL._SL500_.jpg" alt="Product Image"></a><p>Lay's Potato Chips, 4 Flavor Variety Pack, 1 oz Single Serve Bags, (40 Pack)</p><p> -19% 0FF </p><p>$13.19 ($0.33 / Count)</p><a href="https://www.amazon.com/dp/B07179XBP9?tag=eloabder-20&linkCode=osi&th=1&psc=1">View Product</a></div><div class="product"><a href="https://www.amazon.com/dp/B07X1KPLNQ?tag=eloabder-20&linkCode=osi&th=1&psc=1"><img src="https://m.media-amazon.com/images/I/41grpp95ftL._SL500_.jpg" alt="Product Image"></a><p>Amazon Fresh, Wavy Potato Chips, 11 Oz (Previously Happy Belly, Packaging May Vary)</p><p> -12% 0FF </p><p>$2.67 ($0.24 / Ounce)</p><a href="https://www.amazon.com/dp/B07X1KPLNQ?tag=eloabder-20&linkCode=osi&th=1&psc=1">View Product</a></div>


<div class="product"><a href="https://www.amazon.com/dp/B09NPB2DNT?tag=eloabder-20&linkCode=osi&th=1&psc=1"><img src="https://m.media-amazon.com/images/I/41EB1IsYvHL._SL500_.jpg" alt="Product Image"></a><p>M&M'S, SNICKERS & MILKY WAY Fun Size Chocolate Candy Variety Pack, Assorted Chocolate Candy Variety Pack for Halloween, Party Size, 19.2 Oz Bulk Bag</p><p> -6% 0FF </p><p>$8.99 ($0.47 / Ounce)</p><a href="https://www.amazon.com/dp/B09NPB2DNT?tag=eloabder-20&linkCode=osi&th=1&psc=1">View Product</a></div><div class="product"><a href="https://www.amazon.com/dp/B0DVM7JWP6?tag=eloabder-20&linkCode=osi&th=1&psc=1"><img src="https://m.media-amazon.com/images/I/51Lc-U8ExNL._SL500_.jpg" alt="Product Image"></a><p>Butterfinger, CRUNCH, Baby Ruth, 100 Grand Mini and Fun Size Assorted Candy Bars, Bulk 80 Count Pack, 32.1 oz</p><p> -20% 0FF </p><p>$11.19</p><a href="https://www.amazon.com/dp/B0DVM7JWP6?tag=eloabder-20&linkCode=osi&th=1&psc=1">View Product</a></div><div class="product"><a href="https://www.amazon.com/dp/B09NMX9CGB?tag=eloabder-20&linkCode=osi&th=1&psc=1"><img src="https://m.media-amazon.com/images/I/51donixesTL._SL500_.jpg" alt="Product Image"></a><p>Butterfinger, CRUNCH, Baby Ruth, 100 Grand Fun Size Assorted Candy Bars, Great for Sharing, Bulk 60 Count Pack, 37.2 oz</p><p> -20% 0FF </p><p>$11.79 ($0.32 / Ounce)</p><a href="https://www.amazon.com/dp/B09NMX9CGB?tag=eloabder-20&linkCode=osi&th=1&psc=1">View Product</a></div>




<div class="product"><a href="https://www.amazon.com/dp/B01B8V7ACA?tag=eloabder-20&linkCode=osi&th=1&psc=1"><img src="https://m.media-amazon.com/images/I/41vAit7Po9L._SL500_.jpg" alt="Product Image"></a><p>EPIC Rendered Duck Fat, Keto and Paleo Friendly, Whole30 Approved, Gluten Free, 11 oz Jar</p><p> -15% 0FF </p><p>$14.99 ($1.36 / Ounce)</p><a href="https://www.amazon.com/dp/B01B8V7ACA?tag=eloabder-20&linkCode=osi&th=1&psc=1">View Product</a></div>







<div class="product"><a href="https://www.amazon.com/dp/B006SMJTII?tag=eloabder-20&linkCode=osi&th=1&psc=1"><img src="https://m.media-amazon.com/images/I/51of6XbR9+L._SL500_.jpg" alt="Product Image"></a><p>Seawatch Chopped Sea Clams Ready to Use 51oz.Can</p><p> -10% 0FF </p><p>$22.99 ($0.45 / Ounce)</p><a href="https://www.amazon.com/dp/B006SMJTII?tag=eloabder-20&linkCode=osi&th=1&psc=1">View Product</a></div><div class="product"><a href="https://www.amazon.com/dp/B000LLIY5G?tag=eloabder-20&linkCode=osi&th=1&psc=1"><img src="https://m.media-amazon.com/images/I/514NKBSRlDL._SL500_.jpg" alt="Product Image"></a><p>Pacific Pearl Fancy Whole Smoked Clams in Oil 3.75 oz (Pack of 12)</p><p> -33% 0FF </p><p>$22.20 ($0.49 / Ounce)</p><a href="https://www.amazon.com/dp/B000LLIY5G?tag=eloabder-20&linkCode=osi&th=1&psc=1">View Product</a></div><div class="product"><a href="https://www.amazon.com/dp/B0098J1Q5C?tag=eloabder-20&linkCode=osi&th=1&psc=1"><img src="https://m.media-amazon.com/images/I/319Er+O-xCL._SL500_.jpg" alt="Product Image"></a><p>Bar Harbor Clam Juice, 8 Fl Oz</p><p> -6% 0FF </p><p>$9.07 ($1.13 / Ounce)</p><a href="https://www.amazon.com/dp/B0098J1Q5C?tag=eloabder-20&linkCode=osi&th=1&psc=1">View Product</a></div>



<div class="product"><a href="https://www.amazon.com/dp/B0CLPJXJM9?tag=eloabder-20&linkCode=osi&th=1&psc=1"><img src="https://m.media-amazon.com/images/I/41vYg6vCbHL._SL500_.jpg" alt="Product Image"></a><p>Renna, Grilled Eggplant, Roasted Marinaded Eggplants preserved in oil,10.58 oz, A Taste of the Mediterranean, Crafted in Italy, Renna Delights, Product of Italy</p><p> -7% 0FF </p><p>$13.99 ($21.16 / lb)</p><a href="https://www.amazon.com/dp/B0CLPJXJM9?tag=eloabder-20&linkCode=osi&th=1&psc=1">View Product</a></div>


<div class="product"><a href="https://www.amazon.com/dp/B0025W9A5C?tag=eloabder-20&linkCode=osi&th=1&psc=1"><img src="https://m.media-amazon.com/images/I/51Oz8SNo83L._SL500_.jpg" alt="Product Image"></a><p>Nature Valley Crunchy Oats 'n Honey Granola Bars, 60 Bars, 44.7 OZ (30 Pouches)</p><p> -33% 0FF </p><p>$7.49 ($0.17 / Ounce)</p><a href="https://www.amazon.com/dp/B0025W9A5C?tag=eloabder-20&linkCode=osi&th=1&psc=1">View Product</a></div><div class="product"><a href="https://www.amazon.com/dp/B01MRZZ3KC?tag=eloabder-20&linkCode=osi&th=1&psc=1"><img src="https://m.media-amazon.com/images/I/512IgtvlLyL._SL500_.jpg" alt="Product Image"></a><p>Quaker Chewy Granola Bars, Chocolate Chip, 58 Count - Packaging May Vary</p><p> -9% 0FF </p><p>$11.19 ($0.23 / Ounce)</p><a href="https://www.amazon.com/dp/B01MRZZ3KC?tag=eloabder-20&linkCode=osi&th=1&psc=1">View Product</a></div><div class="product"><a href="https://www.amazon.com/dp/B00GHPC47O?tag=eloabder-20&linkCode=osi&th=1&psc=1"><img src="https://m.media-amazon.com/images/I/51YsdKn53VS._SL500_.jpg" alt="Product Image"></a><p>Quaker Chewy Granola Bars, Variety Pack, 18 Count</p><p> -20% 0FF </p><p>$3.97 ($0.26 / Ounce)</p><a href="https://www.amazon.com/dp/B00GHPC47O?tag=eloabder-20&linkCode=osi&th=1&psc=1">View Product</a></div><div class="product"><a href="https://www.amazon.com/dp/B0D9R1BMJR?tag=eloabder-20&linkCode=osi&th=1&psc=1"><img src="https://m.media-amazon.com/images/I/51ksmfNpCJL._SL500_.jpg" alt="Product Image"></a><p>Quaker Chewy Granola Bars, Chewy & Dipps Variety Pack, (58 Bars), Whole Grains, No Artificial Flavors, No Added Colors</p><p> -31% 0FF </p><p>$11.87 ($0.22 / Ounce)</p><a href="https://www.amazon.com/dp/B0D9R1BMJR?tag=eloabder-20&linkCode=osi&th=1&psc=1">View Product</a></div><div class="product"><a href="https://www.amazon.com/dp/B077KYKYKN?tag=eloabder-20&linkCode=osi&th=1&psc=1"><img src="https://m.media-amazon.com/images/I/51qz85lOK2S._SL500_.jpg" alt="Product Image"></a><p>Quaker Chewy Lower Sugar Granola Bars, Chocolate Chip, 58 Count</p><p> -35% 0FF </p><p>$11.19 ($0.23 / Ounce)</p><a href="https://www.amazon.com/dp/B077KYKYKN?tag=eloabder-20&linkCode=osi&th=1&psc=1">View Product</a></div>
<div class="product"><a href="https://www.amazon.com/dp/B07VVGKHLH?tag=eloabder-20&linkCode=osi&th=1&psc=1"><img src="https://m.media-amazon.com/images/I/31hbAFlUK6L._SL500_.jpg" alt="Product Image"></a><p>Amazon Grocery, Garlic Powder, 3.9 Oz (Previously Happy Belly, Packaging May Vary)</p><p> -17% 0FF </p><p>$1.30 ($0.33 / Ounce)</p><a href="https://www.amazon.com/dp/B07VVGKHLH?tag=eloabder-20&linkCode=osi&th=1&psc=1">View Product</a></div>
<div class="product"><a href="https://www.amazon.com/dp/B000WHSD5A?tag=eloabder-20&linkCode=osi&th=1&psc=1"><img src="https://m.media-amazon.com/images/I/41QwGSr0+IL._SL500_.jpg" alt="Product Image"></a><p>Heinz Tomato Ketchup, 20 oz Bottle</p><p> -36% 0FF </p><p>$2.23 ($0.11 / Ounce)</p><a href="https://www.amazon.com/dp/B000WHSD5A?tag=eloabder-20&linkCode=osi&th=1&psc=1">View Product</a></div><div class="product"><a href="https://www.amazon.com/dp/B0005YKO8E?tag=eloabder-20&linkCode=osi&th=1&psc=1"><img src="https://m.media-amazon.com/images/I/41AFhgJ5V7L._SL500_.jpg" alt="Product Image"></a><p>Heinz Tomato Ketchup, 14 oz Bottle</p><p> -36% 0FF </p><p>$1.56 ($0.11 / Ounce)</p><a href="https://www.amazon.com/dp/B0005YKO8E?tag=eloabder-20&linkCode=osi&th=1&psc=1">View Product</a></div><div class="product"><a href="https://www.amazon.com/dp/B01B2OVUAG?tag=eloabder-20&linkCode=osi&th=1&psc=1"><img src="https://m.media-amazon.com/images/I/41gaLzbBsDL._SL500_.jpg" alt="Product Image"></a><p>Heinz Organic Tomato Ketchup, 32 oz Bottle</p><p> -47% 0FF </p><p>$3.67 ($0.11 / Ounce)</p><a href="https://www.amazon.com/dp/B01B2OVUAG?tag=eloabder-20&linkCode=osi&th=1&psc=1">View Product</a></div>
<div class="product"><a href="https://www.amazon.com/dp/B015UBV4N0?tag=eloabder-20&linkCode=osi&th=1&psc=1"><img src="https://m.media-amazon.com/images/I/51NRndhNwoL._SL500_.jpg" alt="Product Image"></a><p>Crofters Organic Premium Spread, Strawberry, 16.5 oz</p><p> -20% 0FF </p><p>$4.96 ($0.30 / oz)</p><a href="https://www.amazon.com/dp/B015UBV4N0?tag=eloabder-20&linkCode=osi&th=1&psc=1">View Product</a></div>
<div class="product"><a href="https://www.amazon.com/dp/B097RW44HZ?tag=eloabder-20&linkCode=osi&th=1&psc=1"><img src="https://m.media-amazon.com/images/I/51OhVkU8+PL._SL500_.jpg" alt="Product Image"></a><p>Apexy Jelly Fruit Candy – Assorted Fruit Flavors, Halloween Treat Juicy Chewy Gel Snacks, Kids & Adults Party Favors, Fun Treats for Goodie Bags & Events 46.9oz (1330g)</p><p> -7% 0FF </p><p>$12.99 ($0.28 / Ounce)</p><a href="https://www.amazon.com/dp/B097RW44HZ?tag=eloabder-20&linkCode=osi&th=1&psc=1">View Product</a></div><div class="product"><a href="https://www.amazon.com/dp/B00099XN56?tag=eloabder-20&linkCode=osi&th=1&psc=1"><img src="https://m.media-amazon.com/images/I/41twfbi883L._SL500_.jpg" alt="Product Image"></a><p>Smucker's Jelly, Mixed Fruit, 12 oz (340 g)</p><p> -11% 0FF </p><p>$9.94 ($0.83 / Ounce)</p><a href="https://www.amazon.com/dp/B00099XN56?tag=eloabder-20&linkCode=osi&th=1&psc=1">View Product</a></div>
<div class="product"><a href="https://www.amazon.com/dp/B0005Z6ZK4?tag=eloabder-20&linkCode=osi&th=1&psc=1"><img src="https://m.media-amazon.com/images/I/31dtADxAZbL._SL500_.jpg" alt="Product Image"></a><p>Nutella Hazelnut Spread with Cocoa, Creamy Hazelnut Spread, Breakfast Favorite, 13 oz Jar</p><p> -30% 0FF </p><p>$3.48 ($0.27 / Ounce)</p><a href="https://www.amazon.com/dp/B0005Z6ZK4?tag=eloabder-20&linkCode=osi&th=1&psc=1">View Product</a></div><div class="product"><a href="https://www.amazon.com/dp/B09PN9S9D4?tag=eloabder-20&linkCode=osi&th=1&psc=1"><img src="https://m.media-amazon.com/images/I/41VpA06vqaL._SL500_.jpg" alt="Product Image"></a><p>Amazon Grocery, Hazelnut Spread With Cocoa, 26.5 Oz (Previously Amazon Fresh, Packaging May Vary)</p><p> -17% 0FF </p><p>$4.12 ($0.16 / Ounce)</p><a href="https://www.amazon.com/dp/B09PN9S9D4?tag=eloabder-20&linkCode=osi&th=1&psc=1">View Product</a></div>
<div class="product"><a href="https://www.amazon.com/dp/B0052BFNLS?tag=eloabder-20&linkCode=osi&th=1&psc=1"><img src="https://m.media-amazon.com/images/I/31Tfk-0-ybL._SL500_.jpg" alt="Product Image"></a><p>Pompeian Gourmet Red Wine Vinegar, Naturally Gluten-Free, 30 Fl Oz</p><p> -5% 0FF </p><p>$5.33 ($0.18 / Fl Oz)</p><a href="https://www.amazon.com/dp/B0052BFNLS?tag=eloabder-20&linkCode=osi&th=1&psc=1">View Product</a></div><div class="product"><a href="https://www.amazon.com/dp/B005AYB38O?tag=eloabder-20&linkCode=osi&th=1&psc=1"><img src="https://m.media-amazon.com/images/I/31tJRcbnsfL._SL500_.jpg" alt="Product Image"></a><p>Napa Valley Naturals Organic Red Wine Vinegar, 12.7 Ounces</p><p> -51% 0FF </p><p>$5.50 ($0.43 / Ounce)</p><a href="https://www.amazon.com/dp/B005AYB38O?tag=eloabder-20&linkCode=osi&th=1&psc=1">View Product</a></div><div class="product"><a href="https://www.amazon.com/dp/B00H1CJG00?tag=eloabder-20&linkCode=osi&th=1&psc=1"><img src="https://m.media-amazon.com/images/I/31pl1n1OONL._SL500_.jpg" alt="Product Image"></a><p>Colavita Wine Vinegar - Red Wine Vinegar, 17 Fl Oz</p><p> -21% 0FF </p><p>$9.51 ($0.56 / Fl Oz)</p><a href="https://www.amazon.com/dp/B00H1CJG00?tag=eloabder-20&linkCode=osi&th=1&psc=1">View Product</a></div>









<div class="product"><a href="https://www.amazon.com/dp/B074H5ZHFH?tag=eloabder-20&linkCode=osi&th=1&psc=1"><img src="https://m.media-amazon.com/images/I/410ymBds87L._SL500_.jpg" alt="Product Image"></a><p>365 by Whole Foods Market, Organic Penne Rigate, 16 Ounce</p><p> -10% 0FF </p><p>$1.97 ($0.12 / Ounce)</p><a href="https://www.amazon.com/dp/B074H5ZHFH?tag=eloabder-20&linkCode=osi&th=1&psc=1">View Product</a></div><div class="product"><a href="https://www.amazon.com/dp/B007MNYZ2M?tag=eloabder-20&linkCode=osi&th=1&psc=1"><img src="https://m.media-amazon.com/images/I/41dAZBCU7kS._SL500_.jpg" alt="Product Image"></a><p>Rummo Italian Pasta Penne Rigate No. 66, Always Al Dente (1lb Package)</p><p> -32% 0FF </p><p>$7.12 ($0.44 / Ounce)</p><a href="https://www.amazon.com/dp/B007MNYZ2M?tag=eloabder-20&linkCode=osi&th=1&psc=1">View Product</a></div><div class="product"><a href="https://www.amazon.com/dp/B07NSRQYNP?tag=eloabder-20&linkCode=osi&th=1&psc=1"><img src="https://m.media-amazon.com/images/I/413HwweC7iL._SL500_.jpg" alt="Product Image"></a><p>Rao's Homemade Penne Pasta, 16oz, Traditionally Crafted, Premium Quality, From Durum Semolina Flour, Traditional Bronze Die Cut, Imported from Italy</p><p> -24% 0FF </p><p>$2.18 ($0.14 / Fl Oz)</p><a href="https://www.amazon.com/dp/B07NSRQYNP?tag=eloabder-20&linkCode=osi&th=1&psc=1">View Product</a></div>
<div class="product"><a href="https://www.amazon.com/dp/B00112UBOG?tag=eloabder-20&linkCode=osi&th=1&psc=1"><img src="https://m.media-amazon.com/images/I/51coh9-N5gL._SL500_.jpg" alt="Product Image"></a><p>RiceSelect Arborio Rice for Italian Risotto, Premium Gluten-Free Rice, Non-GMO, 32-Ounce Jar, (Pack of 1)</p><p> -21% 0FF </p><p>$5.99 ($0.19 / Ounces)</p><a href="https://www.amazon.com/dp/B00112UBOG?tag=eloabder-20&linkCode=osi&th=1&psc=1">View Product</a></div>


<div class="product"><a href="https://www.amazon.com/dp/B0BZB9D92K?tag=eloabder-20&linkCode=osi&th=1&psc=1"><img src="https://m.media-amazon.com/images/I/41q74mciXOL._SL500_.jpg" alt="Product Image"></a><p>Amazon Grocery, Canned Pinto Beans, 15.5 Oz (Previously Amazon Fresh, Packaging May Vary)</p><p> -34% 0FF </p><p>$0.55 ($0.04 / Ounce)</p><a href="https://www.amazon.com/dp/B0BZB9D92K?tag=eloabder-20&linkCode=osi&th=1&psc=1">View Product</a></div>
<div class="product"><a href="https://www.amazon.com/dp/B0BZJNJTYV?tag=eloabder-20&linkCode=osi&th=1&psc=1"><img src="https://m.media-amazon.com/images/I/41lSsx2pjSL._SL500_.jpg" alt="Product Image"></a><p>Amazon Grocery, Sweet Peas, 15 Oz (Previously Amazon Fresh, Packaging May Vary)</p><p> -56% 0FF </p><p>$0.71 ($0.05 / Ounce)</p><a href="https://www.amazon.com/dp/B0BZJNJTYV?tag=eloabder-20&linkCode=osi&th=1&psc=1">View Product</a></div><div class="product"><a href="https://www.amazon.com/dp/B078T19Y9X?tag=eloabder-20&linkCode=osi&th=1&psc=1"><img src="https://m.media-amazon.com/images/I/51z+piSY1JL._SL500_.jpg" alt="Product Image"></a><p>DEL MONTE Sweet Peas Canned Vegetables, 12 Pack, 15 oz Can</p><p> -36% 0FF </p><p>$10.08 ($0.06 / Ounce)</p><a href="https://www.amazon.com/dp/B078T19Y9X?tag=eloabder-20&linkCode=osi&th=1&psc=1">View Product</a></div>
<div class="product"><a href="https://www.amazon.com/dp/B00GDVBHU2?tag=eloabder-20&linkCode=osi&th=1&psc=1"><img src="https://m.media-amazon.com/images/I/51BjG0g4q5L._SL500_.jpg" alt="Product Image"></a><p>Blue Diamond Almonds, Raw Whole Natural, 16 Ounce</p><p> -12% 0FF </p><p>$5.99 ($0.37 / Ounce)</p><a href="https://www.amazon.com/dp/B00GDVBHU2?tag=eloabder-20&linkCode=osi&th=1&psc=1">View Product</a></div>

<div class="product"><a href="https://www.amazon.com/dp/B07W1WKDSC?tag=eloabder-20&linkCode=osi&th=1&psc=1"><img src="https://m.media-amazon.com/images/I/31nTopuj99L._SL500_.jpg" alt="Product Image"></a><p>Amazon Grocery, Basil Leaves, 0.95 Oz (Previously Happy Belly, Packaging May Vary)</p><p> -17% 0FF </p><p>$1.59 ($1.67 / Ounce)</p><a href="https://www.amazon.com/dp/B07W1WKDSC?tag=eloabder-20&linkCode=osi&th=1&psc=1">View Product</a></div>

<div class="product"><a href="https://www.amazon.com/dp/B07VXL2JRG?tag=eloabder-20&linkCode=osi&th=1&psc=1"><img src="https://m.media-amazon.com/images/I/31ou5P5dqeL._SL500_.jpg" alt="Product Image"></a><p>Amazon Grocery, Ground Cumin, 2.6 Oz (Previously Happy Belly, Packaging May Vary)</p><p> -17% 0FF </p><p>$1.16 ($0.45 / Ounce)</p><a href="https://www.amazon.com/dp/B07VXL2JRG?tag=eloabder-20&linkCode=osi&th=1&psc=1">View Product</a></div>

<div class="product"><a href="https://www.amazon.com/dp/B07P8M5ZT1?tag=eloabder-20&linkCode=osi&th=1&psc=1"><img src="https://m.media-amazon.com/images/I/31+0qVbfagL._SL500_.jpg" alt="Product Image"></a><p>Amazon Grocery, Olive Oil, Medium Flavor, 16.9 Fl Oz (Previously Amazon Fresh, Packaging May Vary)</p><p> -17% 0FF </p><p>$4.50 ($0.27 / Ounce)</p><a href="https://www.amazon.com/dp/B07P8M5ZT1?tag=eloabder-20&linkCode=osi&th=1&psc=1">View Product</a></div>
<div class="product"><a href="https://www.amazon.com/dp/B00IY5HREA?tag=eloabder-20&linkCode=osi&th=1&psc=1"><img src="https://m.media-amazon.com/images/I/31n5MDrL-QL._SL500_.jpg" alt="Product Image"></a><p>Colavita Balsamic Vinegar of Modena, 17 Ounce Bottle</p><p> -9% 0FF </p><p>$4.22 ($0.25 / Fl Oz)</p><a href="https://www.amazon.com/dp/B00IY5HREA?tag=eloabder-20&linkCode=osi&th=1&psc=1">View Product</a></div><div class="product"><a href="https://www.amazon.com/dp/B0FHNXDWYB?tag=eloabder-20&linkCode=osi&th=1&psc=1"><img src="https://m.media-amazon.com/images/I/41AJ0vvzsSL._SL500_.jpg" alt="Product Image"></a><p>Paolo Natural Orange Balsamic Vinegar, Artisan Crafted, 36-Month Oak Barrel Aged, Sweet & Sour Flavor for Salad Dressings, Pasta, Desserts, Glass Bottle, 5.40 fl oz (160ml)</p><p> -9% 0FF </p><p>$29.99 ($5.55 / Fl Oz)</p><a href="https://www.amazon.com/dp/B0FHNXDWYB?tag=eloabder-20&linkCode=osi&th=1&psc=1">View Product</a></div>
<div class="product"><a href="https://www.amazon.com/dp/B0B46R31XD?tag=eloabder-20&linkCode=osi&th=1&psc=1"><img src="https://m.media-amazon.com/images/I/5176SDI1iyL._SL500_.jpg" alt="Product Image"></a><p>Contadina Canned Tomato Sauce, 15 oz (Pack of 4 Cans)</p><p> -8% 0FF </p><p>$3.98 ($0.07 / Ounce)</p><a href="https://www.amazon.com/dp/B0B46R31XD?tag=eloabder-20&linkCode=osi&th=1&psc=1">View Product</a></div>


<div class="product"><a href="https://www.amazon.com/dp/B07179XBP9?tag=eloabder-20&linkCode=osi&th=1&psc=1"><img src="https://m.media-amazon.com/images/I/61vs7ucqGKL._SL500_.jpg" alt="Product Image"></a><p>Lay's Potato Chips, 4 Flavor Variety Pack, 1 oz Single Serve Bags, (40 Pack)</p><p> -19% 0FF </p><p>$13.19 ($0.33 / Count)</p><a href="https://www.amazon.com/dp/B07179XBP9?tag=eloabder-20&linkCode=osi&th=1&psc=1">View Product</a></div><div class="product"><a href="https://www.amazon.com/dp/B07X1KPLNQ?tag=eloabder-20&linkCode=osi&th=1&psc=1"><img src="https://m.media-amazon.com/images/I/41grpp95ftL._SL500_.jpg" alt="Product Image"></a><p>Amazon Fresh, Wavy Potato Chips, 11 Oz (Previously Happy Belly, Packaging May Vary)</p><p> -12% 0FF </p><p>$2.67 ($0.24 / Ounce)</p><a href="https://www.amazon.com/dp/B07X1KPLNQ?tag=eloabder-20&linkCode=osi&th=1&psc=1">View Product</a></div>


<div class="product"><a href="https://www.amazon.com/dp/B09NPB2DNT?tag=eloabder-20&linkCode=osi&th=1&psc=1"><img src="https://m.media-amazon.com/images/I/41EB1IsYvHL._SL500_.jpg" alt="Product Image"></a><p>M&M'S, SNICKERS & MILKY WAY Fun Size Chocolate Candy Variety Pack, Assorted Chocolate Candy Variety Pack for Halloween, Party Size, 19.2 Oz Bulk Bag</p><p> -6% 0FF </p><p>$8.99 ($0.47 / Ounce)</p><a href="https://www.amazon.com/dp/B09NPB2DNT?tag=eloabder-20&linkCode=osi&th=1&psc=1">View Product</a></div><div class="product"><a href="https://www.amazon.com/dp/B0DVM7JWP6?tag=eloabder-20&linkCode=osi&th=1&psc=1"><img src="https://m.media-amazon.com/images/I/51Lc-U8ExNL._SL500_.jpg" alt="Product Image"></a><p>Butterfinger, CRUNCH, Baby Ruth, 100 Grand Mini and Fun Size Assorted Candy Bars, Bulk 80 Count Pack, 32.1 oz</p><p> -20% 0FF </p><p>$11.19</p><a href="https://www.amazon.com/dp/B0DVM7JWP6?tag=eloabder-20&linkCode=osi&th=1&psc=1">View Product</a></div><div class="product"><a href="https://www.amazon.com/dp/B09NMX9CGB?tag=eloabder-20&linkCode=osi&th=1&psc=1"><img src="https://m.media-amazon.com/images/I/51donixesTL._SL500_.jpg" alt="Product Image"></a><p>Butterfinger, CRUNCH, Baby Ruth, 100 Grand Fun Size Assorted Candy Bars, Great for Sharing, Bulk 60 Count Pack, 37.2 oz</p><p> -20% 0FF </p><p>$11.79 ($0.32 / Ounce)</p><a href="https://www.amazon.com/dp/B09NMX9CGB?tag=eloabder-20&linkCode=osi&th=1&psc=1">View Product</a></div>




<div class="product"><a href="https://www.amazon.com/dp/B01B8V7ACA?tag=eloabder-20&linkCode=osi&th=1&psc=1"><img src="https://m.media-amazon.com/images/I/41vAit7Po9L._SL500_.jpg" alt="Product Image"></a><p>EPIC Rendered Duck Fat, Keto and Paleo Friendly, Whole30 Approved, Gluten Free, 11 oz Jar</p><p> -15% 0FF </p><p>$14.99 ($1.36 / Ounce)</p><a href="https://www.amazon.com/dp/B01B8V7ACA?tag=eloabder-20&linkCode=osi&th=1&psc=1">View Product</a></div>







<div class="product"><a href="https://www.amazon.com/dp/B006SMJTII?tag=eloabder-20&linkCode=osi&th=1&psc=1"><img src="https://m.media-amazon.com/images/I/51of6XbR9+L._SL500_.jpg" alt="Product Image"></a><p>Seawatch Chopped Sea Clams Ready to Use 51oz.Can</p><p> -10% 0FF </p><p>$22.99 ($0.45 / Ounce)</p><a href="https://www.amazon.com/dp/B006SMJTII?tag=eloabder-20&linkCode=osi&th=1&psc=1">View Product</a></div><div class="product"><a href="https://www.amazon.com/dp/B000LLIY5G?tag=eloabder-20&linkCode=osi&th=1&psc=1"><img src="https://m.media-amazon.com/images/I/514NKBSRlDL._SL500_.jpg" alt="Product Image"></a><p>Pacific Pearl Fancy Whole Smoked Clams in Oil 3.75 oz (Pack of 12)</p><p> -33% 0FF </p><p>$22.20 ($0.49 / Ounce)</p><a href="https://www.amazon.com/dp/B000LLIY5G?tag=eloabder-20&linkCode=osi&th=1&psc=1">View Product</a></div><div class="product"><a href="https://www.amazon.com/dp/B0098J1Q5C?tag=eloabder-20&linkCode=osi&th=1&psc=1"><img src="https://m.media-amazon.com/images/I/319Er+O-xCL._SL500_.jpg" alt="Product Image"></a><p>Bar Harbor Clam Juice, 8 Fl Oz</p><p> -6% 0FF </p><p>$9.07 ($1.13 / Ounce)</p><a href="https://www.amazon.com/dp/B0098J1Q5C?tag=eloabder-20&linkCode=osi&th=1&psc=1">View Product</a></div>



<div class="product"><a href="https://www.amazon.com/dp/B0CLPJXJM9?tag=eloabder-20&linkCode=osi&th=1&psc=1"><img src="https://m.media-amazon.com/images/I/41vYg6vCbHL._SL500_.jpg" alt="Product Image"></a><p>Renna, Grilled Eggplant, Roasted Marinaded Eggplants preserved in oil,10.58 oz, A Taste of the Mediterranean, Crafted in Italy, Renna Delights, Product of Italy</p><p> -7% 0FF </p><p>$13.99 ($21.16 / lb)</p><a href="https://www.amazon.com/dp/B0CLPJXJM9?tag=eloabder-20&linkCode=osi&th=1&psc=1">View Product</a></div>



<div class="product"><a href="https://www.amazon.com/dp/B0025W9A5C?tag=eloabder-20&linkCode=osi&th=1&psc=1"><img src="https://m.media-amazon.com/images/I/51Oz8SNo83L._SL500_.jpg" alt="Product Image"></a><p>Nature Valley Crunchy Oats 'n Honey Granola Bars, 60 Bars, 44.7 OZ (30 Pouches)</p><p> -33% 0FF </p><p>$7.49 ($0.17 / Ounce)</p><a href="https://www.amazon.com/dp/B0025W9A5C?tag=eloabder-20&linkCode=osi&th=1&psc=1">View Product</a></div><div class="product"><a href="https://www.amazon.com/dp/B01MRZZ3KC?tag=eloabder-20&linkCode=osi&th=1&psc=1"><img src="https://m.media-amazon.com/images/I/512IgtvlLyL._SL500_.jpg" alt="Product Image"></a><p>Quaker Chewy Granola Bars, Chocolate Chip, 58 Count - Packaging May Vary</p><p> -9% 0FF </p><p>$11.19 ($0.23 / Ounce)</p><a href="https://www.amazon.com/dp/B01MRZZ3KC?tag=eloabder-20&linkCode=osi&th=1&psc=1">View Product</a></div><div class="product"><a href="https://www.amazon.com/dp/B00GHPC47O?tag=eloabder-20&linkCode=osi&th=1&psc=1"><img src="https://m.media-amazon.com/images/I/51YsdKn53VS._SL500_.jpg" alt="Product Image"></a><p>Quaker Chewy Granola Bars, Variety Pack, 18 Count</p><p> -20% 0FF </p><p>$3.97 ($0.26 / Ounce)</p><a href="https://www.amazon.com/dp/B00GHPC47O?tag=eloabder-20&linkCode=osi&th=1&psc=1">View Product</a></div><div class="product"><a href="https://www.amazon.com/dp/B0D9R1BMJR?tag=eloabder-20&linkCode=osi&th=1&psc=1"><img src="https://m.media-amazon.com/images/I/51ksmfNpCJL._SL500_.jpg" alt="Product Image"></a><p>Quaker Chewy Granola Bars, Chewy & Dipps Variety Pack, (58 Bars), Whole Grains, No Artificial Flavors, No Added Colors</p><p> -31% 0FF </p><p>$11.87 ($0.22 / Ounce)</p><a href="https://www.amazon.com/dp/B0D9R1BMJR?tag=eloabder-20&linkCode=osi&th=1&psc=1">View Product</a></div><div class="product"><a href="https://www.amazon.com/dp/B077KYKYKN?tag=eloabder-20&linkCode=osi&th=1&psc=1"><img src="https://m.media-amazon.com/images/I/51qz85lOK2S._SL500_.jpg" alt="Product Image"></a><p>Quaker Chewy Lower Sugar Granola Bars, Chocolate Chip, 58 Count</p><p> -35% 0FF </p><p>$11.19 ($0.23 / Ounce)</p><a href="https://www.amazon.com/dp/B077KYKYKN?tag=eloabder-20&linkCode=osi&th=1&psc=1">View Product</a></div>
<div class="product"><a href="https://www.amazon.com/dp/B07VVGKHLH?tag=eloabder-20&linkCode=osi&th=1&psc=1"><img src="https://m.media-amazon.com/images/I/31hbAFlUK6L._SL500_.jpg" alt="Product Image"></a><p>Amazon Grocery, Garlic Powder, 3.9 Oz (Previously Happy Belly, Packaging May Vary)</p><p> -17% 0FF </p><p>$1.30 ($0.33 / Ounce)</p><a href="https://www.amazon.com/dp/B07VVGKHLH?tag=eloabder-20&linkCode=osi&th=1&psc=1">View Product</a></div>
<div class="product"><a href="https://www.amazon.com/dp/B000WHSD5A?tag=eloabder-20&linkCode=osi&th=1&psc=1"><img src="https://m.media-amazon.com/images/I/41QwGSr0+IL._SL500_.jpg" alt="Product Image"></a><p>Heinz Tomato Ketchup, 20 oz Bottle</p><p> -36% 0FF </p><p>$2.23 ($0.11 / Ounce)</p><a href="https://www.amazon.com/dp/B000WHSD5A?tag=eloabder-20&linkCode=osi&th=1&psc=1">View Product</a></div><div class="product"><a href="https://www.amazon.com/dp/B0005YKO8E?tag=eloabder-20&linkCode=osi&th=1&psc=1"><img src="https://m.media-amazon.com/images/I/41AFhgJ5V7L._SL500_.jpg" alt="Product Image"></a><p>Heinz Tomato Ketchup, 14 oz Bottle</p><p> -36% 0FF </p><p>$1.56 ($0.11 / Ounce)</p><a href="https://www.amazon.com/dp/B0005YKO8E?tag=eloabder-20&linkCode=osi&th=1&psc=1">View Product</a></div><div class="product"><a href="https://www.amazon.com/dp/B01B2OVUAG?tag=eloabder-20&linkCode=osi&th=1&psc=1"><img src="https://m.media-amazon.com/images/I/41gaLzbBsDL._SL500_.jpg" alt="Product Image"></a><p>Heinz Organic Tomato Ketchup, 32 oz Bottle</p><p> -47% 0FF </p><p>$3.67 ($0.11 / Ounce)</p><a href="https://www.amazon.com/dp/B01B2OVUAG?tag=eloabder-20&linkCode=osi&th=1&psc=1">View Product</a></div>
<div class="product"><a href="https://www.amazon.com/dp/B015UBV4N0?tag=eloabder-20&linkCode=osi&th=1&psc=1"><img src="https://m.media-amazon.com/images/I/51NRndhNwoL._SL500_.jpg" alt="Product Image"></a><p>Crofters Organic Premium Spread, Strawberry, 16.5 oz</p><p> -20% 0FF </p><p>$4.96 ($0.30 / oz)</p><a href="https://www.amazon.com/dp/B015UBV4N0?tag=eloabder-20&linkCode=osi&th=1&psc=1">View Product</a></div>
<div class="product"><a href="https://www.amazon.com/dp/B097RW44HZ?tag=eloabder-20&linkCode=osi&th=1&psc=1"><img src="https://m.media-amazon.com/images/I/51OhVkU8+PL._SL500_.jpg" alt="Product Image"></a><p>Apexy Jelly Fruit Candy – Assorted Fruit Flavors, Halloween Treat Juicy Chewy Gel Snacks, Kids & Adults Party Favors, Fun Treats for Goodie Bags & Events 46.9oz (1330g)</p><p> -7% 0FF </p><p>$12.99 ($0.28 / Ounce)</p><a href="https://www.amazon.com/dp/B097RW44HZ?tag=eloabder-20&linkCode=osi&th=1&psc=1">View Product</a></div><div class="product"><a href="https://www.amazon.com/dp/B00099XN56?tag=eloabder-20&linkCode=osi&th=1&psc=1"><img src="https://m.media-amazon.com/images/I/41twfbi883L._SL500_.jpg" alt="Product Image"></a><p>Smucker's Jelly, Mixed Fruit, 12 oz (340 g)</p><p> -11% 0FF </p><p>$9.94 ($0.83 / Ounce)</p><a href="https://www.amazon.com/dp/B00099XN56?tag=eloabder-20&linkCode=osi&th=1&psc=1">View Product</a></div>
<div class="product"><a href="https://www.amazon.com/dp/B0005Z6ZK4?tag=eloabder-20&linkCode=osi&th=1&psc=1"><img src="https://m.media-amazon.com/images/I/31dtADxAZbL._SL500_.jpg" alt="Product Image"></a><p>Nutella Hazelnut Spread with Cocoa, Creamy Hazelnut Spread, Breakfast Favorite, 13 oz Jar</p><p> -30% 0FF </p><p>$3.48 ($0.27 / Ounce)</p><a href="https://www.amazon.com/dp/B0005Z6ZK4?tag=eloabder-20&linkCode=osi&th=1&psc=1">View Product</a></div><div class="product"><a href="https://www.amazon.com/dp/B09PN9S9D4?tag=eloabder-20&linkCode=osi&th=1&psc=1"><img src="https://m.media-amazon.com/images/I/41VpA06vqaL._SL500_.jpg" alt="Product Image"></a><p>Amazon Grocery, Hazelnut Spread With Cocoa, 26.5 Oz (Previously Amazon Fresh, Packaging May Vary)</p><p> -17% 0FF </p><p>$4.12 ($0.16 / Ounce)</p><a href="https://www.amazon.com/dp/B09PN9S9D4?tag=eloabder-20&linkCode=osi&th=1&psc=1">View Product</a></div>
<div class="product"><a href="https://www.amazon.com/dp/B0052BFNLS?tag=eloabder-20&linkCode=osi&th=1&psc=1"><img src="https://m.media-amazon.com/images/I/31Tfk-0-ybL._SL500_.jpg" alt="Product Image"></a><p>Pompeian Gourmet Red Wine Vinegar, Naturally Gluten-Free, 30 Fl Oz</p><p> -5% 0FF </p><p>$5.33 ($0.18 / Fl Oz)</p><a href="https://www.amazon.com/dp/B0052BFNLS?tag=eloabder-20&linkCode=osi&th=1&psc=1">View Product</a></div><div class="product"><a href="https://www.amazon.com/dp/B005AYB38O?tag=eloabder-20&linkCode=osi&th=1&psc=1"><img src="https://m.media-amazon.com/images/I/31tJRcbnsfL._SL500_.jpg" alt="Product Image"></a><p>Napa Valley Naturals Organic Red Wine Vinegar, 12.7 Ounces</p><p> -51% 0FF </p><p>$5.50 ($0.43 / Ounce)</p><a href="https://www.amazon.com/dp/B005AYB38O?tag=eloabder-20&linkCode=osi&th=1&psc=1">View Product</a></div><div class="product"><a href="https://www.amazon.com/dp/B00H1CJG00?tag=eloabder-20&linkCode=osi&th=1&psc=1"><img src="https://m.media-amazon.com/images/I/31pl1n1OONL._SL500_.jpg" alt="Product Image"></a><p>Colavita Wine Vinegar - Red Wine Vinegar, 17 Fl Oz</p><p> -21% 0FF </p><p>$9.51 ($0.56 / Fl Oz)</p><a href="https://www.amazon.com/dp/B00H1CJG00?tag=eloabder-20&linkCode=osi&th=1&psc=1">View Product</a></div>









<div class="product"><a href="https://www.amazon.com/dp/B074H5ZHFH?tag=eloabder-20&linkCode=osi&th=1&psc=1"><img src="https://m.media-amazon.com/images/I/410ymBds87L._SL500_.jpg" alt="Product Image"></a><p>365 by Whole Foods Market, Organic Penne Rigate, 16 Ounce</p><p> -10% 0FF </p><p>$1.97 ($0.12 / Ounce)</p><a href="https://www.amazon.com/dp/B074H5ZHFH?tag=eloabder-20&linkCode=osi&th=1&psc=1">View Product</a></div><div class="product"><a href="https://www.amazon.com/dp/B007MNYZ2M?tag=eloabder-20&linkCode=osi&th=1&psc=1"><img src="https://m.media-amazon.com/images/I/41dAZBCU7kS._SL500_.jpg" alt="Product Image"></a><p>Rummo Italian Pasta Penne Rigate No. 66, Always Al Dente (1lb Package)</p><p> -32% 0FF </p><p>$7.12 ($0.44 / Ounce)</p><a href="https://www.amazon.com/dp/B007MNYZ2M?tag=eloabder-20&linkCode=osi&th=1&psc=1">View Product</a></div><div class="product"><a href="https://www.amazon.com/dp/B07NSRQYNP?tag=eloabder-20&linkCode=osi&th=1&psc=1"><img src="https://m.media-amazon.com/images/I/413HwweC7iL._SL500_.jpg" alt="Product Image"></a><p>Rao's Homemade Penne Pasta, 16oz, Traditionally Crafted, Premium Quality, From Durum Semolina Flour, Traditional Bronze Die Cut, Imported from Italy</p><p> -24% 0FF </p><p>$2.18 ($0.14 / Fl Oz)</p><a href="https://www.amazon.com/dp/B07NSRQYNP?tag=eloabder-20&linkCode=osi&th=1&psc=1">View Product</a></div>
<div class="product"><a href="https://www.amazon.com/dp/B00112UBOG?tag=eloabder-20&linkCode=osi&th=1&psc=1"><img src="https://m.media-amazon.com/images/I/51coh9-N5gL._SL500_.jpg" alt="Product Image"></a><p>RiceSelect Arborio Rice for Italian Risotto, Premium Gluten-Free Rice, Non-GMO, 32-Ounce Jar, (Pack of 1)</p><p> -21% 0FF </p><p>$5.99 ($0.19 / Ounces)</p><a href="https://www.amazon.com/dp/B00112UBOG?tag=eloabder-20&linkCode=osi&th=1&psc=1">View Product</a></div>


<div class="product"><a href="https://www.amazon.com/dp/B0BZB9D92K?tag=eloabder-20&linkCode=osi&th=1&psc=1"><img src="https://m.media-amazon.com/images/I/41q74mciXOL._SL500_.jpg" alt="Product Image"></a><p>Amazon Grocery, Canned Pinto Beans, 15.5 Oz (Previously Amazon Fresh, Packaging May Vary)</p><p> -34% 0FF </p><p>$0.55 ($0.04 / Ounce)</p><a href="https://www.amazon.com/dp/B0BZB9D92K?tag=eloabder-20&linkCode=osi&th=1&psc=1">View Product</a></div>
<div class="product"><a href="https://www.amazon.com/dp/B0BZJNJTYV?tag=eloabder-20&linkCode=osi&th=1&psc=1"><img src="https://m.media-amazon.com/images/I/41lSsx2pjSL._SL500_.jpg" alt="Product Image"></a><p>Amazon Grocery, Sweet Peas, 15 Oz (Previously Amazon Fresh, Packaging May Vary)</p><p> -56% 0FF </p><p>$0.71 ($0.05 / Ounce)</p><a href="https://www.amazon.com/dp/B0BZJNJTYV?tag=eloabder-20&linkCode=osi&th=1&psc=1">View Product</a></div><div class="product"><a href="https://www.amazon.com/dp/B078T19Y9X?tag=eloabder-20&linkCode=osi&th=1&psc=1"><img src="https://m.media-amazon.com/images/I/51z+piSY1JL._SL500_.jpg" alt="Product Image"></a><p>DEL MONTE Sweet Peas Canned Vegetables, 12 Pack, 15 oz Can</p><p> -36% 0FF </p><p>$10.08 ($0.06 / Ounce)</p><a href="https://www.amazon.com/dp/B078T19Y9X?tag=eloabder-20&linkCode=osi&th=1&psc=1">View Product</a></div>
<div class="product"><a href="https://www.amazon.com/dp/B00GDVBHU2?tag=eloabder-20&linkCode=osi&th=1&psc=1"><img src="https://m.media-amazon.com/images/I/51BjG0g4q5L._SL500_.jpg" alt="Product Image"></a><p>Blue Diamond Almonds, Raw Whole Natural, 16 Ounce</p><p> -12% 0FF </p><p>$5.99 ($0.37 / Ounce)</p><a href="https://www.amazon.com/dp/B00GDVBHU2?tag=eloabder-20&linkCode=osi&th=1&psc=1">View Product</a></div>

<div class="product"><a href="https://www.amazon.com/dp/B07W1WKDSC?tag=eloabder-20&linkCode=osi&th=1&psc=1"><img src="https://m.media-amazon.com/images/I/31nTopuj99L._SL500_.jpg" alt="Product Image"></a><p>Amazon Grocery, Basil Leaves, 0.95 Oz (Previously Happy Belly, Packaging May Vary)</p><p> -17% 0FF </p><p>$1.59 ($1.67 / Ounce)</p><a href="https://www.amazon.com/dp/B07W1WKDSC?tag=eloabder-20&linkCode=osi&th=1&psc=1">View Product</a></div>

<div class="product"><a href="https://www.amazon.com/dp/B07VXL2JRG?tag=eloabder-20&linkCode=osi&th=1&psc=1"><img src="https://m.media-amazon.com/images/I/31ou5P5dqeL._SL500_.jpg" alt="Product Image"></a><p>Amazon Grocery, Ground Cumin, 2.6 Oz (Previously Happy Belly, Packaging May Vary)</p><p> -17% 0FF </p><p>$1.16 ($0.45 / Ounce)</p><a href="https://www.amazon.com/dp/B07VXL2JRG?tag=eloabder-20&linkCode=osi&th=1&psc=1">View Product</a></div>

<div class="product"><a href="https://www.amazon.com/dp/B07P8M5ZT1?tag=eloabder-20&linkCode=osi&th=1&psc=1"><img src="https://m.media-amazon.com/images/I/31+0qVbfagL._SL500_.jpg" alt="Product Image"></a><p>Amazon Grocery, Olive Oil, Medium Flavor, 16.9 Fl Oz (Previously Amazon Fresh, Packaging May Vary)</p><p> -17% 0FF </p><p>$4.50 ($0.27 / Ounce)</p><a href="https://www.amazon.com/dp/B07P8M5ZT1?tag=eloabder-20&linkCode=osi&th=1&psc=1">View Product</a></div>
<div class="product"><a href="https://www.amazon.com/dp/B00IY5HREA?tag=eloabder-20&linkCode=osi&th=1&psc=1"><img src="https://m.media-amazon.com/images/I/31n5MDrL-QL._SL500_.jpg" alt="Product Image"></a><p>Colavita Balsamic Vinegar of Modena, 17 Ounce Bottle</p><p> -9% 0FF </p><p>$4.22 ($0.25 / Fl Oz)</p><a href="https://www.amazon.com/dp/B00IY5HREA?tag=eloabder-20&linkCode=osi&th=1&psc=1">View Product</a></div><div class="product"><a href="https://www.amazon.com/dp/B0FHNXDWYB?tag=eloabder-20&linkCode=osi&th=1&psc=1"><img src="https://m.media-amazon.com/images/I/41AJ0vvzsSL._SL500_.jpg" alt="Product Image"></a><p>Paolo Natural Orange Balsamic Vinegar, Artisan Crafted, 36-Month Oak Barrel Aged, Sweet & Sour Flavor for Salad Dressings, Pasta, Desserts, Glass Bottle, 5.40 fl oz (160ml)</p><p> -9% 0FF </p><p>$29.99 ($5.55 / Fl Oz)</p><a href="https://www.amazon.com/dp/B0FHNXDWYB?tag=eloabder-20&linkCode=osi&th=1&psc=1">View Product</a></div>
<div class="product"><a href="https://www.amazon.com/dp/B0B46R31XD?tag=eloabder-20&linkCode=osi&th=1&psc=1"><img src="https://m.media-amazon.com/images/I/5176SDI1iyL._SL500_.jpg" alt="Product Image"></a><p>Contadina Canned Tomato Sauce, 15 oz (Pack of 4 Cans)</p><p> -8% 0FF </p><p>$3.98 ($0.07 / Ounce)</p><a href="https://www.amazon.com/dp/B0B46R31XD?tag=eloabder-20&linkCode=osi&th=1&psc=1">View Product</a></div>


<div class="product"><a href="https://www.amazon.com/dp/B07179XBP9?tag=eloabder-20&linkCode=osi&th=1&psc=1"><img src="https://m.media-amazon.com/images/I/61vs7ucqGKL._SL500_.jpg" alt="Product Image"></a><p>Lay's Potato Chips, 4 Flavor Variety Pack, 1 oz Single Serve Bags, (40 Pack)</p><p> -19% 0FF </p><p>$13.19 ($0.33 / Count)</p><a href="https://www.amazon.com/dp/B07179XBP9?tag=eloabder-20&linkCode=osi&th=1&psc=1">View Product</a></div><div class="product"><a href="https://www.amazon.com/dp/B07X1KPLNQ?tag=eloabder-20&linkCode=osi&th=1&psc=1"><img src="https://m.media-amazon.com/images/I/41grpp95ftL._SL500_.jpg" alt="Product Image"></a><p>Amazon Fresh, Wavy Potato Chips, 11 Oz (Previously Happy Belly, Packaging May Vary)</p><p> -12% 0FF </p><p>$2.67 ($0.24 / Ounce)</p><a href="https://www.amazon.com/dp/B07X1KPLNQ?tag=eloabder-20&linkCode=osi&th=1&psc=1">View Product</a></div>


<div class="product"><a href="https://www.amazon.com/dp/B09NPB2DNT?tag=eloabder-20&linkCode=osi&th=1&psc=1"><img src="https://m.media-amazon.com/images/I/41EB1IsYvHL._SL500_.jpg" alt="Product Image"></a><p>M&M'S, SNICKERS & MILKY WAY Fun Size Chocolate Candy Variety Pack, Assorted Chocolate Candy Variety Pack for Halloween, Party Size, 19.2 Oz Bulk Bag</p><p> -6% 0FF </p><p>$8.99 ($0.47 / Ounce)</p><a href="https://www.amazon.com/dp/B09NPB2DNT?tag=eloabder-20&linkCode=osi&th=1&psc=1">View Product</a></div><div class="product"><a href="https://www.amazon.com/dp/B0DVM7JWP6?tag=eloabder-20&linkCode=osi&th=1&psc=1"><img src="https://m.media-amazon.com/images/I/51Lc-U8ExNL._SL500_.jpg" alt="Product Image"></a><p>Butterfinger, CRUNCH, Baby Ruth, 100 Grand Mini and Fun Size Assorted Candy Bars, Bulk 80 Count Pack, 32.1 oz</p><p> -20% 0FF </p><p>$11.19</p><a href="https://www.amazon.com/dp/B0DVM7JWP6?tag=eloabder-20&linkCode=osi&th=1&psc=1">View Product</a></div><div class="product"><a href="https://www.amazon.com/dp/B09NMX9CGB?tag=eloabder-20&linkCode=osi&th=1&psc=1"><img src="https://m.media-amazon.com/images/I/51donixesTL._SL500_.jpg" alt="Product Image"></a><p>Butterfinger, CRUNCH, Baby Ruth, 100 Grand Fun Size Assorted Candy Bars, Great for Sharing, Bulk 60 Count Pack, 37.2 oz</p><p> -20% 0FF </p><p>$11.79 ($0.32 / Ounce)</p><a href="https://www.amazon.com/dp/B09NMX9CGB?tag=eloabder-20&linkCode=osi&th=1&psc=1">View Product</a></div>




<div class="product"><a href="https://www.amazon.com/dp/B01B8V7ACA?tag=eloabder-20&linkCode=osi&th=1&psc=1"><img src="https://m.media-amazon.com/images/I/41vAit7Po9L._SL500_.jpg" alt="Product Image"></a><p>EPIC Rendered Duck Fat, Keto and Paleo Friendly, Whole30 Approved, Gluten Free, 11 oz Jar</p><p> -15% 0FF </p><p>$14.99 ($1.36 / Ounce)</p><a href="https://www.amazon.com/dp/B01B8V7ACA?tag=eloabder-20&linkCode=osi&th=1&psc=1">View Product</a></div>







<div class="product"><a href="https://www.amazon.com/dp/B006SMJTII?tag=eloabder-20&linkCode=osi&th=1&psc=1"><img src="https://m.media-amazon.com/images/I/51of6XbR9+L._SL500_.jpg" alt="Product Image"></a><p>Seawatch Chopped Sea Clams Ready to Use 51oz.Can</p><p> -10% 0FF </p><p>$22.99 ($0.45 / Ounce)</p><a href="https://www.amazon.com/dp/B006SMJTII?tag=eloabder-20&linkCode=osi&th=1&psc=1">View Product</a></div><div class="product"><a href="https://www.amazon.com/dp/B000LLIY5G?tag=eloabder-20&linkCode=osi&th=1&psc=1"><img src="https://m.media-amazon.com/images/I/514NKBSRlDL._SL500_.jpg" alt="Product Image"></a><p>Pacific Pearl Fancy Whole Smoked Clams in Oil 3.75 oz (Pack of 12)</p><p> -33% 0FF </p><p>$22.20 ($0.49 / Ounce)</p><a href="https://www.amazon.com/dp/B000LLIY5G?tag=eloabder-20&linkCode=osi&th=1&psc=1">View Product</a></div><div class="product"><a href="https://www.amazon.com/dp/B0098J1Q5C?tag=eloabder-20&linkCode=osi&th=1&psc=1"><img src="https://m.media-amazon.com/images/I/319Er+O-xCL._SL500_.jpg" alt="Product Image"></a><p>Bar Harbor Clam Juice, 8 Fl Oz</p><p> -6% 0FF </p><p>$9.07 ($1.13 / Ounce)</p><a href="https://www.amazon.com/dp/B0098J1Q5C?tag=eloabder-20&linkCode=osi&th=1&psc=1">View Product</a></div>



<div class="product"><a href="https://www.amazon.com/dp/B0CLPJXJM9?tag=eloabder-20&linkCode=osi&th=1&psc=1"><img src="https://m.media-amazon.com/images/I/41vYg6vCbHL._SL500_.jpg" alt="Product Image"></a><p>Renna, Grilled Eggplant, Roasted Marinaded Eggplants preserved in oil,10.58 oz, A Taste of the Mediterranean, Crafted in Italy, Renna Delights, Product of Italy</p><p> -7% 0FF </p><p>$13.99 ($21.16 / lb)</p><a href="https://www.amazon.com/dp/B0CLPJXJM9?tag=eloabder-20&linkCode=osi&th=1&psc=1">View Product</a></div>




<div class="product"><a href="https://www.amazon.com/dp/B0025W9A5C?tag=eloabder-20&linkCode=osi&th=1&psc=1"><img src="https://m.media-amazon.com/images/I/51Oz8SNo83L._SL500_.jpg" alt="Product Image"></a><p>Nature Valley Crunchy Oats 'n Honey Granola Bars, 60 Bars, 44.7 OZ (30 Pouches)</p><p> -33% 0FF </p><p>$7.49 ($0.17 / Ounce)</p><a href="https://www.amazon.com/dp/B0025W9A5C?tag=eloabder-20&linkCode=osi&th=1&psc=1">View Product</a></div><div class="product"><a href="https://www.amazon.com/dp/B01MRZZ3KC?tag=eloabder-20&linkCode=osi&th=1&psc=1"><img src="https://m.media-amazon.com/images/I/512IgtvlLyL._SL500_.jpg" alt="Product Image"></a><p>Quaker Chewy Granola Bars, Chocolate Chip, 58 Count - Packaging May Vary</p><p> -9% 0FF </p><p>$11.19 ($0.23 / Ounce)</p><a href="https://www.amazon.com/dp/B01MRZZ3KC?tag=eloabder-20&linkCode=osi&th=1&psc=1">View Product</a></div><div class="product"><a href="https://www.amazon.com/dp/B00GHPC47O?tag=eloabder-20&linkCode=osi&th=1&psc=1"><img src="https://m.media-amazon.com/images/I/51YsdKn53VS._SL500_.jpg" alt="Product Image"></a><p>Quaker Chewy Granola Bars, Variety Pack, 18 Count</p><p> -20% 0FF </p><p>$3.97 ($0.26 / Ounce)</p><a href="https://www.amazon.com/dp/B00GHPC47O?tag=eloabder-20&linkCode=osi&th=1&psc=1">View Product</a></div><div class="product"><a href="https://www.amazon.com/dp/B0D9R1BMJR?tag=eloabder-20&linkCode=osi&th=1&psc=1"><img src="https://m.media-amazon.com/images/I/51ksmfNpCJL._SL500_.jpg" alt="Product Image"></a><p>Quaker Chewy Granola Bars, Chewy & Dipps Variety Pack, (58 Bars), Whole Grains, No Artificial Flavors, No Added Colors</p><p> -31% 0FF </p><p>$11.87 ($0.22 / Ounce)</p><a href="https://www.amazon.com/dp/B0D9R1BMJR?tag=eloabder-20&linkCode=osi&th=1&psc=1">View Product</a></div><div class="product"><a href="https://www.amazon.com/dp/B077KYKYKN?tag=eloabder-20&linkCode=osi&th=1&psc=1"><img src="https://m.media-amazon.com/images/I/51qz85lOK2S._SL500_.jpg" alt="Product Image"></a><p>Quaker Chewy Lower Sugar Granola Bars, Chocolate Chip, 58 Count</p><p> -35% 0FF </p><p>$11.19 ($0.23 / Ounce)</p><a href="https://www.amazon.com/dp/B077KYKYKN?tag=eloabder-20&linkCode=osi&th=1&psc=1">View Product</a></div>
<div class="product"><a href="https://www.amazon.com/dp/B07VVGKHLH?tag=eloabder-20&linkCode=osi&th=1&psc=1"><img src="https://m.media-amazon.com/images/I/31hbAFlUK6L._SL500_.jpg" alt="Product Image"></a><p>Amazon Grocery, Garlic Powder, 3.9 Oz (Previously Happy Belly, Packaging May Vary)</p><p> -17% 0FF </p><p>$1.30 ($0.33 / Ounce)</p><a href="https://www.amazon.com/dp/B07VVGKHLH?tag=eloabder-20&linkCode=osi&th=1&psc=1">View Product</a></div>
<div class="product"><a href="https://www.amazon.com/dp/B000WHSD5A?tag=eloabder-20&linkCode=osi&th=1&psc=1"><img src="https://m.media-amazon.com/images/I/41QwGSr0+IL._SL500_.jpg" alt="Product Image"></a><p>Heinz Tomato Ketchup, 20 oz Bottle</p><p> -36% 0FF </p><p>$2.23 ($0.11 / Ounce)</p><a href="https://www.amazon.com/dp/B000WHSD5A?tag=eloabder-20&linkCode=osi&th=1&psc=1">View Product</a></div><div class="product"><a href="https://www.amazon.com/dp/B0005YKO8E?tag=eloabder-20&linkCode=osi&th=1&psc=1"><img src="https://m.media-amazon.com/images/I/41AFhgJ5V7L._SL500_.jpg" alt="Product Image"></a><p>Heinz Tomato Ketchup, 14 oz Bottle</p><p> -36% 0FF </p><p>$1.56 ($0.11 / Ounce)</p><a href="https://www.amazon.com/dp/B0005YKO8E?tag=eloabder-20&linkCode=osi&th=1&psc=1">View Product</a></div><div class="product"><a href="https://www.amazon.com/dp/B01B2OVUAG?tag=eloabder-20&linkCode=osi&th=1&psc=1"><img src="https://m.media-amazon.com/images/I/41gaLzbBsDL._SL500_.jpg" alt="Product Image"></a><p>Heinz Organic Tomato Ketchup, 32 oz Bottle</p><p> -47% 0FF </p><p>$3.67 ($0.11 / Ounce)</p><a href="https://www.amazon.com/dp/B01B2OVUAG?tag=eloabder-20&linkCode=osi&th=1&psc=1">View Product</a></div>
<div class="product"><a href="https://www.amazon.com/dp/B015UBV4N0?tag=eloabder-20&linkCode=osi&th=1&psc=1"><img src="https://m.media-amazon.com/images/I/51NRndhNwoL._SL500_.jpg" alt="Product Image"></a><p>Crofters Organic Premium Spread, Strawberry, 16.5 oz</p><p> -20% 0FF </p><p>$4.96 ($0.30 / oz)</p><a href="https://www.amazon.com/dp/B015UBV4N0?tag=eloabder-20&linkCode=osi&th=1&psc=1">View Product</a></div>
<div class="product"><a href="https://www.amazon.com/dp/B097RW44HZ?tag=eloabder-20&linkCode=osi&th=1&psc=1"><img src="https://m.media-amazon.com/images/I/51OhVkU8+PL._SL500_.jpg" alt="Product Image"></a><p>Apexy Jelly Fruit Candy – Assorted Fruit Flavors, Halloween Treat Juicy Chewy Gel Snacks, Kids & Adults Party Favors, Fun Treats for Goodie Bags & Events 46.9oz (1330g)</p><p> -7% 0FF </p><p>$12.99 ($0.28 / Ounce)</p><a href="https://www.amazon.com/dp/B097RW44HZ?tag=eloabder-20&linkCode=osi&th=1&psc=1">View Product</a></div><div class="product"><a href="https://www.amazon.com/dp/B00099XN56?tag=eloabder-20&linkCode=osi&th=1&psc=1"><img src="https://m.media-amazon.com/images/I/41twfbi883L._SL500_.jpg" alt="Product Image"></a><p>Smucker's Jelly, Mixed Fruit, 12 oz (340 g)</p><p> -11% 0FF </p><p>$9.94 ($0.83 / Ounce)</p><a href="https://www.amazon.com/dp/B00099XN56?tag=eloabder-20&linkCode=osi&th=1&psc=1">View Product</a></div>
<div class="product"><a href="https://www.amazon.com/dp/B0005Z6ZK4?tag=eloabder-20&linkCode=osi&th=1&psc=1"><img src="https://m.media-amazon.com/images/I/31dtADxAZbL._SL500_.jpg" alt="Product Image"></a><p>Nutella Hazelnut Spread with Cocoa, Creamy Hazelnut Spread, Breakfast Favorite, 13 oz Jar</p><p> -30% 0FF </p><p>$3.48 ($0.27 / Ounce)</p><a href="https://www.amazon.com/dp/B0005Z6ZK4?tag=eloabder-20&linkCode=osi&th=1&psc=1">View Product</a></div><div class="product"><a href="https://www.amazon.com/dp/B09PN9S9D4?tag=eloabder-20&linkCode=osi&th=1&psc=1"><img src="https://m.media-amazon.com/images/I/41VpA06vqaL._SL500_.jpg" alt="Product Image"></a><p>Amazon Grocery, Hazelnut Spread With Cocoa, 26.5 Oz (Previously Amazon Fresh, Packaging May Vary)</p><p> -17% 0FF </p><p>$4.12 ($0.16 / Ounce)</p><a href="https://www.amazon.com/dp/B09PN9S9D4?tag=eloabder-20&linkCode=osi&th=1&psc=1">View Product</a></div>
<div class="product"><a href="https://www.amazon.com/dp/B0052BFNLS?tag=eloabder-20&linkCode=osi&th=1&psc=1"><img src="https://m.media-amazon.com/images/I/31Tfk-0-ybL._SL500_.jpg" alt="Product Image"></a><p>Pompeian Gourmet Red Wine Vinegar, Naturally Gluten-Free, 30 Fl Oz</p><p> -5% 0FF </p><p>$5.33 ($0.18 / Fl Oz)</p><a href="https://www.amazon.com/dp/B0052BFNLS?tag=eloabder-20&linkCode=osi&th=1&psc=1">View Product</a></div><div class="product"><a href="https://www.amazon.com/dp/B005AYB38O?tag=eloabder-20&linkCode=osi&th=1&psc=1"><img src="https://m.media-amazon.com/images/I/31tJRcbnsfL._SL500_.jpg" alt="Product Image"></a><p>Napa Valley Naturals Organic Red Wine Vinegar, 12.7 Ounces</p><p> -51% 0FF </p><p>$5.50 ($0.43 / Ounce)</p><a href="https://www.amazon.com/dp/B005AYB38O?tag=eloabder-20&linkCode=osi&th=1&psc=1">View Product</a></div><div class="product"><a href="https://www.amazon.com/dp/B00H1CJG00?tag=eloabder-20&linkCode=osi&th=1&psc=1"><img src="https://m.media-amazon.com/images/I/31pl1n1OONL._SL500_.jpg" alt="Product Image"></a><p>Colavita Wine Vinegar - Red Wine Vinegar, 17 Fl Oz</p><p> -21% 0FF </p><p>$9.51 ($0.56 / Fl Oz)</p><a href="https://www.amazon.com/dp/B00H1CJG00?tag=eloabder-20&linkCode=osi&th=1&psc=1">View Product</a></div>









<div class="product"><a href="https://www.amazon.com/dp/B074H5ZHFH?tag=eloabder-20&linkCode=osi&th=1&psc=1"><img src="https://m.media-amazon.com/images/I/410ymBds87L._SL500_.jpg" alt="Product Image"></a><p>365 by Whole Foods Market, Organic Penne Rigate, 16 Ounce</p><p> -10% 0FF </p><p>$1.97 ($0.12 / Ounce)</p><a href="https://www.amazon.com/dp/B074H5ZHFH?tag=eloabder-20&linkCode=osi&th=1&psc=1">View Product</a></div><div class="product"><a href="https://www.amazon.com/dp/B007MNYZ2M?tag=eloabder-20&linkCode=osi&th=1&psc=1"><img src="https://m.media-amazon.com/images/I/41dAZBCU7kS._SL500_.jpg" alt="Product Image"></a><p>Rummo Italian Pasta Penne Rigate No. 66, Always Al Dente (1lb Package)</p><p> -32% 0FF </p><p>$7.12 ($0.44 / Ounce)</p><a href="https://www.amazon.com/dp/B007MNYZ2M?tag=eloabder-20&linkCode=osi&th=1&psc=1">View Product</a></div><div class="product"><a href="https://www.amazon.com/dp/B07NSRQYNP?tag=eloabder-20&linkCode=osi&th=1&psc=1"><img src="https://m.media-amazon.com/images/I/413HwweC7iL._SL500_.jpg" alt="Product Image"></a><p>Rao's Homemade Penne Pasta, 16oz, Traditionally Crafted, Premium Quality, From Durum Semolina Flour, Traditional Bronze Die Cut, Imported from Italy</p><p> -24% 0FF </p><p>$2.18 ($0.14 / Fl Oz)</p><a href="https://www.amazon.com/dp/B07NSRQYNP?tag=eloabder-20&linkCode=osi&th=1&psc=1">View Product</a></div>
<div class="product"><a href="https://www.amazon.com/dp/B00112UBOG?tag=eloabder-20&linkCode=osi&th=1&psc=1"><img src="https://m.media-amazon.com/images/I/51coh9-N5gL._SL500_.jpg" alt="Product Image"></a><p>RiceSelect Arborio Rice for Italian Risotto, Premium Gluten-Free Rice, Non-GMO, 32-Ounce Jar, (Pack of 1)</p><p> -21% 0FF </p><p>$5.99 ($0.19 / Ounces)</p><a href="https://www.amazon.com/dp/B00112UBOG?tag=eloabder-20&linkCode=osi&th=1&psc=1">View Product</a></div>


<div class="product"><a href="https://www.amazon.com/dp/B0BZB9D92K?tag=eloabder-20&linkCode=osi&th=1&psc=1"><img src="https://m.media-amazon.com/images/I/41q74mciXOL._SL500_.jpg" alt="Product Image"></a><p>Amazon Grocery, Canned Pinto Beans, 15.5 Oz (Previously Amazon Fresh, Packaging May Vary)</p><p> -34% 0FF </p><p>$0.55 ($0.04 / Ounce)</p><a href="https://www.amazon.com/dp/B0BZB9D92K?tag=eloabder-20&linkCode=osi&th=1&psc=1">View Product</a></div>
<div class="product"><a href="https://www.amazon.com/dp/B0BZJNJTYV?tag=eloabder-20&linkCode=osi&th=1&psc=1"><img src="https://m.media-amazon.com/images/I/41lSsx2pjSL._SL500_.jpg" alt="Product Image"></a><p>Amazon Grocery, Sweet Peas, 15 Oz (Previously Amazon Fresh, Packaging May Vary)</p><p> -56% 0FF </p><p>$0.71 ($0.05 / Ounce)</p><a href="https://www.amazon.com/dp/B0BZJNJTYV?tag=eloabder-20&linkCode=osi&th=1&psc=1">View Product</a></div><div class="product"><a href="https://www.amazon.com/dp/B078T19Y9X?tag=eloabder-20&linkCode=osi&th=1&psc=1"><img src="https://m.media-amazon.com/images/I/51z+piSY1JL._SL500_.jpg" alt="Product Image"></a><p>DEL MONTE Sweet Peas Canned Vegetables, 12 Pack, 15 oz Can</p><p> -36% 0FF </p><p>$10.08 ($0.06 / Ounce)</p><a href="https://www.amazon.com/dp/B078T19Y9X?tag=eloabder-20&linkCode=osi&th=1&psc=1">View Product</a></div>
<div class="product"><a href="https://www.amazon.com/dp/B00GDVBHU2?tag=eloabder-20&linkCode=osi&th=1&psc=1"><img src="https://m.media-amazon.com/images/I/51BjG0g4q5L._SL500_.jpg" alt="Product Image"></a><p>Blue Diamond Almonds, Raw Whole Natural, 16 Ounce</p><p> -12% 0FF </p><p>$5.99 ($0.37 / Ounce)</p><a href="https://www.amazon.com/dp/B00GDVBHU2?tag=eloabder-20&linkCode=osi&th=1&psc=1">View Product</a></div>

<div class="product"><a href="https://www.amazon.com/dp/B07W1WKDSC?tag=eloabder-20&linkCode=osi&th=1&psc=1"><img src="https://m.media-amazon.com/images/I/31nTopuj99L._SL500_.jpg" alt="Product Image"></a><p>Amazon Grocery, Basil Leaves, 0.95 Oz (Previously Happy Belly, Packaging May Vary)</p><p> -17% 0FF </p><p>$1.59 ($1.67 / Ounce)</p><a href="https://www.amazon.com/dp/B07W1WKDSC?tag=eloabder-20&linkCode=osi&th=1&psc=1">View Product</a></div>

<div class="product"><a href="https://www.amazon.com/dp/B07VXL2JRG?tag=eloabder-20&linkCode=osi&th=1&psc=1"><img src="https://m.media-amazon.com/images/I/31ou5P5dqeL._SL500_.jpg" alt="Product Image"></a><p>Amazon Grocery, Ground Cumin, 2.6 Oz (Previously Happy Belly, Packaging May Vary)</p><p> -17% 0FF </p><p>$1.16 ($0.45 / Ounce)</p><a href="https://www.amazon.com/dp/B07VXL2JRG?tag=eloabder-20&linkCode=osi&th=1&psc=1">View Product</a></div>

<div class="product"><a href="https://www.amazon.com/dp/B07P8M5ZT1?tag=eloabder-20&linkCode=osi&th=1&psc=1"><img src="https://m.media-amazon.com/images/I/31+0qVbfagL._SL500_.jpg" alt="Product Image"></a><p>Amazon Grocery, Olive Oil, Medium Flavor, 16.9 Fl Oz (Previously Amazon Fresh, Packaging May Vary)</p><p> -17% 0FF </p><p>$4.50 ($0.27 / Ounce)</p><a href="https://www.amazon.com/dp/B07P8M5ZT1?tag=eloabder-20&linkCode=osi&th=1&psc=1">View Product</a></div>
<div class="product"><a href="https://www.amazon.com/dp/B00IY5HREA?tag=eloabder-20&linkCode=osi&th=1&psc=1"><img src="https://m.media-amazon.com/images/I/31n5MDrL-QL._SL500_.jpg" alt="Product Image"></a><p>Colavita Balsamic Vinegar of Modena, 17 Ounce Bottle</p><p> -9% 0FF </p><p>$4.22 ($0.25 / Fl Oz)</p><a href="https://www.amazon.com/dp/B00IY5HREA?tag=eloabder-20&linkCode=osi&th=1&psc=1">View Product</a></div><div class="product"><a href="https://www.amazon.com/dp/B0FHNXDWYB?tag=eloabder-20&linkCode=osi&th=1&psc=1"><img src="https://m.media-amazon.com/images/I/41AJ0vvzsSL._SL500_.jpg" alt="Product Image"></a><p>Paolo Natural Orange Balsamic Vinegar, Artisan Crafted, 36-Month Oak Barrel Aged, Sweet & Sour Flavor for Salad Dressings, Pasta, Desserts, Glass Bottle, 5.40 fl oz (160ml)</p><p> -9% 0FF </p><p>$29.99 ($5.55 / Fl Oz)</p><a href="https://www.amazon.com/dp/B0FHNXDWYB?tag=eloabder-20&linkCode=osi&th=1&psc=1">View Product</a></div>
<div class="product"><a href="https://www.amazon.com/dp/B0B46R31XD?tag=eloabder-20&linkCode=osi&th=1&psc=1"><img src="https://m.media-amazon.com/images/I/5176SDI1iyL._SL500_.jpg" alt="Product Image"></a><p>Contadina Canned Tomato Sauce, 15 oz (Pack of 4 Cans)</p><p> -8% 0FF </p><p>$3.98 ($0.07 / Ounce)</p><a href="https://www.amazon.com/dp/B0B46R31XD?tag=eloabder-20&linkCode=osi&th=1&psc=1">View Product</a></div>


<div class="product"><a href="https://www.amazon.com/dp/B07179XBP9?tag=eloabder-20&linkCode=osi&th=1&psc=1"><img src="https://m.media-amazon.com/images/I/61vs7ucqGKL._SL500_.jpg" alt="Product Image"></a><p>Lay's Potato Chips, 4 Flavor Variety Pack, 1 oz Single Serve Bags, (40 Pack)</p><p> -19% 0FF </p><p>$13.19 ($0.33 / Count)</p><a href="https://www.amazon.com/dp/B07179XBP9?tag=eloabder-20&linkCode=osi&th=1&psc=1">View Product</a></div><div class="product"><a href="https://www.amazon.com/dp/B07X1KPLNQ?tag=eloabder-20&linkCode=osi&th=1&psc=1"><img src="https://m.media-amazon.com/images/I/41grpp95ftL._SL500_.jpg" alt="Product Image"></a><p>Amazon Fresh, Wavy Potato Chips, 11 Oz (Previously Happy Belly, Packaging May Vary)</p><p> -12% 0FF </p><p>$2.67 ($0.24 / Ounce)</p><a href="https://www.amazon.com/dp/B07X1KPLNQ?tag=eloabder-20&linkCode=osi&th=1&psc=1">View Product</a></div>


<div class="product"><a href="https://www.amazon.com/dp/B09NPB2DNT?tag=eloabder-20&linkCode=osi&th=1&psc=1"><img src="https://m.media-amazon.com/images/I/41EB1IsYvHL._SL500_.jpg" alt="Product Image"></a><p>M&M'S, SNICKERS & MILKY WAY Fun Size Chocolate Candy Variety Pack, Assorted Chocolate Candy Variety Pack for Halloween, Party Size, 19.2 Oz Bulk Bag</p><p> -6% 0FF </p><p>$8.99 ($0.47 / Ounce)</p><a href="https://www.amazon.com/dp/B09NPB2DNT?tag=eloabder-20&linkCode=osi&th=1&psc=1">View Product</a></div><div class="product"><a href="https://www.amazon.com/dp/B0DVM7JWP6?tag=eloabder-20&linkCode=osi&th=1&psc=1"><img src="https://m.media-amazon.com/images/I/51Lc-U8ExNL._SL500_.jpg" alt="Product Image"></a><p>Butterfinger, CRUNCH, Baby Ruth, 100 Grand Mini and Fun Size Assorted Candy Bars, Bulk 80 Count Pack, 32.1 oz</p><p> -20% 0FF </p><p>$11.19</p><a href="https://www.amazon.com/dp/B0DVM7JWP6?tag=eloabder-20&linkCode=osi&th=1&psc=1">View Product</a></div><div class="product"><a href="https://www.amazon.com/dp/B09NMX9CGB?tag=eloabder-20&linkCode=osi&th=1&psc=1"><img src="https://m.media-amazon.com/images/I/51donixesTL._SL500_.jpg" alt="Product Image"></a><p>Butterfinger, CRUNCH, Baby Ruth, 100 Grand Fun Size Assorted Candy Bars, Great for Sharing, Bulk 60 Count Pack, 37.2 oz</p><p> -20% 0FF </p><p>$11.79 ($0.32 / Ounce)</p><a href="https://www.amazon.com/dp/B09NMX9CGB?tag=eloabder-20&linkCode=osi&th=1&psc=1">View Product</a></div>




<div class="product"><a href="https://www.amazon.com/dp/B01B8V7ACA?tag=eloabder-20&linkCode=osi&th=1&psc=1"><img src="https://m.media-amazon.com/images/I/41vAit7Po9L._SL500_.jpg" alt="Product Image"></a><p>EPIC Rendered Duck Fat, Keto and Paleo Friendly, Whole30 Approved, Gluten Free, 11 oz Jar</p><p> -15% 0FF </p><p>$14.99 ($1.36 / Ounce)</p><a href="https://www.amazon.com/dp/B01B8V7ACA?tag=eloabder-20&linkCode=osi&th=1&psc=1">View Product</a></div>







<div class="product"><a href="https://www.amazon.com/dp/B006SMJTII?tag=eloabder-20&linkCode=osi&th=1&psc=1"><img src="https://m.media-amazon.com/images/I/51of6XbR9+L._SL500_.jpg" alt="Product Image"></a><p>Seawatch Chopped Sea Clams Ready to Use 51oz.Can</p><p> -10% 0FF </p><p>$22.99 ($0.45 / Ounce)</p><a href="https://www.amazon.com/dp/B006SMJTII?tag=eloabder-20&linkCode=osi&th=1&psc=1">View Product</a></div><div class="product"><a href="https://www.amazon.com/dp/B000LLIY5G?tag=eloabder-20&linkCode=osi&th=1&psc=1"><img src="https://m.media-amazon.com/images/I/514NKBSRlDL._SL500_.jpg" alt="Product Image"></a><p>Pacific Pearl Fancy Whole Smoked Clams in Oil 3.75 oz (Pack of 12)</p><p> -33% 0FF </p><p>$22.20 ($0.49 / Ounce)</p><a href="https://www.amazon.com/dp/B000LLIY5G?tag=eloabder-20&linkCode=osi&th=1&psc=1">View Product</a></div><div class="product"><a href="https://www.amazon.com/dp/B0098J1Q5C?tag=eloabder-20&linkCode=osi&th=1&psc=1"><img src="https://m.media-amazon.com/images/I/319Er+O-xCL._SL500_.jpg" alt="Product Image"></a><p>Bar Harbor Clam Juice, 8 Fl Oz</p><p> -6% 0FF </p><p>$9.07 ($1.13 / Ounce)</p><a href="https://www.amazon.com/dp/B0098J1Q5C?tag=eloabder-20&linkCode=osi&th=1&psc=1">View Product</a></div>



<div class="product"><a href="https://www.amazon.com/dp/B0CLPJXJM9?tag=eloabder-20&linkCode=osi&th=1&psc=1"><img src="https://m.media-amazon.com/images/I/41vYg6vCbHL._SL500_.jpg" alt="Product Image"></a><p>Renna, Grilled Eggplant, Roasted Marinaded Eggplants preserved in oil,10.58 oz, A Taste of the Mediterranean, Crafted in Italy, Renna Delights, Product of Italy</p><p> -7% 0FF </p><p>$13.99 ($21.16 / lb)</p><a href="https://www.amazon.com/dp/B0CLPJXJM9?tag=eloabder-20&linkCode=osi&th=1&psc=1">View Product</a></div>





<div class="product"><a href="https://www.amazon.com/dp/B0025W9A5C?tag=eloabder-20&linkCode=osi&th=1&psc=1"><img src="https://m.media-amazon.com/images/I/51Oz8SNo83L._SL500_.jpg" alt="Product Image"></a><p>Nature Valley Crunchy Oats 'n Honey Granola Bars, 60 Bars, 44.7 OZ (30 Pouches)</p><p> -33% 0FF </p><p>$7.49 ($0.17 / Ounce)</p><a href="https://www.amazon.com/dp/B0025W9A5C?tag=eloabder-20&linkCode=osi&th=1&psc=1">View Product</a></div><div class="product"><a href="https://www.amazon.com/dp/B01MRZZ3KC?tag=eloabder-20&linkCode=osi&th=1&psc=1"><img src="https://m.media-amazon.com/images/I/512IgtvlLyL._SL500_.jpg" alt="Product Image"></a><p>Quaker Chewy Granola Bars, Chocolate Chip, 58 Count - Packaging May Vary</p><p> -9% 0FF </p><p>$11.19 ($0.23 / Ounce)</p><a href="https://www.amazon.com/dp/B01MRZZ3KC?tag=eloabder-20&linkCode=osi&th=1&psc=1">View Product</a></div><div class="product"><a href="https://www.amazon.com/dp/B00GHPC47O?tag=eloabder-20&linkCode=osi&th=1&psc=1"><img src="https://m.media-amazon.com/images/I/51YsdKn53VS._SL500_.jpg" alt="Product Image"></a><p>Quaker Chewy Granola Bars, Variety Pack, 18 Count</p><p> -20% 0FF </p><p>$3.97 ($0.26 / Ounce)</p><a href="https://www.amazon.com/dp/B00GHPC47O?tag=eloabder-20&linkCode=osi&th=1&psc=1">View Product</a></div><div class="product"><a href="https://www.amazon.com/dp/B0D9R1BMJR?tag=eloabder-20&linkCode=osi&th=1&psc=1"><img src="https://m.media-amazon.com/images/I/51ksmfNpCJL._SL500_.jpg" alt="Product Image"></a><p>Quaker Chewy Granola Bars, Chewy & Dipps Variety Pack, (58 Bars), Whole Grains, No Artificial Flavors, No Added Colors</p><p> -31% 0FF </p><p>$11.87 ($0.22 / Ounce)</p><a href="https://www.amazon.com/dp/B0D9R1BMJR?tag=eloabder-20&linkCode=osi&th=1&psc=1">View Product</a></div><div class="product"><a href="https://www.amazon.com/dp/B077KYKYKN?tag=eloabder-20&linkCode=osi&th=1&psc=1"><img src="https://m.media-amazon.com/images/I/51qz85lOK2S._SL500_.jpg" alt="Product Image"></a><p>Quaker Chewy Lower Sugar Granola Bars, Chocolate Chip, 58 Count</p><p> -35% 0FF </p><p>$11.19 ($0.23 / Ounce)</p><a href="https://www.amazon.com/dp/B077KYKYKN?tag=eloabder-20&linkCode=osi&th=1&psc=1">View Product</a></div>
<div class="product"><a href="https://www.amazon.com/dp/B07VVGKHLH?tag=eloabder-20&linkCode=osi&th=1&psc=1"><img src="https://m.media-amazon.com/images/I/31hbAFlUK6L._SL500_.jpg" alt="Product Image"></a><p>Amazon Grocery, Garlic Powder, 3.9 Oz (Previously Happy Belly, Packaging May Vary)</p><p> -17% 0FF </p><p>$1.30 ($0.33 / Ounce)</p><a href="https://www.amazon.com/dp/B07VVGKHLH?tag=eloabder-20&linkCode=osi&th=1&psc=1">View Product</a></div>
<div class="product"><a href="https://www.amazon.com/dp/B000WHSD5A?tag=eloabder-20&linkCode=osi&th=1&psc=1"><img src="https://m.media-amazon.com/images/I/41QwGSr0+IL._SL500_.jpg" alt="Product Image"></a><p>Heinz Tomato Ketchup, 20 oz Bottle</p><p> -36% 0FF </p><p>$2.23 ($0.11 / Ounce)</p><a href="https://www.amazon.com/dp/B000WHSD5A?tag=eloabder-20&linkCode=osi&th=1&psc=1">View Product</a></div><div class="product"><a href="https://www.amazon.com/dp/B0005YKO8E?tag=eloabder-20&linkCode=osi&th=1&psc=1"><img src="https://m.media-amazon.com/images/I/41AFhgJ5V7L._SL500_.jpg" alt="Product Image"></a><p>Heinz Tomato Ketchup, 14 oz Bottle</p><p> -36% 0FF </p><p>$1.56 ($0.11 / Ounce)</p><a href="https://www.amazon.com/dp/B0005YKO8E?tag=eloabder-20&linkCode=osi&th=1&psc=1">View Product</a></div><div class="product"><a href="https://www.amazon.com/dp/B01B2OVUAG?tag=eloabder-20&linkCode=osi&th=1&psc=1"><img src="https://m.media-amazon.com/images/I/41gaLzbBsDL._SL500_.jpg" alt="Product Image"></a><p>Heinz Organic Tomato Ketchup, 32 oz Bottle</p><p> -47% 0FF </p><p>$3.67 ($0.11 / Ounce)</p><a href="https://www.amazon.com/dp/B01B2OVUAG?tag=eloabder-20&linkCode=osi&th=1&psc=1">View Product</a></div>
<div class="product"><a href="https://www.amazon.com/dp/B015UBV4N0?tag=eloabder-20&linkCode=osi&th=1&psc=1"><img src="https://m.media-amazon.com/images/I/51NRndhNwoL._SL500_.jpg" alt="Product Image"></a><p>Crofters Organic Premium Spread, Strawberry, 16.5 oz</p><p> -20% 0FF </p><p>$4.96 ($0.30 / oz)</p><a href="https://www.amazon.com/dp/B015UBV4N0?tag=eloabder-20&linkCode=osi&th=1&psc=1">View Product</a></div>
<div class="product"><a href="https://www.amazon.com/dp/B097RW44HZ?tag=eloabder-20&linkCode=osi&th=1&psc=1"><img src="https://m.media-amazon.com/images/I/51OhVkU8+PL._SL500_.jpg" alt="Product Image"></a><p>Apexy Jelly Fruit Candy – Assorted Fruit Flavors, Halloween Treat Juicy Chewy Gel Snacks, Kids & Adults Party Favors, Fun Treats for Goodie Bags & Events 46.9oz (1330g)</p><p> -7% 0FF </p><p>$12.99 ($0.28 / Ounce)</p><a href="https://www.amazon.com/dp/B097RW44HZ?tag=eloabder-20&linkCode=osi&th=1&psc=1">View Product</a></div><div class="product"><a href="https://www.amazon.com/dp/B00099XN56?tag=eloabder-20&linkCode=osi&th=1&psc=1"><img src="https://m.media-amazon.com/images/I/41twfbi883L._SL500_.jpg" alt="Product Image"></a><p>Smucker's Jelly, Mixed Fruit, 12 oz (340 g)</p><p> -11% 0FF </p><p>$9.94 ($0.83 / Ounce)</p><a href="https://www.amazon.com/dp/B00099XN56?tag=eloabder-20&linkCode=osi&th=1&psc=1">View Product</a></div>
<div class="product"><a href="https://www.amazon.com/dp/B0005Z6ZK4?tag=eloabder-20&linkCode=osi&th=1&psc=1"><img src="https://m.media-amazon.com/images/I/31dtADxAZbL._SL500_.jpg" alt="Product Image"></a><p>Nutella Hazelnut Spread with Cocoa, Creamy Hazelnut Spread, Breakfast Favorite, 13 oz Jar</p><p> -30% 0FF </p><p>$3.48 ($0.27 / Ounce)</p><a href="https://www.amazon.com/dp/B0005Z6ZK4?tag=eloabder-20&linkCode=osi&th=1&psc=1">View Product</a></div><div class="product"><a href="https://www.amazon.com/dp/B09PN9S9D4?tag=eloabder-20&linkCode=osi&th=1&psc=1"><img src="https://m.media-amazon.com/images/I/41VpA06vqaL._SL500_.jpg" alt="Product Image"></a><p>Amazon Grocery, Hazelnut Spread With Cocoa, 26.5 Oz (Previously Amazon Fresh, Packaging May Vary)</p><p> -17% 0FF </p><p>$4.12 ($0.16 / Ounce)</p><a href="https://www.amazon.com/dp/B09PN9S9D4?tag=eloabder-20&linkCode=osi&th=1&psc=1">View Product</a></div>
<div class="product"><a href="https://www.amazon.com/dp/B0052BFNLS?tag=eloabder-20&linkCode=osi&th=1&psc=1"><img src="https://m.media-amazon.com/images/I/31Tfk-0-ybL._SL500_.jpg" alt="Product Image"></a><p>Pompeian Gourmet Red Wine Vinegar, Naturally Gluten-Free, 30 Fl Oz</p><p> -5% 0FF </p><p>$5.33 ($0.18 / Fl Oz)</p><a href="https://www.amazon.com/dp/B0052BFNLS?tag=eloabder-20&linkCode=osi&th=1&psc=1">View Product</a></div><div class="product"><a href="https://www.amazon.com/dp/B005AYB38O?tag=eloabder-20&linkCode=osi&th=1&psc=1"><img src="https://m.media-amazon.com/images/I/31tJRcbnsfL._SL500_.jpg" alt="Product Image"></a><p>Napa Valley Naturals Organic Red Wine Vinegar, 12.7 Ounces</p><p> -51% 0FF </p><p>$5.50 ($0.43 / Ounce)</p><a href="https://www.amazon.com/dp/B005AYB38O?tag=eloabder-20&linkCode=osi&th=1&psc=1">View Product</a></div><div class="product"><a href="https://www.amazon.com/dp/B00H1CJG00?tag=eloabder-20&linkCode=osi&th=1&psc=1"><img src="https://m.media-amazon.com/images/I/31pl1n1OONL._SL500_.jpg" alt="Product Image"></a><p>Colavita Wine Vinegar - Red Wine Vinegar, 17 Fl Oz</p><p> -21% 0FF </p><p>$9.51 ($0.56 / Fl Oz)</p><a href="https://www.amazon.com/dp/B00H1CJG00?tag=eloabder-20&linkCode=osi&th=1&psc=1">View Product</a></div>









<div class="product"><a href="https://www.amazon.com/dp/B074H5ZHFH?tag=eloabder-20&linkCode=osi&th=1&psc=1"><img src="https://m.media-amazon.com/images/I/410ymBds87L._SL500_.jpg" alt="Product Image"></a><p>365 by Whole Foods Market, Organic Penne Rigate, 16 Ounce</p><p> -10% 0FF </p><p>$1.97 ($0.12 / Ounce)</p><a href="https://www.amazon.com/dp/B074H5ZHFH?tag=eloabder-20&linkCode=osi&th=1&psc=1">View Product</a></div><div class="product"><a href="https://www.amazon.com/dp/B007MNYZ2M?tag=eloabder-20&linkCode=osi&th=1&psc=1"><img src="https://m.media-amazon.com/images/I/41dAZBCU7kS._SL500_.jpg" alt="Product Image"></a><p>Rummo Italian Pasta Penne Rigate No. 66, Always Al Dente (1lb Package)</p><p> -32% 0FF </p><p>$7.12 ($0.44 / Ounce)</p><a href="https://www.amazon.com/dp/B007MNYZ2M?tag=eloabder-20&linkCode=osi&th=1&psc=1">View Product</a></div><div class="product"><a href="https://www.amazon.com/dp/B07NSRQYNP?tag=eloabder-20&linkCode=osi&th=1&psc=1"><img src="https://m.media-amazon.com/images/I/413HwweC7iL._SL500_.jpg" alt="Product Image"></a><p>Rao's Homemade Penne Pasta, 16oz, Traditionally Crafted, Premium Quality, From Durum Semolina Flour, Traditional Bronze Die Cut, Imported from Italy</p><p> -24% 0FF </p><p>$2.18 ($0.14 / Fl Oz)</p><a href="https://www.amazon.com/dp/B07NSRQYNP?tag=eloabder-20&linkCode=osi&th=1&psc=1">View Product</a></div>
<div class="product"><a href="https://www.amazon.com/dp/B00112UBOG?tag=eloabder-20&linkCode=osi&th=1&psc=1"><img src="https://m.media-amazon.com/images/I/51coh9-N5gL._SL500_.jpg" alt="Product Image"></a><p>RiceSelect Arborio Rice for Italian Risotto, Premium Gluten-Free Rice, Non-GMO, 32-Ounce Jar, (Pack of 1)</p><p> -21% 0FF </p><p>$5.99 ($0.19 / Ounces)</p><a href="https://www.amazon.com/dp/B00112UBOG?tag=eloabder-20&linkCode=osi&th=1&psc=1">View Product</a></div>


<div class="product"><a href="https://www.amazon.com/dp/B0BZB9D92K?tag=eloabder-20&linkCode=osi&th=1&psc=1"><img src="https://m.media-amazon.com/images/I/41q74mciXOL._SL500_.jpg" alt="Product Image"></a><p>Amazon Grocery, Canned Pinto Beans, 15.5 Oz (Previously Amazon Fresh, Packaging May Vary)</p><p> -34% 0FF </p><p>$0.55 ($0.04 / Ounce)</p><a href="https://www.amazon.com/dp/B0BZB9D92K?tag=eloabder-20&linkCode=osi&th=1&psc=1">View Product</a></div>
<div class="product"><a href="https://www.amazon.com/dp/B0BZJNJTYV?tag=eloabder-20&linkCode=osi&th=1&psc=1"><img src="https://m.media-amazon.com/images/I/41lSsx2pjSL._SL500_.jpg" alt="Product Image"></a><p>Amazon Grocery, Sweet Peas, 15 Oz (Previously Amazon Fresh, Packaging May Vary)</p><p> -56% 0FF </p><p>$0.71 ($0.05 / Ounce)</p><a href="https://www.amazon.com/dp/B0BZJNJTYV?tag=eloabder-20&linkCode=osi&th=1&psc=1">View Product</a></div><div class="product"><a href="https://www.amazon.com/dp/B078T19Y9X?tag=eloabder-20&linkCode=osi&th=1&psc=1"><img src="https://m.media-amazon.com/images/I/51z+piSY1JL._SL500_.jpg" alt="Product Image"></a><p>DEL MONTE Sweet Peas Canned Vegetables, 12 Pack, 15 oz Can</p><p> -36% 0FF </p><p>$10.08 ($0.06 / Ounce)</p><a href="https://www.amazon.com/dp/B078T19Y9X?tag=eloabder-20&linkCode=osi&th=1&psc=1">View Product</a></div>
<div class="product"><a href="https://www.amazon.com/dp/B00GDVBHU2?tag=eloabder-20&linkCode=osi&th=1&psc=1"><img src="https://m.media-amazon.com/images/I/51BjG0g4q5L._SL500_.jpg" alt="Product Image"></a><p>Blue Diamond Almonds, Raw Whole Natural, 16 Ounce</p><p> -12% 0FF </p><p>$5.99 ($0.37 / Ounce)</p><a href="https://www.amazon.com/dp/B00GDVBHU2?tag=eloabder-20&linkCode=osi&th=1&psc=1">View Product</a></div>

<div class="product"><a href="https://www.amazon.com/dp/B07W1WKDSC?tag=eloabder-20&linkCode=osi&th=1&psc=1"><img src="https://m.media-amazon.com/images/I/31nTopuj99L._SL500_.jpg" alt="Product Image"></a><p>Amazon Grocery, Basil Leaves, 0.95 Oz (Previously Happy Belly, Packaging May Vary)</p><p> -17% 0FF </p><p>$1.59 ($1.67 / Ounce)</p><a href="https://www.amazon.com/dp/B07W1WKDSC?tag=eloabder-20&linkCode=osi&th=1&psc=1">View Product</a></div>

<div class="product"><a href="https://www.amazon.com/dp/B07VXL2JRG?tag=eloabder-20&linkCode=osi&th=1&psc=1"><img src="https://m.media-amazon.com/images/I/31ou5P5dqeL._SL500_.jpg" alt="Product Image"></a><p>Amazon Grocery, Ground Cumin, 2.6 Oz (Previously Happy Belly, Packaging May Vary)</p><p> -17% 0FF </p><p>$1.16 ($0.45 / Ounce)</p><a href="https://www.amazon.com/dp/B07VXL2JRG?tag=eloabder-20&linkCode=osi&th=1&psc=1">View Product</a></div>

<div class="product"><a href="https://www.amazon.com/dp/B07P8M5ZT1?tag=eloabder-20&linkCode=osi&th=1&psc=1"><img src="https://m.media-amazon.com/images/I/31+0qVbfagL._SL500_.jpg" alt="Product Image"></a><p>Amazon Grocery, Olive Oil, Medium Flavor, 16.9 Fl Oz (Previously Amazon Fresh, Packaging May Vary)</p><p> -17% 0FF </p><p>$4.50 ($0.27 / Ounce)</p><a href="https://www.amazon.com/dp/B07P8M5ZT1?tag=eloabder-20&linkCode=osi&th=1&psc=1">View Product</a></div>
<div class="product"><a href="https://www.amazon.com/dp/B00IY5HREA?tag=eloabder-20&linkCode=osi&th=1&psc=1"><img src="https://m.media-amazon.com/images/I/31n5MDrL-QL._SL500_.jpg" alt="Product Image"></a><p>Colavita Balsamic Vinegar of Modena, 17 Ounce Bottle</p><p> -9% 0FF </p><p>$4.22 ($0.25 / Fl Oz)</p><a href="https://www.amazon.com/dp/B00IY5HREA?tag=eloabder-20&linkCode=osi&th=1&psc=1">View Product</a></div><div class="product"><a href="https://www.amazon.com/dp/B0FHNXDWYB?tag=eloabder-20&linkCode=osi&th=1&psc=1"><img src="https://m.media-amazon.com/images/I/41AJ0vvzsSL._SL500_.jpg" alt="Product Image"></a><p>Paolo Natural Orange Balsamic Vinegar, Artisan Crafted, 36-Month Oak Barrel Aged, Sweet & Sour Flavor for Salad Dressings, Pasta, Desserts, Glass Bottle, 5.40 fl oz (160ml)</p><p> -9% 0FF </p><p>$29.99 ($5.55 / Fl Oz)</p><a href="https://www.amazon.com/dp/B0FHNXDWYB?tag=eloabder-20&linkCode=osi&th=1&psc=1">View Product</a></div>
<div class="product"><a href="https://www.amazon.com/dp/B0B46R31XD?tag=eloabder-20&linkCode=osi&th=1&psc=1"><img src="https://m.media-amazon.com/images/I/5176SDI1iyL._SL500_.jpg" alt="Product Image"></a><p>Contadina Canned Tomato Sauce, 15 oz (Pack of 4 Cans)</p><p> -8% 0FF </p><p>$3.98 ($0.07 / Ounce)</p><a href="https://www.amazon.com/dp/B0B46R31XD?tag=eloabder-20&linkCode=osi&th=1&psc=1">View Product</a></div>


<div class="product"><a href="https://www.amazon.com/dp/B07179XBP9?tag=eloabder-20&linkCode=osi&th=1&psc=1"><img src="https://m.media-amazon.com/images/I/61vs7ucqGKL._SL500_.jpg" alt="Product Image"></a><p>Lay's Potato Chips, 4 Flavor Variety Pack, 1 oz Single Serve Bags, (40 Pack)</p><p> -19% 0FF </p><p>$13.19 ($0.33 / Count)</p><a href="https://www.amazon.com/dp/B07179XBP9?tag=eloabder-20&linkCode=osi&th=1&psc=1">View Product</a></div><div class="product"><a href="https://www.amazon.com/dp/B07X1KPLNQ?tag=eloabder-20&linkCode=osi&th=1&psc=1"><img src="https://m.media-amazon.com/images/I/41grpp95ftL._SL500_.jpg" alt="Product Image"></a><p>Amazon Fresh, Wavy Potato Chips, 11 Oz (Previously Happy Belly, Packaging May Vary)</p><p> -12% 0FF </p><p>$2.67 ($0.24 / Ounce)</p><a href="https://www.amazon.com/dp/B07X1KPLNQ?tag=eloabder-20&linkCode=osi&th=1&psc=1">View Product</a></div>


<div class="product"><a href="https://www.amazon.com/dp/B09NPB2DNT?tag=eloabder-20&linkCode=osi&th=1&psc=1"><img src="https://m.media-amazon.com/images/I/41EB1IsYvHL._SL500_.jpg" alt="Product Image"></a><p>M&M'S, SNICKERS & MILKY WAY Fun Size Chocolate Candy Variety Pack, Assorted Chocolate Candy Variety Pack for Halloween, Party Size, 19.2 Oz Bulk Bag</p><p> -6% 0FF </p><p>$8.99 ($0.47 / Ounce)</p><a href="https://www.amazon.com/dp/B09NPB2DNT?tag=eloabder-20&linkCode=osi&th=1&psc=1">View Product</a></div><div class="product"><a href="https://www.amazon.com/dp/B0DVM7JWP6?tag=eloabder-20&linkCode=osi&th=1&psc=1"><img src="https://m.media-amazon.com/images/I/51Lc-U8ExNL._SL500_.jpg" alt="Product Image"></a><p>Butterfinger, CRUNCH, Baby Ruth, 100 Grand Mini and Fun Size Assorted Candy Bars, Bulk 80 Count Pack, 32.1 oz</p><p> -20% 0FF </p><p>$11.19</p><a href="https://www.amazon.com/dp/B0DVM7JWP6?tag=eloabder-20&linkCode=osi&th=1&psc=1">View Product</a></div><div class="product"><a href="https://www.amazon.com/dp/B09NMX9CGB?tag=eloabder-20&linkCode=osi&th=1&psc=1"><img src="https://m.media-amazon.com/images/I/51donixesTL._SL500_.jpg" alt="Product Image"></a><p>Butterfinger, CRUNCH, Baby Ruth, 100 Grand Fun Size Assorted Candy Bars, Great for Sharing, Bulk 60 Count Pack, 37.2 oz</p><p> -20% 0FF </p><p>$11.79 ($0.32 / Ounce)</p><a href="https://www.amazon.com/dp/B09NMX9CGB?tag=eloabder-20&linkCode=osi&th=1&psc=1">View Product</a></div>




<div class="product"><a href="https://www.amazon.com/dp/B01B8V7ACA?tag=eloabder-20&linkCode=osi&th=1&psc=1"><img src="https://m.media-amazon.com/images/I/41vAit7Po9L._SL500_.jpg" alt="Product Image"></a><p>EPIC Rendered Duck Fat, Keto and Paleo Friendly, Whole30 Approved, Gluten Free, 11 oz Jar</p><p> -15% 0FF </p><p>$14.99 ($1.36 / Ounce)</p><a href="https://www.amazon.com/dp/B01B8V7ACA?tag=eloabder-20&linkCode=osi&th=1&psc=1">View Product</a></div>







<div class="product"><a href="https://www.amazon.com/dp/B006SMJTII?tag=eloabder-20&linkCode=osi&th=1&psc=1"><img src="https://m.media-amazon.com/images/I/51of6XbR9+L._SL500_.jpg" alt="Product Image"></a><p>Seawatch Chopped Sea Clams Ready to Use 51oz.Can</p><p> -10% 0FF </p><p>$22.99 ($0.45 / Ounce)</p><a href="https://www.amazon.com/dp/B006SMJTII?tag=eloabder-20&linkCode=osi&th=1&psc=1">View Product</a></div><div class="product"><a href="https://www.amazon.com/dp/B000LLIY5G?tag=eloabder-20&linkCode=osi&th=1&psc=1"><img src="https://m.media-amazon.com/images/I/514NKBSRlDL._SL500_.jpg" alt="Product Image"></a><p>Pacific Pearl Fancy Whole Smoked Clams in Oil 3.75 oz (Pack of 12)</p><p> -33% 0FF </p><p>$22.20 ($0.49 / Ounce)</p><a href="https://www.amazon.com/dp/B000LLIY5G?tag=eloabder-20&linkCode=osi&th=1&psc=1">View Product</a></div><div class="product"><a href="https://www.amazon.com/dp/B0098J1Q5C?tag=eloabder-20&linkCode=osi&th=1&psc=1"><img src="https://m.media-amazon.com/images/I/319Er+O-xCL._SL500_.jpg" alt="Product Image"></a><p>Bar Harbor Clam Juice, 8 Fl Oz</p><p> -6% 0FF </p><p>$9.07 ($1.13 / Ounce)</p><a href="https://www.amazon.com/dp/B0098J1Q5C?tag=eloabder-20&linkCode=osi&th=1&psc=1">View Product</a></div>



<div class="product"><a href="https://www.amazon.com/dp/B0CLPJXJM9?tag=eloabder-20&linkCode=osi&th=1&psc=1"><img src="https://m.media-amazon.com/images/I/41vYg6vCbHL._SL500_.jpg" alt="Product Image"></a><p>Renna, Grilled Eggplant, Roasted Marinaded Eggplants preserved in oil,10.58 oz, A Taste of the Mediterranean, Crafted in Italy, Renna Delights, Product of Italy</p><p> -7% 0FF </p><p>$13.99 ($21.16 / lb)</p><a href="https://www.amazon.com/dp/B0CLPJXJM9?tag=eloabder-20&linkCode=osi&th=1&psc=1">View Product</a></div>






<div class="product"><a href="https://www.amazon.com/dp/B0025W9A5C?tag=eloabder-20&linkCode=osi&th=1&psc=1"><img src="https://m.media-amazon.com/images/I/51Oz8SNo83L._SL500_.jpg" alt="Product Image"></a><p>Nature Valley Crunchy Oats 'n Honey Granola Bars, 60 Bars, 44.7 OZ (30 Pouches)</p><p> -33% 0FF </p><p>$7.49 ($0.17 / Ounce)</p><a href="https://www.amazon.com/dp/B0025W9A5C?tag=eloabder-20&linkCode=osi&th=1&psc=1">View Product</a></div><div class="product"><a href="https://www.amazon.com/dp/B01MRZZ3KC?tag=eloabder-20&linkCode=osi&th=1&psc=1"><img src="https://m.media-amazon.com/images/I/512IgtvlLyL._SL500_.jpg" alt="Product Image"></a><p>Quaker Chewy Granola Bars, Chocolate Chip, 58 Count - Packaging May Vary</p><p> -9% 0FF </p><p>$11.19 ($0.23 / Ounce)</p><a href="https://www.amazon.com/dp/B01MRZZ3KC?tag=eloabder-20&linkCode=osi&th=1&psc=1">View Product</a></div><div class="product"><a href="https://www.amazon.com/dp/B00GHPC47O?tag=eloabder-20&linkCode=osi&th=1&psc=1"><img src="https://m.media-amazon.com/images/I/51YsdKn53VS._SL500_.jpg" alt="Product Image"></a><p>Quaker Chewy Granola Bars, Variety Pack, 18 Count</p><p> -20% 0FF </p><p>$3.97 ($0.26 / Ounce)</p><a href="https://www.amazon.com/dp/B00GHPC47O?tag=eloabder-20&linkCode=osi&th=1&psc=1">View Product</a></div><div class="product"><a href="https://www.amazon.com/dp/B0D9R1BMJR?tag=eloabder-20&linkCode=osi&th=1&psc=1"><img src="https://m.media-amazon.com/images/I/51ksmfNpCJL._SL500_.jpg" alt="Product Image"></a><p>Quaker Chewy Granola Bars, Chewy & Dipps Variety Pack, (58 Bars), Whole Grains, No Artificial Flavors, No Added Colors</p><p> -31% 0FF </p><p>$11.87 ($0.22 / Ounce)</p><a href="https://www.amazon.com/dp/B0D9R1BMJR?tag=eloabder-20&linkCode=osi&th=1&psc=1">View Product</a></div><div class="product"><a href="https://www.amazon.com/dp/B077KYKYKN?tag=eloabder-20&linkCode=osi&th=1&psc=1"><img src="https://m.media-amazon.com/images/I/51qz85lOK2S._SL500_.jpg" alt="Product Image"></a><p>Quaker Chewy Lower Sugar Granola Bars, Chocolate Chip, 58 Count</p><p> -35% 0FF </p><p>$11.19 ($0.23 / Ounce)</p><a href="https://www.amazon.com/dp/B077KYKYKN?tag=eloabder-20&linkCode=osi&th=1&psc=1">View Product</a></div>
<div class="product"><a href="https://www.amazon.com/dp/B07VVGKHLH?tag=eloabder-20&linkCode=osi&th=1&psc=1"><img src="https://m.media-amazon.com/images/I/31hbAFlUK6L._SL500_.jpg" alt="Product Image"></a><p>Amazon Grocery, Garlic Powder, 3.9 Oz (Previously Happy Belly, Packaging May Vary)</p><p> -17% 0FF </p><p>$1.30 ($0.33 / Ounce)</p><a href="https://www.amazon.com/dp/B07VVGKHLH?tag=eloabder-20&linkCode=osi&th=1&psc=1">View Product</a></div>
<div class="product"><a href="https://www.amazon.com/dp/B000WHSD5A?tag=eloabder-20&linkCode=osi&th=1&psc=1"><img src="https://m.media-amazon.com/images/I/41QwGSr0+IL._SL500_.jpg" alt="Product Image"></a><p>Heinz Tomato Ketchup, 20 oz Bottle</p><p> -36% 0FF </p><p>$2.23 ($0.11 / Ounce)</p><a href="https://www.amazon.com/dp/B000WHSD5A?tag=eloabder-20&linkCode=osi&th=1&psc=1">View Product</a></div><div class="product"><a href="https://www.amazon.com/dp/B0005YKO8E?tag=eloabder-20&linkCode=osi&th=1&psc=1"><img src="https://m.media-amazon.com/images/I/41AFhgJ5V7L._SL500_.jpg" alt="Product Image"></a><p>Heinz Tomato Ketchup, 14 oz Bottle</p><p> -36% 0FF </p><p>$1.56 ($0.11 / Ounce)</p><a href="https://www.amazon.com/dp/B0005YKO8E?tag=eloabder-20&linkCode=osi&th=1&psc=1">View Product</a></div><div class="product"><a href="https://www.amazon.com/dp/B01B2OVUAG?tag=eloabder-20&linkCode=osi&th=1&psc=1"><img src="https://m.media-amazon.com/images/I/41gaLzbBsDL._SL500_.jpg" alt="Product Image"></a><p>Heinz Organic Tomato Ketchup, 32 oz Bottle</p><p> -47% 0FF </p><p>$3.67 ($0.11 / Ounce)</p><a href="https://www.amazon.com/dp/B01B2OVUAG?tag=eloabder-20&linkCode=osi&th=1&psc=1">View Product</a></div>
<div class="product"><a href="https://www.amazon.com/dp/B015UBV4N0?tag=eloabder-20&linkCode=osi&th=1&psc=1"><img src="https://m.media-amazon.com/images/I/51NRndhNwoL._SL500_.jpg" alt="Product Image"></a><p>Crofters Organic Premium Spread, Strawberry, 16.5 oz</p><p> -20% 0FF </p><p>$4.96 ($0.30 / oz)</p><a href="https://www.amazon.com/dp/B015UBV4N0?tag=eloabder-20&linkCode=osi&th=1&psc=1">View Product</a></div>
<div class="product"><a href="https://www.amazon.com/dp/B097RW44HZ?tag=eloabder-20&linkCode=osi&th=1&psc=1"><img src="https://m.media-amazon.com/images/I/51OhVkU8+PL._SL500_.jpg" alt="Product Image"></a><p>Apexy Jelly Fruit Candy – Assorted Fruit Flavors, Halloween Treat Juicy Chewy Gel Snacks, Kids & Adults Party Favors, Fun Treats for Goodie Bags & Events 46.9oz (1330g)</p><p> -7% 0FF </p><p>$12.99 ($0.28 / Ounce)</p><a href="https://www.amazon.com/dp/B097RW44HZ?tag=eloabder-20&linkCode=osi&th=1&psc=1">View Product</a></div><div class="product"><a href="https://www.amazon.com/dp/B00099XN56?tag=eloabder-20&linkCode=osi&th=1&psc=1"><img src="https://m.media-amazon.com/images/I/41twfbi883L._SL500_.jpg" alt="Product Image"></a><p>Smucker's Jelly, Mixed Fruit, 12 oz (340 g)</p><p> -11% 0FF </p><p>$9.94 ($0.83 / Ounce)</p><a href="https://www.amazon.com/dp/B00099XN56?tag=eloabder-20&linkCode=osi&th=1&psc=1">View Product</a></div>
<div class="product"><a href="https://www.amazon.com/dp/B0005Z6ZK4?tag=eloabder-20&linkCode=osi&th=1&psc=1"><img src="https://m.media-amazon.com/images/I/31dtADxAZbL._SL500_.jpg" alt="Product Image"></a><p>Nutella Hazelnut Spread with Cocoa, Creamy Hazelnut Spread, Breakfast Favorite, 13 oz Jar</p><p> -30% 0FF </p><p>$3.48 ($0.27 / Ounce)</p><a href="https://www.amazon.com/dp/B0005Z6ZK4?tag=eloabder-20&linkCode=osi&th=1&psc=1">View Product</a></div><div class="product"><a href="https://www.amazon.com/dp/B09PN9S9D4?tag=eloabder-20&linkCode=osi&th=1&psc=1"><img src="https://m.media-amazon.com/images/I/41VpA06vqaL._SL500_.jpg" alt="Product Image"></a><p>Amazon Grocery, Hazelnut Spread With Cocoa, 26.5 Oz (Previously Amazon Fresh, Packaging May Vary)</p><p> -17% 0FF </p><p>$4.12 ($0.16 / Ounce)</p><a href="https://www.amazon.com/dp/B09PN9S9D4?tag=eloabder-20&linkCode=osi&th=1&psc=1">View Product</a></div>
<div class="product"><a href="https://www.amazon.com/dp/B0052BFNLS?tag=eloabder-20&linkCode=osi&th=1&psc=1"><img src="https://m.media-amazon.com/images/I/31Tfk-0-ybL._SL500_.jpg" alt="Product Image"></a><p>Pompeian Gourmet Red Wine Vinegar, Naturally Gluten-Free, 30 Fl Oz</p><p> -5% 0FF </p><p>$5.33 ($0.18 / Fl Oz)</p><a href="https://www.amazon.com/dp/B0052BFNLS?tag=eloabder-20&linkCode=osi&th=1&psc=1">View Product</a></div><div class="product"><a href="https://www.amazon.com/dp/B005AYB38O?tag=eloabder-20&linkCode=osi&th=1&psc=1"><img src="https://m.media-amazon.com/images/I/31tJRcbnsfL._SL500_.jpg" alt="Product Image"></a><p>Napa Valley Naturals Organic Red Wine Vinegar, 12.7 Ounces</p><p> -51% 0FF </p><p>$5.50 ($0.43 / Ounce)</p><a href="https://www.amazon.com/dp/B005AYB38O?tag=eloabder-20&linkCode=osi&th=1&psc=1">View Product</a></div><div class="product"><a href="https://www.amazon.com/dp/B00H1CJG00?tag=eloabder-20&linkCode=osi&th=1&psc=1"><img src="https://m.media-amazon.com/images/I/31pl1n1OONL._SL500_.jpg" alt="Product Image"></a><p>Colavita Wine Vinegar - Red Wine Vinegar, 17 Fl Oz</p><p> -21% 0FF </p><p>$9.51 ($0.56 / Fl Oz)</p><a href="https://www.amazon.com/dp/B00H1CJG00?tag=eloabder-20&linkCode=osi&th=1&psc=1">View Product</a></div>









<div class="product"><a href="https://www.amazon.com/dp/B074H5ZHFH?tag=eloabder-20&linkCode=osi&th=1&psc=1"><img src="https://m.media-amazon.com/images/I/410ymBds87L._SL500_.jpg" alt="Product Image"></a><p>365 by Whole Foods Market, Organic Penne Rigate, 16 Ounce</p><p> -10% 0FF </p><p>$1.97 ($0.12 / Ounce)</p><a href="https://www.amazon.com/dp/B074H5ZHFH?tag=eloabder-20&linkCode=osi&th=1&psc=1">View Product</a></div><div class="product"><a href="https://www.amazon.com/dp/B007MNYZ2M?tag=eloabder-20&linkCode=osi&th=1&psc=1"><img src="https://m.media-amazon.com/images/I/41dAZBCU7kS._SL500_.jpg" alt="Product Image"></a><p>Rummo Italian Pasta Penne Rigate No. 66, Always Al Dente (1lb Package)</p><p> -32% 0FF </p><p>$7.12 ($0.44 / Ounce)</p><a href="https://www.amazon.com/dp/B007MNYZ2M?tag=eloabder-20&linkCode=osi&th=1&psc=1">View Product</a></div><div class="product"><a href="https://www.amazon.com/dp/B07NSRQYNP?tag=eloabder-20&linkCode=osi&th=1&psc=1"><img src="https://m.media-amazon.com/images/I/413HwweC7iL._SL500_.jpg" alt="Product Image"></a><p>Rao's Homemade Penne Pasta, 16oz, Traditionally Crafted, Premium Quality, From Durum Semolina Flour, Traditional Bronze Die Cut, Imported from Italy</p><p> -24% 0FF </p><p>$2.18 ($0.14 / Fl Oz)</p><a href="https://www.amazon.com/dp/B07NSRQYNP?tag=eloabder-20&linkCode=osi&th=1&psc=1">View Product</a></div>
<div class="product"><a href="https://www.amazon.com/dp/B00112UBOG?tag=eloabder-20&linkCode=osi&th=1&psc=1"><img src="https://m.media-amazon.com/images/I/51coh9-N5gL._SL500_.jpg" alt="Product Image"></a><p>RiceSelect Arborio Rice for Italian Risotto, Premium Gluten-Free Rice, Non-GMO, 32-Ounce Jar, (Pack of 1)</p><p> -21% 0FF </p><p>$5.99 ($0.19 / Ounces)</p><a href="https://www.amazon.com/dp/B00112UBOG?tag=eloabder-20&linkCode=osi&th=1&psc=1">View Product</a></div>


<div class="product"><a href="https://www.amazon.com/dp/B0BZB9D92K?tag=eloabder-20&linkCode=osi&th=1&psc=1"><img src="https://m.media-amazon.com/images/I/41q74mciXOL._SL500_.jpg" alt="Product Image"></a><p>Amazon Grocery, Canned Pinto Beans, 15.5 Oz (Previously Amazon Fresh, Packaging May Vary)</p><p> -34% 0FF </p><p>$0.55 ($0.04 / Ounce)</p><a href="https://www.amazon.com/dp/B0BZB9D92K?tag=eloabder-20&linkCode=osi&th=1&psc=1">View Product</a></div>
<div class="product"><a href="https://www.amazon.com/dp/B0BZJNJTYV?tag=eloabder-20&linkCode=osi&th=1&psc=1"><img src="https://m.media-amazon.com/images/I/41lSsx2pjSL._SL500_.jpg" alt="Product Image"></a><p>Amazon Grocery, Sweet Peas, 15 Oz (Previously Amazon Fresh, Packaging May Vary)</p><p> -56% 0FF </p><p>$0.71 ($0.05 / Ounce)</p><a href="https://www.amazon.com/dp/B0BZJNJTYV?tag=eloabder-20&linkCode=osi&th=1&psc=1">View Product</a></div><div class="product"><a href="https://www.amazon.com/dp/B078T19Y9X?tag=eloabder-20&linkCode=osi&th=1&psc=1"><img src="https://m.media-amazon.com/images/I/51z+piSY1JL._SL500_.jpg" alt="Product Image"></a><p>DEL MONTE Sweet Peas Canned Vegetables, 12 Pack, 15 oz Can</p><p> -36% 0FF </p><p>$10.08 ($0.06 / Ounce)</p><a href="https://www.amazon.com/dp/B078T19Y9X?tag=eloabder-20&linkCode=osi&th=1&psc=1">View Product</a></div>
<div class="product"><a href="https://www.amazon.com/dp/B00GDVBHU2?tag=eloabder-20&linkCode=osi&th=1&psc=1"><img src="https://m.media-amazon.com/images/I/51BjG0g4q5L._SL500_.jpg" alt="Product Image"></a><p>Blue Diamond Almonds, Raw Whole Natural, 16 Ounce</p><p> -12% 0FF </p><p>$5.99 ($0.37 / Ounce)</p><a href="https://www.amazon.com/dp/B00GDVBHU2?tag=eloabder-20&linkCode=osi&th=1&psc=1">View Product</a></div>

<div class="product"><a href="https://www.amazon.com/dp/B07W1WKDSC?tag=eloabder-20&linkCode=osi&th=1&psc=1"><img src="https://m.media-amazon.com/images/I/31nTopuj99L._SL500_.jpg" alt="Product Image"></a><p>Amazon Grocery, Basil Leaves, 0.95 Oz (Previously Happy Belly, Packaging May Vary)</p><p> -17% 0FF </p><p>$1.59 ($1.67 / Ounce)</p><a href="https://www.amazon.com/dp/B07W1WKDSC?tag=eloabder-20&linkCode=osi&th=1&psc=1">View Product</a></div>

<div class="product"><a href="https://www.amazon.com/dp/B07VXL2JRG?tag=eloabder-20&linkCode=osi&th=1&psc=1"><img src="https://m.media-amazon.com/images/I/31ou5P5dqeL._SL500_.jpg" alt="Product Image"></a><p>Amazon Grocery, Ground Cumin, 2.6 Oz (Previously Happy Belly, Packaging May Vary)</p><p> -17% 0FF </p><p>$1.16 ($0.45 / Ounce)</p><a href="https://www.amazon.com/dp/B07VXL2JRG?tag=eloabder-20&linkCode=osi&th=1&psc=1">View Product</a></div>

<div class="product"><a href="https://www.amazon.com/dp/B07P8M5ZT1?tag=eloabder-20&linkCode=osi&th=1&psc=1"><img src="https://m.media-amazon.com/images/I/31+0qVbfagL._SL500_.jpg" alt="Product Image"></a><p>Amazon Grocery, Olive Oil, Medium Flavor, 16.9 Fl Oz (Previously Amazon Fresh, Packaging May Vary)</p><p> -17% 0FF </p><p>$4.50 ($0.27 / Ounce)</p><a href="https://www.amazon.com/dp/B07P8M5ZT1?tag=eloabder-20&linkCode=osi&th=1&psc=1">View Product</a></div>
<div class="product"><a href="https://www.amazon.com/dp/B00IY5HREA?tag=eloabder-20&linkCode=osi&th=1&psc=1"><img src="https://m.media-amazon.com/images/I/31n5MDrL-QL._SL500_.jpg" alt="Product Image"></a><p>Colavita Balsamic Vinegar of Modena, 17 Ounce Bottle</p><p> -9% 0FF </p><p>$4.22 ($0.25 / Fl Oz)</p><a href="https://www.amazon.com/dp/B00IY5HREA?tag=eloabder-20&linkCode=osi&th=1&psc=1">View Product</a></div><div class="product"><a href="https://www.amazon.com/dp/B0FHNXDWYB?tag=eloabder-20&linkCode=osi&th=1&psc=1"><img src="https://m.media-amazon.com/images/I/41AJ0vvzsSL._SL500_.jpg" alt="Product Image"></a><p>Paolo Natural Orange Balsamic Vinegar, Artisan Crafted, 36-Month Oak Barrel Aged, Sweet & Sour Flavor for Salad Dressings, Pasta, Desserts, Glass Bottle, 5.40 fl oz (160ml)</p><p> -9% 0FF </p><p>$29.99 ($5.55 / Fl Oz)</p><a href="https://www.amazon.com/dp/B0FHNXDWYB?tag=eloabder-20&linkCode=osi&th=1&psc=1">View Product</a></div>
<div class="product"><a href="https://www.amazon.com/dp/B0B46R31XD?tag=eloabder-20&linkCode=osi&th=1&psc=1"><img src="https://m.media-amazon.com/images/I/5176SDI1iyL._SL500_.jpg" alt="Product Image"></a><p>Contadina Canned Tomato Sauce, 15 oz (Pack of 4 Cans)</p><p> -8% 0FF </p><p>$3.98 ($0.07 / Ounce)</p><a href="https://www.amazon.com/dp/B0B46R31XD?tag=eloabder-20&linkCode=osi&th=1&psc=1">View Product</a></div>


<div class="product"><a href="https://www.amazon.com/dp/B07179XBP9?tag=eloabder-20&linkCode=osi&th=1&psc=1"><img src="https://m.media-amazon.com/images/I/61vs7ucqGKL._SL500_.jpg" alt="Product Image"></a><p>Lay's Potato Chips, 4 Flavor Variety Pack, 1 oz Single Serve Bags, (40 Pack)</p><p> -19% 0FF </p><p>$13.19 ($0.33 / Count)</p><a href="https://www.amazon.com/dp/B07179XBP9?tag=eloabder-20&linkCode=osi&th=1&psc=1">View Product</a></div><div class="product"><a href="https://www.amazon.com/dp/B07X1KPLNQ?tag=eloabder-20&linkCode=osi&th=1&psc=1"><img src="https://m.media-amazon.com/images/I/41grpp95ftL._SL500_.jpg" alt="Product Image"></a><p>Amazon Fresh, Wavy Potato Chips, 11 Oz (Previously Happy Belly, Packaging May Vary)</p><p> -12% 0FF </p><p>$2.67 ($0.24 / Ounce)</p><a href="https://www.amazon.com/dp/B07X1KPLNQ?tag=eloabder-20&linkCode=osi&th=1&psc=1">View Product</a></div>


<div class="product"><a href="https://www.amazon.com/dp/B09NPB2DNT?tag=eloabder-20&linkCode=osi&th=1&psc=1"><img src="https://m.media-amazon.com/images/I/41EB1IsYvHL._SL500_.jpg" alt="Product Image"></a><p>M&M'S, SNICKERS & MILKY WAY Fun Size Chocolate Candy Variety Pack, Assorted Chocolate Candy Variety Pack for Halloween, Party Size, 19.2 Oz Bulk Bag</p><p> -6% 0FF </p><p>$8.99 ($0.47 / Ounce)</p><a href="https://www.amazon.com/dp/B09NPB2DNT?tag=eloabder-20&linkCode=osi&th=1&psc=1">View Product</a></div><div class="product"><a href="https://www.amazon.com/dp/B0DVM7JWP6?tag=eloabder-20&linkCode=osi&th=1&psc=1"><img src="https://m.media-amazon.com/images/I/51Lc-U8ExNL._SL500_.jpg" alt="Product Image"></a><p>Butterfinger, CRUNCH, Baby Ruth, 100 Grand Mini and Fun Size Assorted Candy Bars, Bulk 80 Count Pack, 32.1 oz</p><p> -20% 0FF </p><p>$11.19</p><a href="https://www.amazon.com/dp/B0DVM7JWP6?tag=eloabder-20&linkCode=osi&th=1&psc=1">View Product</a></div><div class="product"><a href="https://www.amazon.com/dp/B09NMX9CGB?tag=eloabder-20&linkCode=osi&th=1&psc=1"><img src="https://m.media-amazon.com/images/I/51donixesTL._SL500_.jpg" alt="Product Image"></a><p>Butterfinger, CRUNCH, Baby Ruth, 100 Grand Fun Size Assorted Candy Bars, Great for Sharing, Bulk 60 Count Pack, 37.2 oz</p><p> -20% 0FF </p><p>$11.79 ($0.32 / Ounce)</p><a href="https://www.amazon.com/dp/B09NMX9CGB?tag=eloabder-20&linkCode=osi&th=1&psc=1">View Product</a></div>




<div class="product"><a href="https://www.amazon.com/dp/B01B8V7ACA?tag=eloabder-20&linkCode=osi&th=1&psc=1"><img src="https://m.media-amazon.com/images/I/41vAit7Po9L._SL500_.jpg" alt="Product Image"></a><p>EPIC Rendered Duck Fat, Keto and Paleo Friendly, Whole30 Approved, Gluten Free, 11 oz Jar</p><p> -15% 0FF </p><p>$14.99 ($1.36 / Ounce)</p><a href="https://www.amazon.com/dp/B01B8V7ACA?tag=eloabder-20&linkCode=osi&th=1&psc=1">View Product</a></div>







<div class="product"><a href="https://www.amazon.com/dp/B006SMJTII?tag=eloabder-20&linkCode=osi&th=1&psc=1"><img src="https://m.media-amazon.com/images/I/51of6XbR9+L._SL500_.jpg" alt="Product Image"></a><p>Seawatch Chopped Sea Clams Ready to Use 51oz.Can</p><p> -10% 0FF </p><p>$22.99 ($0.45 / Ounce)</p><a href="https://www.amazon.com/dp/B006SMJTII?tag=eloabder-20&linkCode=osi&th=1&psc=1">View Product</a></div><div class="product"><a href="https://www.amazon.com/dp/B000LLIY5G?tag=eloabder-20&linkCode=osi&th=1&psc=1"><img src="https://m.media-amazon.com/images/I/514NKBSRlDL._SL500_.jpg" alt="Product Image"></a><p>Pacific Pearl Fancy Whole Smoked Clams in Oil 3.75 oz (Pack of 12)</p><p> -33% 0FF </p><p>$22.20 ($0.49 / Ounce)</p><a href="https://www.amazon.com/dp/B000LLIY5G?tag=eloabder-20&linkCode=osi&th=1&psc=1">View Product</a></div><div class="product"><a href="https://www.amazon.com/dp/B0098J1Q5C?tag=eloabder-20&linkCode=osi&th=1&psc=1"><img src="https://m.media-amazon.com/images/I/319Er+O-xCL._SL500_.jpg" alt="Product Image"></a><p>Bar Harbor Clam Juice, 8 Fl Oz</p><p> -6% 0FF </p><p>$9.07 ($1.13 / Ounce)</p><a href="https://www.amazon.com/dp/B0098J1Q5C?tag=eloabder-20&linkCode=osi&th=1&psc=1">View Product</a></div>



<div class="product"><a href="https://www.amazon.com/dp/B0CLPJXJM9?tag=eloabder-20&linkCode=osi&th=1&psc=1"><img src="https://m.media-amazon.com/images/I/41vYg6vCbHL._SL500_.jpg" alt="Product Image"></a><p>Renna, Grilled Eggplant, Roasted Marinaded Eggplants preserved in oil,10.58 oz, A Taste of the Mediterranean, Crafted in Italy, Renna Delights, Product of Italy</p><p> -7% 0FF </p><p>$13.99 ($21.16 / lb)</p><a href="https://www.amazon.com/dp/B0CLPJXJM9?tag=eloabder-20&linkCode=osi&th=1&psc=1">View Product</a></div>







<div class="product"><a href="https://www.amazon.com/dp/B0025W9A5C?tag=eloabder-20&linkCode=osi&th=1&psc=1"><img src="https://m.media-amazon.com/images/I/51Oz8SNo83L._SL500_.jpg" alt="Product Image"></a><p>Nature Valley Crunchy Oats 'n Honey Granola Bars, 60 Bars, 44.7 OZ (30 Pouches)</p><p> -33% 0FF </p><p>$7.49 ($0.17 / Ounce)</p><a href="https://www.amazon.com/dp/B0025W9A5C?tag=eloabder-20&linkCode=osi&th=1&psc=1">View Product</a></div><div class="product"><a href="https://www.amazon.com/dp/B01MRZZ3KC?tag=eloabder-20&linkCode=osi&th=1&psc=1"><img src="https://m.media-amazon.com/images/I/512IgtvlLyL._SL500_.jpg" alt="Product Image"></a><p>Quaker Chewy Granola Bars, Chocolate Chip, 58 Count - Packaging May Vary</p><p> -9% 0FF </p><p>$11.19 ($0.23 / Ounce)</p><a href="https://www.amazon.com/dp/B01MRZZ3KC?tag=eloabder-20&linkCode=osi&th=1&psc=1">View Product</a></div><div class="product"><a href="https://www.amazon.com/dp/B00GHPC47O?tag=eloabder-20&linkCode=osi&th=1&psc=1"><img src="https://m.media-amazon.com/images/I/51YsdKn53VS._SL500_.jpg" alt="Product Image"></a><p>Quaker Chewy Granola Bars, Variety Pack, 18 Count</p><p> -20% 0FF </p><p>$3.97 ($0.26 / Ounce)</p><a href="https://www.amazon.com/dp/B00GHPC47O?tag=eloabder-20&linkCode=osi&th=1&psc=1">View Product</a></div><div class="product"><a href="https://www.amazon.com/dp/B0D9R1BMJR?tag=eloabder-20&linkCode=osi&th=1&psc=1"><img src="https://m.media-amazon.com/images/I/51ksmfNpCJL._SL500_.jpg" alt="Product Image"></a><p>Quaker Chewy Granola Bars, Chewy & Dipps Variety Pack, (58 Bars), Whole Grains, No Artificial Flavors, No Added Colors</p><p> -31% 0FF </p><p>$11.87 ($0.22 / Ounce)</p><a href="https://www.amazon.com/dp/B0D9R1BMJR?tag=eloabder-20&linkCode=osi&th=1&psc=1">View Product</a></div><div class="product"><a href="https://www.amazon.com/dp/B077KYKYKN?tag=eloabder-20&linkCode=osi&th=1&psc=1"><img src="https://m.media-amazon.com/images/I/51qz85lOK2S._SL500_.jpg" alt="Product Image"></a><p>Quaker Chewy Lower Sugar Granola Bars, Chocolate Chip, 58 Count</p><p> -35% 0FF </p><p>$11.19 ($0.23 / Ounce)</p><a href="https://www.amazon.com/dp/B077KYKYKN?tag=eloabder-20&linkCode=osi&th=1&psc=1">View Product</a></div>
<div class="product"><a href="https://www.amazon.com/dp/B07VVGKHLH?tag=eloabder-20&linkCode=osi&th=1&psc=1"><img src="https://m.media-amazon.com/images/I/31hbAFlUK6L._SL500_.jpg" alt="Product Image"></a><p>Amazon Grocery, Garlic Powder, 3.9 Oz (Previously Happy Belly, Packaging May Vary)</p><p> -17% 0FF </p><p>$1.30 ($0.33 / Ounce)</p><a href="https://www.amazon.com/dp/B07VVGKHLH?tag=eloabder-20&linkCode=osi&th=1&psc=1">View Product</a></div>
<div class="product"><a href="https://www.amazon.com/dp/B000WHSD5A?tag=eloabder-20&linkCode=osi&th=1&psc=1"><img src="https://m.media-amazon.com/images/I/41QwGSr0+IL._SL500_.jpg" alt="Product Image"></a><p>Heinz Tomato Ketchup, 20 oz Bottle</p><p> -36% 0FF </p><p>$2.23 ($0.11 / Ounce)</p><a href="https://www.amazon.com/dp/B000WHSD5A?tag=eloabder-20&linkCode=osi&th=1&psc=1">View Product</a></div><div class="product"><a href="https://www.amazon.com/dp/B0005YKO8E?tag=eloabder-20&linkCode=osi&th=1&psc=1"><img src="https://m.media-amazon.com/images/I/41AFhgJ5V7L._SL500_.jpg" alt="Product Image"></a><p>Heinz Tomato Ketchup, 14 oz Bottle</p><p> -36% 0FF </p><p>$1.56 ($0.11 / Ounce)</p><a href="https://www.amazon.com/dp/B0005YKO8E?tag=eloabder-20&linkCode=osi&th=1&psc=1">View Product</a></div><div class="product"><a href="https://www.amazon.com/dp/B01B2OVUAG?tag=eloabder-20&linkCode=osi&th=1&psc=1"><img src="https://m.media-amazon.com/images/I/41gaLzbBsDL._SL500_.jpg" alt="Product Image"></a><p>Heinz Organic Tomato Ketchup, 32 oz Bottle</p><p> -47% 0FF </p><p>$3.67 ($0.11 / Ounce)</p><a href="https://www.amazon.com/dp/B01B2OVUAG?tag=eloabder-20&linkCode=osi&th=1&psc=1">View Product</a></div>
<div class="product"><a href="https://www.amazon.com/dp/B015UBV4N0?tag=eloabder-20&linkCode=osi&th=1&psc=1"><img src="https://m.media-amazon.com/images/I/51NRndhNwoL._SL500_.jpg" alt="Product Image"></a><p>Crofters Organic Premium Spread, Strawberry, 16.5 oz</p><p> -20% 0FF </p><p>$4.96 ($0.30 / oz)</p><a href="https://www.amazon.com/dp/B015UBV4N0?tag=eloabder-20&linkCode=osi&th=1&psc=1">View Product</a></div>
<div class="product"><a href="https://www.amazon.com/dp/B097RW44HZ?tag=eloabder-20&linkCode=osi&th=1&psc=1"><img src="https://m.media-amazon.com/images/I/51OhVkU8+PL._SL500_.jpg" alt="Product Image"></a><p>Apexy Jelly Fruit Candy – Assorted Fruit Flavors, Halloween Treat Juicy Chewy Gel Snacks, Kids & Adults Party Favors, Fun Treats for Goodie Bags & Events 46.9oz (1330g)</p><p> -7% 0FF </p><p>$12.99 ($0.28 / Ounce)</p><a href="https://www.amazon.com/dp/B097RW44HZ?tag=eloabder-20&linkCode=osi&th=1&psc=1">View Product</a></div><div class="product"><a href="https://www.amazon.com/dp/B00099XN56?tag=eloabder-20&linkCode=osi&th=1&psc=1"><img src="https://m.media-amazon.com/images/I/41twfbi883L._SL500_.jpg" alt="Product Image"></a><p>Smucker's Jelly, Mixed Fruit, 12 oz (340 g)</p><p> -11% 0FF </p><p>$9.94 ($0.83 / Ounce)</p><a href="https://www.amazon.com/dp/B00099XN56?tag=eloabder-20&linkCode=osi&th=1&psc=1">View Product</a></div>
<div class="product"><a href="https://www.amazon.com/dp/B0005Z6ZK4?tag=eloabder-20&linkCode=osi&th=1&psc=1"><img src="https://m.media-amazon.com/images/I/31dtADxAZbL._SL500_.jpg" alt="Product Image"></a><p>Nutella Hazelnut Spread with Cocoa, Creamy Hazelnut Spread, Breakfast Favorite, 13 oz Jar</p><p> -30% 0FF </p><p>$3.48 ($0.27 / Ounce)</p><a href="https://www.amazon.com/dp/B0005Z6ZK4?tag=eloabder-20&linkCode=osi&th=1&psc=1">View Product</a></div><div class="product"><a href="https://www.amazon.com/dp/B09PN9S9D4?tag=eloabder-20&linkCode=osi&th=1&psc=1"><img src="https://m.media-amazon.com/images/I/41VpA06vqaL._SL500_.jpg" alt="Product Image"></a><p>Amazon Grocery, Hazelnut Spread With Cocoa, 26.5 Oz (Previously Amazon Fresh, Packaging May Vary)</p><p> -17% 0FF </p><p>$4.12 ($0.16 / Ounce)</p><a href="https://www.amazon.com/dp/B09PN9S9D4?tag=eloabder-20&linkCode=osi&th=1&psc=1">View Product</a></div>
<div class="product"><a href="https://www.amazon.com/dp/B0052BFNLS?tag=eloabder-20&linkCode=osi&th=1&psc=1"><img src="https://m.media-amazon.com/images/I/31Tfk-0-ybL._SL500_.jpg" alt="Product Image"></a><p>Pompeian Gourmet Red Wine Vinegar, Naturally Gluten-Free, 30 Fl Oz</p><p> -5% 0FF </p><p>$5.33 ($0.18 / Fl Oz)</p><a href="https://www.amazon.com/dp/B0052BFNLS?tag=eloabder-20&linkCode=osi&th=1&psc=1">View Product</a></div><div class="product"><a href="https://www.amazon.com/dp/B005AYB38O?tag=eloabder-20&linkCode=osi&th=1&psc=1"><img src="https://m.media-amazon.com/images/I/31tJRcbnsfL._SL500_.jpg" alt="Product Image"></a><p>Napa Valley Naturals Organic Red Wine Vinegar, 12.7 Ounces</p><p> -51% 0FF </p><p>$5.50 ($0.43 / Ounce)</p><a href="https://www.amazon.com/dp/B005AYB38O?tag=eloabder-20&linkCode=osi&th=1&psc=1">View Product</a></div><div class="product"><a href="https://www.amazon.com/dp/B00H1CJG00?tag=eloabder-20&linkCode=osi&th=1&psc=1"><img src="https://m.media-amazon.com/images/I/31pl1n1OONL._SL500_.jpg" alt="Product Image"></a><p>Colavita Wine Vinegar - Red Wine Vinegar, 17 Fl Oz</p><p> -21% 0FF </p><p>$9.51 ($0.56 / Fl Oz)</p><a href="https://www.amazon.com/dp/B00H1CJG00?tag=eloabder-20&linkCode=osi&th=1&psc=1">View Product</a></div>









<div class="product"><a href="https://www.amazon.com/dp/B074H5ZHFH?tag=eloabder-20&linkCode=osi&th=1&psc=1"><img src="https://m.media-amazon.com/images/I/410ymBds87L._SL500_.jpg" alt="Product Image"></a><p>365 by Whole Foods Market, Organic Penne Rigate, 16 Ounce</p><p> -10% 0FF </p><p>$1.97 ($0.12 / Ounce)</p><a href="https://www.amazon.com/dp/B074H5ZHFH?tag=eloabder-20&linkCode=osi&th=1&psc=1">View Product</a></div><div class="product"><a href="https://www.amazon.com/dp/B007MNYZ2M?tag=eloabder-20&linkCode=osi&th=1&psc=1"><img src="https://m.media-amazon.com/images/I/41dAZBCU7kS._SL500_.jpg" alt="Product Image"></a><p>Rummo Italian Pasta Penne Rigate No. 66, Always Al Dente (1lb Package)</p><p> -32% 0FF </p><p>$7.12 ($0.44 / Ounce)</p><a href="https://www.amazon.com/dp/B007MNYZ2M?tag=eloabder-20&linkCode=osi&th=1&psc=1">View Product</a></div><div class="product"><a href="https://www.amazon.com/dp/B07NSRQYNP?tag=eloabder-20&linkCode=osi&th=1&psc=1"><img src="https://m.media-amazon.com/images/I/413HwweC7iL._SL500_.jpg" alt="Product Image"></a><p>Rao's Homemade Penne Pasta, 16oz, Traditionally Crafted, Premium Quality, From Durum Semolina Flour, Traditional Bronze Die Cut, Imported from Italy</p><p> -24% 0FF </p><p>$2.18 ($0.14 / Fl Oz)</p><a href="https://www.amazon.com/dp/B07NSRQYNP?tag=eloabder-20&linkCode=osi&th=1&psc=1">View Product</a></div>
<div class="product"><a href="https://www.amazon.com/dp/B00112UBOG?tag=eloabder-20&linkCode=osi&th=1&psc=1"><img src="https://m.media-amazon.com/images/I/51coh9-N5gL._SL500_.jpg" alt="Product Image"></a><p>RiceSelect Arborio Rice for Italian Risotto, Premium Gluten-Free Rice, Non-GMO, 32-Ounce Jar, (Pack of 1)</p><p> -21% 0FF </p><p>$5.99 ($0.19 / Ounces)</p><a href="https://www.amazon.com/dp/B00112UBOG?tag=eloabder-20&linkCode=osi&th=1&psc=1">View Product</a></div>


<div class="product"><a href="https://www.amazon.com/dp/B0BZB9D92K?tag=eloabder-20&linkCode=osi&th=1&psc=1"><img src="https://m.media-amazon.com/images/I/41q74mciXOL._SL500_.jpg" alt="Product Image"></a><p>Amazon Grocery, Canned Pinto Beans, 15.5 Oz (Previously Amazon Fresh, Packaging May Vary)</p><p> -34% 0FF </p><p>$0.55 ($0.04 / Ounce)</p><a href="https://www.amazon.com/dp/B0BZB9D92K?tag=eloabder-20&linkCode=osi&th=1&psc=1">View Product</a></div>
<div class="product"><a href="https://www.amazon.com/dp/B0BZJNJTYV?tag=eloabder-20&linkCode=osi&th=1&psc=1"><img src="https://m.media-amazon.com/images/I/41lSsx2pjSL._SL500_.jpg" alt="Product Image"></a><p>Amazon Grocery, Sweet Peas, 15 Oz (Previously Amazon Fresh, Packaging May Vary)</p><p> -56% 0FF </p><p>$0.71 ($0.05 / Ounce)</p><a href="https://www.amazon.com/dp/B0BZJNJTYV?tag=eloabder-20&linkCode=osi&th=1&psc=1">View Product</a></div><div class="product"><a href="https://www.amazon.com/dp/B078T19Y9X?tag=eloabder-20&linkCode=osi&th=1&psc=1"><img src="https://m.media-amazon.com/images/I/51z+piSY1JL._SL500_.jpg" alt="Product Image"></a><p>DEL MONTE Sweet Peas Canned Vegetables, 12 Pack, 15 oz Can</p><p> -36% 0FF </p><p>$10.08 ($0.06 / Ounce)</p><a href="https://www.amazon.com/dp/B078T19Y9X?tag=eloabder-20&linkCode=osi&th=1&psc=1">View Product</a></div>
<div class="product"><a href="https://www.amazon.com/dp/B00GDVBHU2?tag=eloabder-20&linkCode=osi&th=1&psc=1"><img src="https://m.media-amazon.com/images/I/51BjG0g4q5L._SL500_.jpg" alt="Product Image"></a><p>Blue Diamond Almonds, Raw Whole Natural, 16 Ounce</p><p> -12% 0FF </p><p>$5.99 ($0.37 / Ounce)</p><a href="https://www.amazon.com/dp/B00GDVBHU2?tag=eloabder-20&linkCode=osi&th=1&psc=1">View Product</a></div>

<div class="product"><a href="https://www.amazon.com/dp/B07W1WKDSC?tag=eloabder-20&linkCode=osi&th=1&psc=1"><img src="https://m.media-amazon.com/images/I/31nTopuj99L._SL500_.jpg" alt="Product Image"></a><p>Amazon Grocery, Basil Leaves, 0.95 Oz (Previously Happy Belly, Packaging May Vary)</p><p> -17% 0FF </p><p>$1.59 ($1.67 / Ounce)</p><a href="https://www.amazon.com/dp/B07W1WKDSC?tag=eloabder-20&linkCode=osi&th=1&psc=1">View Product</a></div>

<div class="product"><a href="https://www.amazon.com/dp/B07VXL2JRG?tag=eloabder-20&linkCode=osi&th=1&psc=1"><img src="https://m.media-amazon.com/images/I/31ou5P5dqeL._SL500_.jpg" alt="Product Image"></a><p>Amazon Grocery, Ground Cumin, 2.6 Oz (Previously Happy Belly, Packaging May Vary)</p><p> -17% 0FF </p><p>$1.16 ($0.45 / Ounce)</p><a href="https://www.amazon.com/dp/B07VXL2JRG?tag=eloabder-20&linkCode=osi&th=1&psc=1">View Product</a></div>

<div class="product"><a href="https://www.amazon.com/dp/B07P8M5ZT1?tag=eloabder-20&linkCode=osi&th=1&psc=1"><img src="https://m.media-amazon.com/images/I/31+0qVbfagL._SL500_.jpg" alt="Product Image"></a><p>Amazon Grocery, Olive Oil, Medium Flavor, 16.9 Fl Oz (Previously Amazon Fresh, Packaging May Vary)</p><p> -17% 0FF </p><p>$4.50 ($0.27 / Ounce)</p><a href="https://www.amazon.com/dp/B07P8M5ZT1?tag=eloabder-20&linkCode=osi&th=1&psc=1">View Product</a></div>
<div class="product"><a href="https://www.amazon.com/dp/B00IY5HREA?tag=eloabder-20&linkCode=osi&th=1&psc=1"><img src="https://m.media-amazon.com/images/I/31n5MDrL-QL._SL500_.jpg" alt="Product Image"></a><p>Colavita Balsamic Vinegar of Modena, 17 Ounce Bottle</p><p> -9% 0FF </p><p>$4.22 ($0.25 / Fl Oz)</p><a href="https://www.amazon.com/dp/B00IY5HREA?tag=eloabder-20&linkCode=osi&th=1&psc=1">View Product</a></div><div class="product"><a href="https://www.amazon.com/dp/B0FHNXDWYB?tag=eloabder-20&linkCode=osi&th=1&psc=1"><img src="https://m.media-amazon.com/images/I/41AJ0vvzsSL._SL500_.jpg" alt="Product Image"></a><p>Paolo Natural Orange Balsamic Vinegar, Artisan Crafted, 36-Month Oak Barrel Aged, Sweet & Sour Flavor for Salad Dressings, Pasta, Desserts, Glass Bottle, 5.40 fl oz (160ml)</p><p> -9% 0FF </p><p>$29.99 ($5.55 / Fl Oz)</p><a href="https://www.amazon.com/dp/B0FHNXDWYB?tag=eloabder-20&linkCode=osi&th=1&psc=1">View Product</a></div>
<div class="product"><a href="https://www.amazon.com/dp/B0B46R31XD?tag=eloabder-20&linkCode=osi&th=1&psc=1"><img src="https://m.media-amazon.com/images/I/5176SDI1iyL._SL500_.jpg" alt="Product Image"></a><p>Contadina Canned Tomato Sauce, 15 oz (Pack of 4 Cans)</p><p> -8% 0FF </p><p>$3.98 ($0.07 / Ounce)</p><a href="https://www.amazon.com/dp/B0B46R31XD?tag=eloabder-20&linkCode=osi&th=1&psc=1">View Product</a></div>


<div class="product"><a href="https://www.amazon.com/dp/B07179XBP9?tag=eloabder-20&linkCode=osi&th=1&psc=1"><img src="https://m.media-amazon.com/images/I/61vs7ucqGKL._SL500_.jpg" alt="Product Image"></a><p>Lay's Potato Chips, 4 Flavor Variety Pack, 1 oz Single Serve Bags, (40 Pack)</p><p> -19% 0FF </p><p>$13.19 ($0.33 / Count)</p><a href="https://www.amazon.com/dp/B07179XBP9?tag=eloabder-20&linkCode=osi&th=1&psc=1">View Product</a></div><div class="product"><a href="https://www.amazon.com/dp/B07X1KPLNQ?tag=eloabder-20&linkCode=osi&th=1&psc=1"><img src="https://m.media-amazon.com/images/I/41grpp95ftL._SL500_.jpg" alt="Product Image"></a><p>Amazon Fresh, Wavy Potato Chips, 11 Oz (Previously Happy Belly, Packaging May Vary)</p><p> -12% 0FF </p><p>$2.67 ($0.24 / Ounce)</p><a href="https://www.amazon.com/dp/B07X1KPLNQ?tag=eloabder-20&linkCode=osi&th=1&psc=1">View Product</a></div>


<div class="product"><a href="https://www.amazon.com/dp/B09NPB2DNT?tag=eloabder-20&linkCode=osi&th=1&psc=1"><img src="https://m.media-amazon.com/images/I/41EB1IsYvHL._SL500_.jpg" alt="Product Image"></a><p>M&M'S, SNICKERS & MILKY WAY Fun Size Chocolate Candy Variety Pack, Assorted Chocolate Candy Variety Pack for Halloween, Party Size, 19.2 Oz Bulk Bag</p><p> -6% 0FF </p><p>$8.99 ($0.47 / Ounce)</p><a href="https://www.amazon.com/dp/B09NPB2DNT?tag=eloabder-20&linkCode=osi&th=1&psc=1">View Product</a></div><div class="product"><a href="https://www.amazon.com/dp/B0DVM7JWP6?tag=eloabder-20&linkCode=osi&th=1&psc=1"><img src="https://m.media-amazon.com/images/I/51Lc-U8ExNL._SL500_.jpg" alt="Product Image"></a><p>Butterfinger, CRUNCH, Baby Ruth, 100 Grand Mini and Fun Size Assorted Candy Bars, Bulk 80 Count Pack, 32.1 oz</p><p> -20% 0FF </p><p>$11.19</p><a href="https://www.amazon.com/dp/B0DVM7JWP6?tag=eloabder-20&linkCode=osi&th=1&psc=1">View Product</a></div><div class="product"><a href="https://www.amazon.com/dp/B09NMX9CGB?tag=eloabder-20&linkCode=osi&th=1&psc=1"><img src="https://m.media-amazon.com/images/I/51donixesTL._SL500_.jpg" alt="Product Image"></a><p>Butterfinger, CRUNCH, Baby Ruth, 100 Grand Fun Size Assorted Candy Bars, Great for Sharing, Bulk 60 Count Pack, 37.2 oz</p><p> -20% 0FF </p><p>$11.79 ($0.32 / Ounce)</p><a href="https://www.amazon.com/dp/B09NMX9CGB?tag=eloabder-20&linkCode=osi&th=1&psc=1">View Product</a></div>




<div class="product"><a href="https://www.amazon.com/dp/B01B8V7ACA?tag=eloabder-20&linkCode=osi&th=1&psc=1"><img src="https://m.media-amazon.com/images/I/41vAit7Po9L._SL500_.jpg" alt="Product Image"></a><p>EPIC Rendered Duck Fat, Keto and Paleo Friendly, Whole30 Approved, Gluten Free, 11 oz Jar</p><p> -15% 0FF </p><p>$14.99 ($1.36 / Ounce)</p><a href="https://www.amazon.com/dp/B01B8V7ACA?tag=eloabder-20&linkCode=osi&th=1&psc=1">View Product</a></div>







<div class="product"><a href="https://www.amazon.com/dp/B006SMJTII?tag=eloabder-20&linkCode=osi&th=1&psc=1"><img src="https://m.media-amazon.com/images/I/51of6XbR9+L._SL500_.jpg" alt="Product Image"></a><p>Seawatch Chopped Sea Clams Ready to Use 51oz.Can</p><p> -10% 0FF </p><p>$22.99 ($0.45 / Ounce)</p><a href="https://www.amazon.com/dp/B006SMJTII?tag=eloabder-20&linkCode=osi&th=1&psc=1">View Product</a></div><div class="product"><a href="https://www.amazon.com/dp/B000LLIY5G?tag=eloabder-20&linkCode=osi&th=1&psc=1"><img src="https://m.media-amazon.com/images/I/514NKBSRlDL._SL500_.jpg" alt="Product Image"></a><p>Pacific Pearl Fancy Whole Smoked Clams in Oil 3.75 oz (Pack of 12)</p><p> -33% 0FF </p><p>$22.20 ($0.49 / Ounce)</p><a href="https://www.amazon.com/dp/B000LLIY5G?tag=eloabder-20&linkCode=osi&th=1&psc=1">View Product</a></div><div class="product"><a href="https://www.amazon.com/dp/B0098J1Q5C?tag=eloabder-20&linkCode=osi&th=1&psc=1"><img src="https://m.media-amazon.com/images/I/319Er+O-xCL._SL500_.jpg" alt="Product Image"></a><p>Bar Harbor Clam Juice, 8 Fl Oz</p><p> -6% 0FF </p><p>$9.07 ($1.13 / Ounce)</p><a href="https://www.amazon.com/dp/B0098J1Q5C?tag=eloabder-20&linkCode=osi&th=1&psc=1">View Product</a></div>



<div class="product"><a href="https://www.amazon.com/dp/B0CLPJXJM9?tag=eloabder-20&linkCode=osi&th=1&psc=1"><img src="https://m.media-amazon.com/images/I/41vYg6vCbHL._SL500_.jpg" alt="Product Image"></a><p>Renna, Grilled Eggplant, Roasted Marinaded Eggplants preserved in oil,10.58 oz, A Taste of the Mediterranean, Crafted in Italy, Renna Delights, Product of Italy</p><p> -7% 0FF </p><p>$13.99 ($21.16 / lb)</p><a href="https://www.amazon.com/dp/B0CLPJXJM9?tag=eloabder-20&linkCode=osi&th=1&psc=1">View Product</a></div>








<div class="product"><a href="https://www.amazon.com/dp/B0025W9A5C?tag=eloabder-20&linkCode=osi&th=1&psc=1"><img src="https://m.media-amazon.com/images/I/51Oz8SNo83L._SL500_.jpg" alt="Product Image"></a><p>Nature Valley Crunchy Oats 'n Honey Granola Bars, 60 Bars, 44.7 OZ (30 Pouches)</p><p> -33% 0FF </p><p>$7.49 ($0.17 / Ounce)</p><a href="https://www.amazon.com/dp/B0025W9A5C?tag=eloabder-20&linkCode=osi&th=1&psc=1">View Product</a></div><div class="product"><a href="https://www.amazon.com/dp/B01MRZZ3KC?tag=eloabder-20&linkCode=osi&th=1&psc=1"><img src="https://m.media-amazon.com/images/I/512IgtvlLyL._SL500_.jpg" alt="Product Image"></a><p>Quaker Chewy Granola Bars, Chocolate Chip, 58 Count - Packaging May Vary</p><p> -9% 0FF </p><p>$11.19 ($0.23 / Ounce)</p><a href="https://www.amazon.com/dp/B01MRZZ3KC?tag=eloabder-20&linkCode=osi&th=1&psc=1">View Product</a></div><div class="product"><a href="https://www.amazon.com/dp/B00GHPC47O?tag=eloabder-20&linkCode=osi&th=1&psc=1"><img src="https://m.media-amazon.com/images/I/51YsdKn53VS._SL500_.jpg" alt="Product Image"></a><p>Quaker Chewy Granola Bars, Variety Pack, 18 Count</p><p> -20% 0FF </p><p>$3.97 ($0.26 / Ounce)</p><a href="https://www.amazon.com/dp/B00GHPC47O?tag=eloabder-20&linkCode=osi&th=1&psc=1">View Product</a></div><div class="product"><a href="https://www.amazon.com/dp/B0D9R1BMJR?tag=eloabder-20&linkCode=osi&th=1&psc=1"><img src="https://m.media-amazon.com/images/I/51ksmfNpCJL._SL500_.jpg" alt="Product Image"></a><p>Quaker Chewy Granola Bars, Chewy & Dipps Variety Pack, (58 Bars), Whole Grains, No Artificial Flavors, No Added Colors</p><p> -31% 0FF </p><p>$11.87 ($0.22 / Ounce)</p><a href="https://www.amazon.com/dp/B0D9R1BMJR?tag=eloabder-20&linkCode=osi&th=1&psc=1">View Product</a></div><div class="product"><a href="https://www.amazon.com/dp/B077KYKYKN?tag=eloabder-20&linkCode=osi&th=1&psc=1"><img src="https://m.media-amazon.com/images/I/51qz85lOK2S._SL500_.jpg" alt="Product Image"></a><p>Quaker Chewy Lower Sugar Granola Bars, Chocolate Chip, 58 Count</p><p> -35% 0FF </p><p>$11.19 ($0.23 / Ounce)</p><a href="https://www.amazon.com/dp/B077KYKYKN?tag=eloabder-20&linkCode=osi&th=1&psc=1">View Product</a></div>
<div class="product"><a href="https://www.amazon.com/dp/B07VVGKHLH?tag=eloabder-20&linkCode=osi&th=1&psc=1"><img src="https://m.media-amazon.com/images/I/31hbAFlUK6L._SL500_.jpg" alt="Product Image"></a><p>Amazon Grocery, Garlic Powder, 3.9 Oz (Previously Happy Belly, Packaging May Vary)</p><p> -17% 0FF </p><p>$1.30 ($0.33 / Ounce)</p><a href="https://www.amazon.com/dp/B07VVGKHLH?tag=eloabder-20&linkCode=osi&th=1&psc=1">View Product</a></div>
<div class="product"><a href="https://www.amazon.com/dp/B000WHSD5A?tag=eloabder-20&linkCode=osi&th=1&psc=1"><img src="https://m.media-amazon.com/images/I/41QwGSr0+IL._SL500_.jpg" alt="Product Image"></a><p>Heinz Tomato Ketchup, 20 oz Bottle</p><p> -36% 0FF </p><p>$2.23 ($0.11 / Ounce)</p><a href="https://www.amazon.com/dp/B000WHSD5A?tag=eloabder-20&linkCode=osi&th=1&psc=1">View Product</a></div><div class="product"><a href="https://www.amazon.com/dp/B0005YKO8E?tag=eloabder-20&linkCode=osi&th=1&psc=1"><img src="https://m.media-amazon.com/images/I/41AFhgJ5V7L._SL500_.jpg" alt="Product Image"></a><p>Heinz Tomato Ketchup, 14 oz Bottle</p><p> -36% 0FF </p><p>$1.56 ($0.11 / Ounce)</p><a href="https://www.amazon.com/dp/B0005YKO8E?tag=eloabder-20&linkCode=osi&th=1&psc=1">View Product</a></div><div class="product"><a href="https://www.amazon.com/dp/B01B2OVUAG?tag=eloabder-20&linkCode=osi&th=1&psc=1"><img src="https://m.media-amazon.com/images/I/41gaLzbBsDL._SL500_.jpg" alt="Product Image"></a><p>Heinz Organic Tomato Ketchup, 32 oz Bottle</p><p> -47% 0FF </p><p>$3.67 ($0.11 / Ounce)</p><a href="https://www.amazon.com/dp/B01B2OVUAG?tag=eloabder-20&linkCode=osi&th=1&psc=1">View Product</a></div>
<div class="product"><a href="https://www.amazon.com/dp/B015UBV4N0?tag=eloabder-20&linkCode=osi&th=1&psc=1"><img src="https://m.media-amazon.com/images/I/51NRndhNwoL._SL500_.jpg" alt="Product Image"></a><p>Crofters Organic Premium Spread, Strawberry, 16.5 oz</p><p> -20% 0FF </p><p>$4.96 ($0.30 / oz)</p><a href="https://www.amazon.com/dp/B015UBV4N0?tag=eloabder-20&linkCode=osi&th=1&psc=1">View Product</a></div>
<div class="product"><a href="https://www.amazon.com/dp/B097RW44HZ?tag=eloabder-20&linkCode=osi&th=1&psc=1"><img src="https://m.media-amazon.com/images/I/51OhVkU8+PL._SL500_.jpg" alt="Product Image"></a><p>Apexy Jelly Fruit Candy – Assorted Fruit Flavors, Halloween Treat Juicy Chewy Gel Snacks, Kids & Adults Party Favors, Fun Treats for Goodie Bags & Events 46.9oz (1330g)</p><p> -7% 0FF </p><p>$12.99 ($0.28 / Ounce)</p><a href="https://www.amazon.com/dp/B097RW44HZ?tag=eloabder-20&linkCode=osi&th=1&psc=1">View Product</a></div><div class="product"><a href="https://www.amazon.com/dp/B00099XN56?tag=eloabder-20&linkCode=osi&th=1&psc=1"><img src="https://m.media-amazon.com/images/I/41twfbi883L._SL500_.jpg" alt="Product Image"></a><p>Smucker's Jelly, Mixed Fruit, 12 oz (340 g)</p><p> -11% 0FF </p><p>$9.94 ($0.83 / Ounce)</p><a href="https://www.amazon.com/dp/B00099XN56?tag=eloabder-20&linkCode=osi&th=1&psc=1">View Product</a></div>
<div class="product"><a href="https://www.amazon.com/dp/B0005Z6ZK4?tag=eloabder-20&linkCode=osi&th=1&psc=1"><img src="https://m.media-amazon.com/images/I/31dtADxAZbL._SL500_.jpg" alt="Product Image"></a><p>Nutella Hazelnut Spread with Cocoa, Creamy Hazelnut Spread, Breakfast Favorite, 13 oz Jar</p><p> -30% 0FF </p><p>$3.48 ($0.27 / Ounce)</p><a href="https://www.amazon.com/dp/B0005Z6ZK4?tag=eloabder-20&linkCode=osi&th=1&psc=1">View Product</a></div><div class="product"><a href="https://www.amazon.com/dp/B09PN9S9D4?tag=eloabder-20&linkCode=osi&th=1&psc=1"><img src="https://m.media-amazon.com/images/I/41VpA06vqaL._SL500_.jpg" alt="Product Image"></a><p>Amazon Grocery, Hazelnut Spread With Cocoa, 26.5 Oz (Previously Amazon Fresh, Packaging May Vary)</p><p> -17% 0FF </p><p>$4.12 ($0.16 / Ounce)</p><a href="https://www.amazon.com/dp/B09PN9S9D4?tag=eloabder-20&linkCode=osi&th=1&psc=1">View Product</a></div>
<div class="product"><a href="https://www.amazon.com/dp/B0052BFNLS?tag=eloabder-20&linkCode=osi&th=1&psc=1"><img src="https://m.media-amazon.com/images/I/31Tfk-0-ybL._SL500_.jpg" alt="Product Image"></a><p>Pompeian Gourmet Red Wine Vinegar, Naturally Gluten-Free, 30 Fl Oz</p><p> -5% 0FF </p><p>$5.33 ($0.18 / Fl Oz)</p><a href="https://www.amazon.com/dp/B0052BFNLS?tag=eloabder-20&linkCode=osi&th=1&psc=1">View Product</a></div><div class="product"><a href="https://www.amazon.com/dp/B005AYB38O?tag=eloabder-20&linkCode=osi&th=1&psc=1"><img src="https://m.media-amazon.com/images/I/31tJRcbnsfL._SL500_.jpg" alt="Product Image"></a><p>Napa Valley Naturals Organic Red Wine Vinegar, 12.7 Ounces</p><p> -51% 0FF </p><p>$5.50 ($0.43 / Ounce)</p><a href="https://www.amazon.com/dp/B005AYB38O?tag=eloabder-20&linkCode=osi&th=1&psc=1">View Product</a></div><div class="product"><a href="https://www.amazon.com/dp/B00H1CJG00?tag=eloabder-20&linkCode=osi&th=1&psc=1"><img src="https://m.media-amazon.com/images/I/31pl1n1OONL._SL500_.jpg" alt="Product Image"></a><p>Colavita Wine Vinegar - Red Wine Vinegar, 17 Fl Oz</p><p> -21% 0FF </p><p>$9.51 ($0.56 / Fl Oz)</p><a href="https://www.amazon.com/dp/B00H1CJG00?tag=eloabder-20&linkCode=osi&th=1&psc=1">View Product</a></div>









<div class="product"><a href="https://www.amazon.com/dp/B074H5ZHFH?tag=eloabder-20&linkCode=osi&th=1&psc=1"><img src="https://m.media-amazon.com/images/I/410ymBds87L._SL500_.jpg" alt="Product Image"></a><p>365 by Whole Foods Market, Organic Penne Rigate, 16 Ounce</p><p> -10% 0FF </p><p>$1.97 ($0.12 / Ounce)</p><a href="https://www.amazon.com/dp/B074H5ZHFH?tag=eloabder-20&linkCode=osi&th=1&psc=1">View Product</a></div><div class="product"><a href="https://www.amazon.com/dp/B007MNYZ2M?tag=eloabder-20&linkCode=osi&th=1&psc=1"><img src="https://m.media-amazon.com/images/I/41dAZBCU7kS._SL500_.jpg" alt="Product Image"></a><p>Rummo Italian Pasta Penne Rigate No. 66, Always Al Dente (1lb Package)</p><p> -32% 0FF </p><p>$7.12 ($0.44 / Ounce)</p><a href="https://www.amazon.com/dp/B007MNYZ2M?tag=eloabder-20&linkCode=osi&th=1&psc=1">View Product</a></div><div class="product"><a href="https://www.amazon.com/dp/B07NSRQYNP?tag=eloabder-20&linkCode=osi&th=1&psc=1"><img src="https://m.media-amazon.com/images/I/413HwweC7iL._SL500_.jpg" alt="Product Image"></a><p>Rao's Homemade Penne Pasta, 16oz, Traditionally Crafted, Premium Quality, From Durum Semolina Flour, Traditional Bronze Die Cut, Imported from Italy</p><p> -24% 0FF </p><p>$2.18 ($0.14 / Fl Oz)</p><a href="https://www.amazon.com/dp/B07NSRQYNP?tag=eloabder-20&linkCode=osi&th=1&psc=1">View Product</a></div>
<div class="product"><a href="https://www.amazon.com/dp/B00112UBOG?tag=eloabder-20&linkCode=osi&th=1&psc=1"><img src="https://m.media-amazon.com/images/I/51coh9-N5gL._SL500_.jpg" alt="Product Image"></a><p>RiceSelect Arborio Rice for Italian Risotto, Premium Gluten-Free Rice, Non-GMO, 32-Ounce Jar, (Pack of 1)</p><p> -21% 0FF </p><p>$5.99 ($0.19 / Ounces)</p><a href="https://www.amazon.com/dp/B00112UBOG?tag=eloabder-20&linkCode=osi&th=1&psc=1">View Product</a></div>


<div class="product"><a href="https://www.amazon.com/dp/B0BZB9D92K?tag=eloabder-20&linkCode=osi&th=1&psc=1"><img src="https://m.media-amazon.com/images/I/41q74mciXOL._SL500_.jpg" alt="Product Image"></a><p>Amazon Grocery, Canned Pinto Beans, 15.5 Oz (Previously Amazon Fresh, Packaging May Vary)</p><p> -34% 0FF </p><p>$0.55 ($0.04 / Ounce)</p><a href="https://www.amazon.com/dp/B0BZB9D92K?tag=eloabder-20&linkCode=osi&th=1&psc=1">View Product</a></div>
<div class="product"><a href="https://www.amazon.com/dp/B0BZJNJTYV?tag=eloabder-20&linkCode=osi&th=1&psc=1"><img src="https://m.media-amazon.com/images/I/41lSsx2pjSL._SL500_.jpg" alt="Product Image"></a><p>Amazon Grocery, Sweet Peas, 15 Oz (Previously Amazon Fresh, Packaging May Vary)</p><p> -56% 0FF </p><p>$0.71 ($0.05 / Ounce)</p><a href="https://www.amazon.com/dp/B0BZJNJTYV?tag=eloabder-20&linkCode=osi&th=1&psc=1">View Product</a></div><div class="product"><a href="https://www.amazon.com/dp/B078T19Y9X?tag=eloabder-20&linkCode=osi&th=1&psc=1"><img src="https://m.media-amazon.com/images/I/51z+piSY1JL._SL500_.jpg" alt="Product Image"></a><p>DEL MONTE Sweet Peas Canned Vegetables, 12 Pack, 15 oz Can</p><p> -36% 0FF </p><p>$10.08 ($0.06 / Ounce)</p><a href="https://www.amazon.com/dp/B078T19Y9X?tag=eloabder-20&linkCode=osi&th=1&psc=1">View Product</a></div>
<div class="product"><a href="https://www.amazon.com/dp/B00GDVBHU2?tag=eloabder-20&linkCode=osi&th=1&psc=1"><img src="https://m.media-amazon.com/images/I/51BjG0g4q5L._SL500_.jpg" alt="Product Image"></a><p>Blue Diamond Almonds, Raw Whole Natural, 16 Ounce</p><p> -12% 0FF </p><p>$5.99 ($0.37 / Ounce)</p><a href="https://www.amazon.com/dp/B00GDVBHU2?tag=eloabder-20&linkCode=osi&th=1&psc=1">View Product</a></div>

<div class="product"><a href="https://www.amazon.com/dp/B07W1WKDSC?tag=eloabder-20&linkCode=osi&th=1&psc=1"><img src="https://m.media-amazon.com/images/I/31nTopuj99L._SL500_.jpg" alt="Product Image"></a><p>Amazon Grocery, Basil Leaves, 0.95 Oz (Previously Happy Belly, Packaging May Vary)</p><p> -17% 0FF </p><p>$1.59 ($1.67 / Ounce)</p><a href="https://www.amazon.com/dp/B07W1WKDSC?tag=eloabder-20&linkCode=osi&th=1&psc=1">View Product</a></div>

<div class="product"><a href="https://www.amazon.com/dp/B07VXL2JRG?tag=eloabder-20&linkCode=osi&th=1&psc=1"><img src="https://m.media-amazon.com/images/I/31ou5P5dqeL._SL500_.jpg" alt="Product Image"></a><p>Amazon Grocery, Ground Cumin, 2.6 Oz (Previously Happy Belly, Packaging May Vary)</p><p> -17% 0FF </p><p>$1.16 ($0.45 / Ounce)</p><a href="https://www.amazon.com/dp/B07VXL2JRG?tag=eloabder-20&linkCode=osi&th=1&psc=1">View Product</a></div>

<div class="product"><a href="https://www.amazon.com/dp/B07P8M5ZT1?tag=eloabder-20&linkCode=osi&th=1&psc=1"><img src="https://m.media-amazon.com/images/I/31+0qVbfagL._SL500_.jpg" alt="Product Image"></a><p>Amazon Grocery, Olive Oil, Medium Flavor, 16.9 Fl Oz (Previously Amazon Fresh, Packaging May Vary)</p><p> -17% 0FF </p><p>$4.50 ($0.27 / Ounce)</p><a href="https://www.amazon.com/dp/B07P8M5ZT1?tag=eloabder-20&linkCode=osi&th=1&psc=1">View Product</a></div>
<div class="product"><a href="https://www.amazon.com/dp/B00IY5HREA?tag=eloabder-20&linkCode=osi&th=1&psc=1"><img src="https://m.media-amazon.com/images/I/31n5MDrL-QL._SL500_.jpg" alt="Product Image"></a><p>Colavita Balsamic Vinegar of Modena, 17 Ounce Bottle</p><p> -9% 0FF </p><p>$4.22 ($0.25 / Fl Oz)</p><a href="https://www.amazon.com/dp/B00IY5HREA?tag=eloabder-20&linkCode=osi&th=1&psc=1">View Product</a></div><div class="product"><a href="https://www.amazon.com/dp/B0FHNXDWYB?tag=eloabder-20&linkCode=osi&th=1&psc=1"><img src="https://m.media-amazon.com/images/I/41AJ0vvzsSL._SL500_.jpg" alt="Product Image"></a><p>Paolo Natural Orange Balsamic Vinegar, Artisan Crafted, 36-Month Oak Barrel Aged, Sweet & Sour Flavor for Salad Dressings, Pasta, Desserts, Glass Bottle, 5.40 fl oz (160ml)</p><p> -9% 0FF </p><p>$29.99 ($5.55 / Fl Oz)</p><a href="https://www.amazon.com/dp/B0FHNXDWYB?tag=eloabder-20&linkCode=osi&th=1&psc=1">View Product</a></div>
<div class="product"><a href="https://www.amazon.com/dp/B0B46R31XD?tag=eloabder-20&linkCode=osi&th=1&psc=1"><img src="https://m.media-amazon.com/images/I/5176SDI1iyL._SL500_.jpg" alt="Product Image"></a><p>Contadina Canned Tomato Sauce, 15 oz (Pack of 4 Cans)</p><p> -8% 0FF </p><p>$3.98 ($0.07 / Ounce)</p><a href="https://www.amazon.com/dp/B0B46R31XD?tag=eloabder-20&linkCode=osi&th=1&psc=1">View Product</a></div>


<div class="product"><a href="https://www.amazon.com/dp/B07179XBP9?tag=eloabder-20&linkCode=osi&th=1&psc=1"><img src="https://m.media-amazon.com/images/I/61vs7ucqGKL._SL500_.jpg" alt="Product Image"></a><p>Lay's Potato Chips, 4 Flavor Variety Pack, 1 oz Single Serve Bags, (40 Pack)</p><p> -19% 0FF </p><p>$13.19 ($0.33 / Count)</p><a href="https://www.amazon.com/dp/B07179XBP9?tag=eloabder-20&linkCode=osi&th=1&psc=1">View Product</a></div><div class="product"><a href="https://www.amazon.com/dp/B07X1KPLNQ?tag=eloabder-20&linkCode=osi&th=1&psc=1"><img src="https://m.media-amazon.com/images/I/41grpp95ftL._SL500_.jpg" alt="Product Image"></a><p>Amazon Fresh, Wavy Potato Chips, 11 Oz (Previously Happy Belly, Packaging May Vary)</p><p> -12% 0FF </p><p>$2.67 ($0.24 / Ounce)</p><a href="https://www.amazon.com/dp/B07X1KPLNQ?tag=eloabder-20&linkCode=osi&th=1&psc=1">View Product</a></div>


<div class="product"><a href="https://www.amazon.com/dp/B09NPB2DNT?tag=eloabder-20&linkCode=osi&th=1&psc=1"><img src="https://m.media-amazon.com/images/I/41EB1IsYvHL._SL500_.jpg" alt="Product Image"></a><p>M&M'S, SNICKERS & MILKY WAY Fun Size Chocolate Candy Variety Pack, Assorted Chocolate Candy Variety Pack for Halloween, Party Size, 19.2 Oz Bulk Bag</p><p> -6% 0FF </p><p>$8.99 ($0.47 / Ounce)</p><a href="https://www.amazon.com/dp/B09NPB2DNT?tag=eloabder-20&linkCode=osi&th=1&psc=1">View Product</a></div><div class="product"><a href="https://www.amazon.com/dp/B0DVM7JWP6?tag=eloabder-20&linkCode=osi&th=1&psc=1"><img src="https://m.media-amazon.com/images/I/51Lc-U8ExNL._SL500_.jpg" alt="Product Image"></a><p>Butterfinger, CRUNCH, Baby Ruth, 100 Grand Mini and Fun Size Assorted Candy Bars, Bulk 80 Count Pack, 32.1 oz</p><p> -20% 0FF </p><p>$11.19</p><a href="https://www.amazon.com/dp/B0DVM7JWP6?tag=eloabder-20&linkCode=osi&th=1&psc=1">View Product</a></div><div class="product"><a href="https://www.amazon.com/dp/B09NMX9CGB?tag=eloabder-20&linkCode=osi&th=1&psc=1"><img src="https://m.media-amazon.com/images/I/51donixesTL._SL500_.jpg" alt="Product Image"></a><p>Butterfinger, CRUNCH, Baby Ruth, 100 Grand Fun Size Assorted Candy Bars, Great for Sharing, Bulk 60 Count Pack, 37.2 oz</p><p> -20% 0FF </p><p>$11.79 ($0.32 / Ounce)</p><a href="https://www.amazon.com/dp/B09NMX9CGB?tag=eloabder-20&linkCode=osi&th=1&psc=1">View Product</a></div>




<div class="product"><a href="https://www.amazon.com/dp/B01B8V7ACA?tag=eloabder-20&linkCode=osi&th=1&psc=1"><img src="https://m.media-amazon.com/images/I/41vAit7Po9L._SL500_.jpg" alt="Product Image"></a><p>EPIC Rendered Duck Fat, Keto and Paleo Friendly, Whole30 Approved, Gluten Free, 11 oz Jar</p><p> -15% 0FF </p><p>$14.99 ($1.36 / Ounce)</p><a href="https://www.amazon.com/dp/B01B8V7ACA?tag=eloabder-20&linkCode=osi&th=1&psc=1">View Product</a></div>







<div class="product"><a href="https://www.amazon.com/dp/B006SMJTII?tag=eloabder-20&linkCode=osi&th=1&psc=1"><img src="https://m.media-amazon.com/images/I/51of6XbR9+L._SL500_.jpg" alt="Product Image"></a><p>Seawatch Chopped Sea Clams Ready to Use 51oz.Can</p><p> -10% 0FF </p><p>$22.99 ($0.45 / Ounce)</p><a href="https://www.amazon.com/dp/B006SMJTII?tag=eloabder-20&linkCode=osi&th=1&psc=1">View Product</a></div><div class="product"><a href="https://www.amazon.com/dp/B000LLIY5G?tag=eloabder-20&linkCode=osi&th=1&psc=1"><img src="https://m.media-amazon.com/images/I/514NKBSRlDL._SL500_.jpg" alt="Product Image"></a><p>Pacific Pearl Fancy Whole Smoked Clams in Oil 3.75 oz (Pack of 12)</p><p> -33% 0FF </p><p>$22.20 ($0.49 / Ounce)</p><a href="https://www.amazon.com/dp/B000LLIY5G?tag=eloabder-20&linkCode=osi&th=1&psc=1">View Product</a></div><div class="product"><a href="https://www.amazon.com/dp/B0098J1Q5C?tag=eloabder-20&linkCode=osi&th=1&psc=1"><img src="https://m.media-amazon.com/images/I/319Er+O-xCL._SL500_.jpg" alt="Product Image"></a><p>Bar Harbor Clam Juice, 8 Fl Oz</p><p> -6% 0FF </p><p>$9.07 ($1.13 / Ounce)</p><a href="https://www.amazon.com/dp/B0098J1Q5C?tag=eloabder-20&linkCode=osi&th=1&psc=1">View Product</a></div>



<div class="product"><a href="https://www.amazon.com/dp/B0CLPJXJM9?tag=eloabder-20&linkCode=osi&th=1&psc=1"><img src="https://m.media-amazon.com/images/I/41vYg6vCbHL._SL500_.jpg" alt="Product Image"></a><p>Renna, Grilled Eggplant, Roasted Marinaded Eggplants preserved in oil,10.58 oz, A Taste of the Mediterranean, Crafted in Italy, Renna Delights, Product of Italy</p><p> -7% 0FF </p><p>$13.99 ($21.16 / lb)</p><a href="https://www.amazon.com/dp/B0CLPJXJM9?tag=eloabder-20&linkCode=osi&th=1&psc=1">View Product</a></div>







<div class="product"><a href="https://www.amazon.com/dp/B00MIK4GCS?tag=eloabder-20&linkCode=osi&th=1&psc=1"><img src="https://m.media-amazon.com/images/I/51W3691FyxL._SL500_.jpg" alt="Product Image"></a><p>Maruchan Instant Lunch Chicken Flavor, 2.25 Ounce (Pack of 12)</p><p> -21% 0FF </p><p>$4.56 ($0.17 / Ounce)</p><a href="https://www.amazon.com/dp/B00MIK4GCS?tag=eloabder-20&linkCode=osi&th=1&psc=1">View Product</a></div><div class="product"><a href="https://www.amazon.com/dp/B001AYB8KQ?tag=eloabder-20&linkCode=osi&th=1&psc=1"><img src="https://m.media-amazon.com/images/I/51DjxKi14dL._SL500_.jpg" alt="Product Image"></a><p>Nissin Chow Mein Noodles, Teriyaki Beef, 4 Ounce (Pack of 8)</p><p> -30% 0FF </p><p>$7.04 ($0.22 / Ounce)</p><a href="https://www.amazon.com/dp/B001AYB8KQ?tag=eloabder-20&linkCode=osi&th=1&psc=1">View Product</a></div>

<div class="product"><a href="https://www.amazon.com/dp/B0025W9A5C?tag=eloabder-20&linkCode=osi&th=1&psc=1"><img src="https://m.media-amazon.com/images/I/51Oz8SNo83L._SL500_.jpg" alt="Product Image"></a><p>Nature Valley Crunchy Oats 'n Honey Granola Bars, 60 Bars, 44.7 OZ (30 Pouches)</p><p> -33% 0FF </p><p>$7.49 ($0.17 / Ounce)</p><a href="https://www.amazon.com/dp/B0025W9A5C?tag=eloabder-20&linkCode=osi&th=1&psc=1">View Product</a></div><div class="product"><a href="https://www.amazon.com/dp/B01MRZZ3KC?tag=eloabder-20&linkCode=osi&th=1&psc=1"><img src="https://m.media-amazon.com/images/I/512IgtvlLyL._SL500_.jpg" alt="Product Image"></a><p>Quaker Chewy Granola Bars, Chocolate Chip, 58 Count - Packaging May Vary</p><p> -9% 0FF </p><p>$11.19 ($0.23 / Ounce)</p><a href="https://www.amazon.com/dp/B01MRZZ3KC?tag=eloabder-20&linkCode=osi&th=1&psc=1">View Product</a></div><div class="product"><a href="https://www.amazon.com/dp/B00GHPC47O?tag=eloabder-20&linkCode=osi&th=1&psc=1"><img src="https://m.media-amazon.com/images/I/51YsdKn53VS._SL500_.jpg" alt="Product Image"></a><p>Quaker Chewy Granola Bars, Variety Pack, 18 Count</p><p> -20% 0FF </p><p>$3.97 ($0.26 / Ounce)</p><a href="https://www.amazon.com/dp/B00GHPC47O?tag=eloabder-20&linkCode=osi&th=1&psc=1">View Product</a></div><div class="product"><a href="https://www.amazon.com/dp/B0D9R1BMJR?tag=eloabder-20&linkCode=osi&th=1&psc=1"><img src="https://m.media-amazon.com/images/I/51ksmfNpCJL._SL500_.jpg" alt="Product Image"></a><p>Quaker Chewy Granola Bars, Chewy & Dipps Variety Pack, (58 Bars), Whole Grains, No Artificial Flavors, No Added Colors</p><p> -31% 0FF </p><p>$11.87 ($0.22 / Ounce)</p><a href="https://www.amazon.com/dp/B0D9R1BMJR?tag=eloabder-20&linkCode=osi&th=1&psc=1">View Product</a></div><div class="product"><a href="https://www.amazon.com/dp/B077KYKYKN?tag=eloabder-20&linkCode=osi&th=1&psc=1"><img src="https://m.media-amazon.com/images/I/51qz85lOK2S._SL500_.jpg" alt="Product Image"></a><p>Quaker Chewy Lower Sugar Granola Bars, Chocolate Chip, 58 Count</p><p> -35% 0FF </p><p>$11.19 ($0.23 / Ounce)</p><a href="https://www.amazon.com/dp/B077KYKYKN?tag=eloabder-20&linkCode=osi&th=1&psc=1">View Product</a></div>
<div class="product"><a href="https://www.amazon.com/dp/B07VVGKHLH?tag=eloabder-20&linkCode=osi&th=1&psc=1"><img src="https://m.media-amazon.com/images/I/31hbAFlUK6L._SL500_.jpg" alt="Product Image"></a><p>Amazon Grocery, Garlic Powder, 3.9 Oz (Previously Happy Belly, Packaging May Vary)</p><p> -17% 0FF </p><p>$1.30 ($0.33 / Ounce)</p><a href="https://www.amazon.com/dp/B07VVGKHLH?tag=eloabder-20&linkCode=osi&th=1&psc=1">View Product</a></div>
<div class="product"><a href="https://www.amazon.com/dp/B000WHSD5A?tag=eloabder-20&linkCode=osi&th=1&psc=1"><img src="https://m.media-amazon.com/images/I/41QwGSr0+IL._SL500_.jpg" alt="Product Image"></a><p>Heinz Tomato Ketchup, 20 oz Bottle</p><p> -36% 0FF </p><p>$2.23 ($0.11 / Ounce)</p><a href="https://www.amazon.com/dp/B000WHSD5A?tag=eloabder-20&linkCode=osi&th=1&psc=1">View Product</a></div><div class="product"><a href="https://www.amazon.com/dp/B0005YKO8E?tag=eloabder-20&linkCode=osi&th=1&psc=1"><img src="https://m.media-amazon.com/images/I/41AFhgJ5V7L._SL500_.jpg" alt="Product Image"></a><p>Heinz Tomato Ketchup, 14 oz Bottle</p><p> -36% 0FF </p><p>$1.56 ($0.11 / Ounce)</p><a href="https://www.amazon.com/dp/B0005YKO8E?tag=eloabder-20&linkCode=osi&th=1&psc=1">View Product</a></div><div class="product"><a href="https://www.amazon.com/dp/B01B2OVUAG?tag=eloabder-20&linkCode=osi&th=1&psc=1"><img src="https://m.media-amazon.com/images/I/41gaLzbBsDL._SL500_.jpg" alt="Product Image"></a><p>Heinz Organic Tomato Ketchup, 32 oz Bottle</p><p> -47% 0FF </p><p>$3.67 ($0.11 / Ounce)</p><a href="https://www.amazon.com/dp/B01B2OVUAG?tag=eloabder-20&linkCode=osi&th=1&psc=1">View Product</a></div>
<div class="product"><a href="https://www.amazon.com/dp/B015UBV4N0?tag=eloabder-20&linkCode=osi&th=1&psc=1"><img src="https://m.media-amazon.com/images/I/51NRndhNwoL._SL500_.jpg" alt="Product Image"></a><p>Crofters Organic Premium Spread, Strawberry, 16.5 oz</p><p> -20% 0FF </p><p>$4.96 ($0.30 / oz)</p><a href="https://www.amazon.com/dp/B015UBV4N0?tag=eloabder-20&linkCode=osi&th=1&psc=1">View Product</a></div>
<div class="product"><a href="https://www.amazon.com/dp/B097RW44HZ?tag=eloabder-20&linkCode=osi&th=1&psc=1"><img src="https://m.media-amazon.com/images/I/51OhVkU8+PL._SL500_.jpg" alt="Product Image"></a><p>Apexy Jelly Fruit Candy – Assorted Fruit Flavors, Halloween Treat Juicy Chewy Gel Snacks, Kids & Adults Party Favors, Fun Treats for Goodie Bags & Events 46.9oz (1330g)</p><p> -7% 0FF </p><p>$12.99 ($0.28 / Ounce)</p><a href="https://www.amazon.com/dp/B097RW44HZ?tag=eloabder-20&linkCode=osi&th=1&psc=1">View Product</a></div><div class="product"><a href="https://www.amazon.com/dp/B00099XN56?tag=eloabder-20&linkCode=osi&th=1&psc=1"><img src="https://m.media-amazon.com/images/I/41twfbi883L._SL500_.jpg" alt="Product Image"></a><p>Smucker's Jelly, Mixed Fruit, 12 oz (340 g)</p><p> -11% 0FF </p><p>$9.94 ($0.83 / Ounce)</p><a href="https://www.amazon.com/dp/B00099XN56?tag=eloabder-20&linkCode=osi&th=1&psc=1">View Product</a></div>
<div class="product"><a href="https://www.amazon.com/dp/B0005Z6ZK4?tag=eloabder-20&linkCode=osi&th=1&psc=1"><img src="https://m.media-amazon.com/images/I/31dtADxAZbL._SL500_.jpg" alt="Product Image"></a><p>Nutella Hazelnut Spread with Cocoa, Creamy Hazelnut Spread, Breakfast Favorite, 13 oz Jar</p><p> -30% 0FF </p><p>$3.48 ($0.27 / Ounce)</p><a href="https://www.amazon.com/dp/B0005Z6ZK4?tag=eloabder-20&linkCode=osi&th=1&psc=1">View Product</a></div><div class="product"><a href="https://www.amazon.com/dp/B09PN9S9D4?tag=eloabder-20&linkCode=osi&th=1&psc=1"><img src="https://m.media-amazon.com/images/I/41VpA06vqaL._SL500_.jpg" alt="Product Image"></a><p>Amazon Grocery, Hazelnut Spread With Cocoa, 26.5 Oz (Previously Amazon Fresh, Packaging May Vary)</p><p> -17% 0FF </p><p>$4.12 ($0.16 / Ounce)</p><a href="https://www.amazon.com/dp/B09PN9S9D4?tag=eloabder-20&linkCode=osi&th=1&psc=1">View Product</a></div>
<div class="product"><a href="https://www.amazon.com/dp/B0052BFNLS?tag=eloabder-20&linkCode=osi&th=1&psc=1"><img src="https://m.media-amazon.com/images/I/31Tfk-0-ybL._SL500_.jpg" alt="Product Image"></a><p>Pompeian Gourmet Red Wine Vinegar, Naturally Gluten-Free, 30 Fl Oz</p><p> -5% 0FF </p><p>$5.33 ($0.18 / Fl Oz)</p><a href="https://www.amazon.com/dp/B0052BFNLS?tag=eloabder-20&linkCode=osi&th=1&psc=1">View Product</a></div><div class="product"><a href="https://www.amazon.com/dp/B005AYB38O?tag=eloabder-20&linkCode=osi&th=1&psc=1"><img src="https://m.media-amazon.com/images/I/31tJRcbnsfL._SL500_.jpg" alt="Product Image"></a><p>Napa Valley Naturals Organic Red Wine Vinegar, 12.7 Ounces</p><p> -51% 0FF </p><p>$5.50 ($0.43 / Ounce)</p><a href="https://www.amazon.com/dp/B005AYB38O?tag=eloabder-20&linkCode=osi&th=1&psc=1">View Product</a></div><div class="product"><a href="https://www.amazon.com/dp/B00H1CJG00?tag=eloabder-20&linkCode=osi&th=1&psc=1"><img src="https://m.media-amazon.com/images/I/31pl1n1OONL._SL500_.jpg" alt="Product Image"></a><p>Colavita Wine Vinegar - Red Wine Vinegar, 17 Fl Oz</p><p> -21% 0FF </p><p>$9.51 ($0.56 / Fl Oz)</p><a href="https://www.amazon.com/dp/B00H1CJG00?tag=eloabder-20&linkCode=osi&th=1&psc=1">View Product</a></div>









<div class="product"><a href="https://www.amazon.com/dp/B074H5ZHFH?tag=eloabder-20&linkCode=osi&th=1&psc=1"><img src="https://m.media-amazon.com/images/I/410ymBds87L._SL500_.jpg" alt="Product Image"></a><p>365 by Whole Foods Market, Organic Penne Rigate, 16 Ounce</p><p> -10% 0FF </p><p>$1.97 ($0.12 / Ounce)</p><a href="https://www.amazon.com/dp/B074H5ZHFH?tag=eloabder-20&linkCode=osi&th=1&psc=1">View Product</a></div><div class="product"><a href="https://www.amazon.com/dp/B007MNYZ2M?tag=eloabder-20&linkCode=osi&th=1&psc=1"><img src="https://m.media-amazon.com/images/I/41dAZBCU7kS._SL500_.jpg" alt="Product Image"></a><p>Rummo Italian Pasta Penne Rigate No. 66, Always Al Dente (1lb Package)</p><p> -32% 0FF </p><p>$7.12 ($0.44 / Ounce)</p><a href="https://www.amazon.com/dp/B007MNYZ2M?tag=eloabder-20&linkCode=osi&th=1&psc=1">View Product</a></div><div class="product"><a href="https://www.amazon.com/dp/B07NSRQYNP?tag=eloabder-20&linkCode=osi&th=1&psc=1"><img src="https://m.media-amazon.com/images/I/413HwweC7iL._SL500_.jpg" alt="Product Image"></a><p>Rao's Homemade Penne Pasta, 16oz, Traditionally Crafted, Premium Quality, From Durum Semolina Flour, Traditional Bronze Die Cut, Imported from Italy</p><p> -24% 0FF </p><p>$2.18 ($0.14 / Fl Oz)</p><a href="https://www.amazon.com/dp/B07NSRQYNP?tag=eloabder-20&linkCode=osi&th=1&psc=1">View Product</a></div>
<div class="product"><a href="https://www.amazon.com/dp/B00112UBOG?tag=eloabder-20&linkCode=osi&th=1&psc=1"><img src="https://m.media-amazon.com/images/I/51coh9-N5gL._SL500_.jpg" alt="Product Image"></a><p>RiceSelect Arborio Rice for Italian Risotto, Premium Gluten-Free Rice, Non-GMO, 32-Ounce Jar, (Pack of 1)</p><p> -21% 0FF </p><p>$5.99 ($0.19 / Ounces)</p><a href="https://www.amazon.com/dp/B00112UBOG?tag=eloabder-20&linkCode=osi&th=1&psc=1">View Product</a></div>


<div class="product"><a href="https://www.amazon.com/dp/B0BZB9D92K?tag=eloabder-20&linkCode=osi&th=1&psc=1"><img src="https://m.media-amazon.com/images/I/41q74mciXOL._SL500_.jpg" alt="Product Image"></a><p>Amazon Grocery, Canned Pinto Beans, 15.5 Oz (Previously Amazon Fresh, Packaging May Vary)</p><p> -34% 0FF </p><p>$0.55 ($0.04 / Ounce)</p><a href="https://www.amazon.com/dp/B0BZB9D92K?tag=eloabder-20&linkCode=osi&th=1&psc=1">View Product</a></div>
<div class="product"><a href="https://www.amazon.com/dp/B0BZJNJTYV?tag=eloabder-20&linkCode=osi&th=1&psc=1"><img src="https://m.media-amazon.com/images/I/41lSsx2pjSL._SL500_.jpg" alt="Product Image"></a><p>Amazon Grocery, Sweet Peas, 15 Oz (Previously Amazon Fresh, Packaging May Vary)</p><p> -56% 0FF </p><p>$0.71 ($0.05 / Ounce)</p><a href="https://www.amazon.com/dp/B0BZJNJTYV?tag=eloabder-20&linkCode=osi&th=1&psc=1">View Product</a></div><div class="product"><a href="https://www.amazon.com/dp/B078T19Y9X?tag=eloabder-20&linkCode=osi&th=1&psc=1"><img src="https://m.media-amazon.com/images/I/51z+piSY1JL._SL500_.jpg" alt="Product Image"></a><p>DEL MONTE Sweet Peas Canned Vegetables, 12 Pack, 15 oz Can</p><p> -36% 0FF </p><p>$10.08 ($0.06 / Ounce)</p><a href="https://www.amazon.com/dp/B078T19Y9X?tag=eloabder-20&linkCode=osi&th=1&psc=1">View Product</a></div>
<div class="product"><a href="https://www.amazon.com/dp/B00GDVBHU2?tag=eloabder-20&linkCode=osi&th=1&psc=1"><img src="https://m.media-amazon.com/images/I/51BjG0g4q5L._SL500_.jpg" alt="Product Image"></a><p>Blue Diamond Almonds, Raw Whole Natural, 16 Ounce</p><p> -12% 0FF </p><p>$5.99 ($0.37 / Ounce)</p><a href="https://www.amazon.com/dp/B00GDVBHU2?tag=eloabder-20&linkCode=osi&th=1&psc=1">View Product</a></div>

<div class="product"><a href="https://www.amazon.com/dp/B07W1WKDSC?tag=eloabder-20&linkCode=osi&th=1&psc=1"><img src="https://m.media-amazon.com/images/I/31nTopuj99L._SL500_.jpg" alt="Product Image"></a><p>Amazon Grocery, Basil Leaves, 0.95 Oz (Previously Happy Belly, Packaging May Vary)</p><p> -17% 0FF </p><p>$1.59 ($1.67 / Ounce)</p><a href="https://www.amazon.com/dp/B07W1WKDSC?tag=eloabder-20&linkCode=osi&th=1&psc=1">View Product</a></div>

<div class="product"><a href="https://www.amazon.com/dp/B07VXL2JRG?tag=eloabder-20&linkCode=osi&th=1&psc=1"><img src="https://m.media-amazon.com/images/I/31ou5P5dqeL._SL500_.jpg" alt="Product Image"></a><p>Amazon Grocery, Ground Cumin, 2.6 Oz (Previously Happy Belly, Packaging May Vary)</p><p> -17% 0FF </p><p>$1.16 ($0.45 / Ounce)</p><a href="https://www.amazon.com/dp/B07VXL2JRG?tag=eloabder-20&linkCode=osi&th=1&psc=1">View Product</a></div>

<div class="product"><a href="https://www.amazon.com/dp/B07P8M5ZT1?tag=eloabder-20&linkCode=osi&th=1&psc=1"><img src="https://m.media-amazon.com/images/I/31+0qVbfagL._SL500_.jpg" alt="Product Image"></a><p>Amazon Grocery, Olive Oil, Medium Flavor, 16.9 Fl Oz (Previously Amazon Fresh, Packaging May Vary)</p><p> -17% 0FF </p><p>$4.50 ($0.27 / Ounce)</p><a href="https://www.amazon.com/dp/B07P8M5ZT1?tag=eloabder-20&linkCode=osi&th=1&psc=1">View Product</a></div>
<div class="product"><a href="https://www.amazon.com/dp/B00IY5HREA?tag=eloabder-20&linkCode=osi&th=1&psc=1"><img src="https://m.media-amazon.com/images/I/31n5MDrL-QL._SL500_.jpg" alt="Product Image"></a><p>Colavita Balsamic Vinegar of Modena, 17 Ounce Bottle</p><p> -9% 0FF </p><p>$4.22 ($0.25 / Fl Oz)</p><a href="https://www.amazon.com/dp/B00IY5HREA?tag=eloabder-20&linkCode=osi&th=1&psc=1">View Product</a></div><div class="product"><a href="https://www.amazon.com/dp/B0FHNXDWYB?tag=eloabder-20&linkCode=osi&th=1&psc=1"><img src="https://m.media-amazon.com/images/I/41AJ0vvzsSL._SL500_.jpg" alt="Product Image"></a><p>Paolo Natural Orange Balsamic Vinegar, Artisan Crafted, 36-Month Oak Barrel Aged, Sweet & Sour Flavor for Salad Dressings, Pasta, Desserts, Glass Bottle, 5.40 fl oz (160ml)</p><p> -9% 0FF </p><p>$29.99 ($5.55 / Fl Oz)</p><a href="https://www.amazon.com/dp/B0FHNXDWYB?tag=eloabder-20&linkCode=osi&th=1&psc=1">View Product</a></div>
<div class="product"><a href="https://www.amazon.com/dp/B0B46R31XD?tag=eloabder-20&linkCode=osi&th=1&psc=1"><img src="https://m.media-amazon.com/images/I/5176SDI1iyL._SL500_.jpg" alt="Product Image"></a><p>Contadina Canned Tomato Sauce, 15 oz (Pack of 4 Cans)</p><p> -8% 0FF </p><p>$3.98 ($0.07 / Ounce)</p><a href="https://www.amazon.com/dp/B0B46R31XD?tag=eloabder-20&linkCode=osi&th=1&psc=1">View Product</a></div>


<div class="product"><a href="https://www.amazon.com/dp/B07179XBP9?tag=eloabder-20&linkCode=osi&th=1&psc=1"><img src="https://m.media-amazon.com/images/I/61vs7ucqGKL._SL500_.jpg" alt="Product Image"></a><p>Lay's Potato Chips, 4 Flavor Variety Pack, 1 oz Single Serve Bags, (40 Pack)</p><p> -19% 0FF </p><p>$13.19 ($0.33 / Count)</p><a href="https://www.amazon.com/dp/B07179XBP9?tag=eloabder-20&linkCode=osi&th=1&psc=1">View Product</a></div><div class="product"><a href="https://www.amazon.com/dp/B07X1KPLNQ?tag=eloabder-20&linkCode=osi&th=1&psc=1"><img src="https://m.media-amazon.com/images/I/41grpp95ftL._SL500_.jpg" alt="Product Image"></a><p>Amazon Fresh, Wavy Potato Chips, 11 Oz (Previously Happy Belly, Packaging May Vary)</p><p> -12% 0FF </p><p>$2.67 ($0.24 / Ounce)</p><a href="https://www.amazon.com/dp/B07X1KPLNQ?tag=eloabder-20&linkCode=osi&th=1&psc=1">View Product</a></div>


<div class="product"><a href="https://www.amazon.com/dp/B09NPB2DNT?tag=eloabder-20&linkCode=osi&th=1&psc=1"><img src="https://m.media-amazon.com/images/I/41EB1IsYvHL._SL500_.jpg" alt="Product Image"></a><p>M&M'S, SNICKERS & MILKY WAY Fun Size Chocolate Candy Variety Pack, Assorted Chocolate Candy Variety Pack for Halloween, Party Size, 19.2 Oz Bulk Bag</p><p> -6% 0FF </p><p>$8.99 ($0.47 / Ounce)</p><a href="https://www.amazon.com/dp/B09NPB2DNT?tag=eloabder-20&linkCode=osi&th=1&psc=1">View Product</a></div><div class="product"><a href="https://www.amazon.com/dp/B0DVM7JWP6?tag=eloabder-20&linkCode=osi&th=1&psc=1"><img src="https://m.media-amazon.com/images/I/51Lc-U8ExNL._SL500_.jpg" alt="Product Image"></a><p>Butterfinger, CRUNCH, Baby Ruth, 100 Grand Mini and Fun Size Assorted Candy Bars, Bulk 80 Count Pack, 32.1 oz</p><p> -20% 0FF </p><p>$11.19</p><a href="https://www.amazon.com/dp/B0DVM7JWP6?tag=eloabder-20&linkCode=osi&th=1&psc=1">View Product</a></div><div class="product"><a href="https://www.amazon.com/dp/B09NMX9CGB?tag=eloabder-20&linkCode=osi&th=1&psc=1"><img src="https://m.media-amazon.com/images/I/51donixesTL._SL500_.jpg" alt="Product Image"></a><p>Butterfinger, CRUNCH, Baby Ruth, 100 Grand Fun Size Assorted Candy Bars, Great for Sharing, Bulk 60 Count Pack, 37.2 oz</p><p> -20% 0FF </p><p>$11.79 ($0.32 / Ounce)</p><a href="https://www.amazon.com/dp/B09NMX9CGB?tag=eloabder-20&linkCode=osi&th=1&psc=1">View Product</a></div>




<div class="product"><a href="https://www.amazon.com/dp/B01B8V7ACA?tag=eloabder-20&linkCode=osi&th=1&psc=1"><img src="https://m.media-amazon.com/images/I/41vAit7Po9L._SL500_.jpg" alt="Product Image"></a><p>EPIC Rendered Duck Fat, Keto and Paleo Friendly, Whole30 Approved, Gluten Free, 11 oz Jar</p><p> -15% 0FF </p><p>$14.99 ($1.36 / Ounce)</p><a href="https://www.amazon.com/dp/B01B8V7ACA?tag=eloabder-20&linkCode=osi&th=1&psc=1">View Product</a></div>







<div class="product"><a href="https://www.amazon.com/dp/B006SMJTII?tag=eloabder-20&linkCode=osi&th=1&psc=1"><img src="https://m.media-amazon.com/images/I/51of6XbR9+L._SL500_.jpg" alt="Product Image"></a><p>Seawatch Chopped Sea Clams Ready to Use 51oz.Can</p><p> -10% 0FF </p><p>$22.99 ($0.45 / Ounce)</p><a href="https://www.amazon.com/dp/B006SMJTII?tag=eloabder-20&linkCode=osi&th=1&psc=1">View Product</a></div><div class="product"><a href="https://www.amazon.com/dp/B000LLIY5G?tag=eloabder-20&linkCode=osi&th=1&psc=1"><img src="https://m.media-amazon.com/images/I/514NKBSRlDL._SL500_.jpg" alt="Product Image"></a><p>Pacific Pearl Fancy Whole Smoked Clams in Oil 3.75 oz (Pack of 12)</p><p> -33% 0FF </p><p>$22.20 ($0.49 / Ounce)</p><a href="https://www.amazon.com/dp/B000LLIY5G?tag=eloabder-20&linkCode=osi&th=1&psc=1">View Product</a></div><div class="product"><a href="https://www.amazon.com/dp/B0098J1Q5C?tag=eloabder-20&linkCode=osi&th=1&psc=1"><img src="https://m.media-amazon.com/images/I/319Er+O-xCL._SL500_.jpg" alt="Product Image"></a><p>Bar Harbor Clam Juice, 8 Fl Oz</p><p> -6% 0FF </p><p>$9.07 ($1.13 / Ounce)</p><a href="https://www.amazon.com/dp/B0098J1Q5C?tag=eloabder-20&linkCode=osi&th=1&psc=1">View Product</a></div>



<div class="product"><a href="https://www.amazon.com/dp/B0CLPJXJM9?tag=eloabder-20&linkCode=osi&th=1&psc=1"><img src="https://m.media-amazon.com/images/I/41vYg6vCbHL._SL500_.jpg" alt="Product Image"></a><p>Renna, Grilled Eggplant, Roasted Marinaded Eggplants preserved in oil,10.58 oz, A Taste of the Mediterranean, Crafted in Italy, Renna Delights, Product of Italy</p><p> -7% 0FF </p><p>$13.99 ($21.16 / lb)</p><a href="https://www.amazon.com/dp/B0CLPJXJM9?tag=eloabder-20&linkCode=osi&th=1&psc=1">View Product</a></div>







<div class="product"><a href="https://www.amazon.com/dp/B00MIK4GCS?tag=eloabder-20&linkCode=osi&th=1&psc=1"><img src="https://m.media-amazon.com/images/I/51W3691FyxL._SL500_.jpg" alt="Product Image"></a><p>Maruchan Instant Lunch Chicken Flavor, 2.25 Ounce (Pack of 12)</p><p> -21% 0FF </p><p>$4.56 ($0.17 / Ounce)</p><a href="https://www.amazon.com/dp/B00MIK4GCS?tag=eloabder-20&linkCode=osi&th=1&psc=1">View Product</a></div><div class="product"><a href="https://www.amazon.com/dp/B001AYB8KQ?tag=eloabder-20&linkCode=osi&th=1&psc=1"><img src="https://m.media-amazon.com/images/I/51DjxKi14dL._SL500_.jpg" alt="Product Image"></a><p>Nissin Chow Mein Noodles, Teriyaki Beef, 4 Ounce (Pack of 8)</p><p> -30% 0FF </p><p>$7.04 ($0.22 / Ounce)</p><a href="https://www.amazon.com/dp/B001AYB8KQ?tag=eloabder-20&linkCode=osi&th=1&psc=1">View Product</a></div>
<div class="product"><a href="https://www.amazon.com/dp/B086XCXTDT?tag=eloabder-20&linkCode=osi&th=1&psc=1"><img src="https://m.media-amazon.com/images/I/31d3vbdr2pL._SL500_.jpg" alt="Product Image"></a><p>Amazon Grocery, Oregano Leaves, 0.65 Oz (Previously Happy Belly, Packaging May Vary)</p><p> -10% 0FF </p><p>$0.90 ($1.38 / Ounce)</p><a href="https://www.amazon.com/dp/B086XCXTDT?tag=eloabder-20&linkCode=osi&th=1&psc=1">View Product</a></div><div class="product"><a href="https://www.amazon.com/dp/B001PQRERU?tag=eloabder-20&linkCode=osi&th=1&psc=1"><img src="https://m.media-amazon.com/images/I/517QHQDHyDL._SL500_.jpg" alt="Product Image"></a><p>McCormick Oregano Leaves, 5 oz</p><p> -41% 0FF </p><p>$3.10</p><a href="https://www.amazon.com/dp/B001PQRERU?tag=eloabder-20&linkCode=osi&th=1&psc=1">View Product</a></div>

<div class="product"><a href="https://www.amazon.com/dp/B0025W9A5C?tag=eloabder-20&linkCode=osi&th=1&psc=1"><img src="https://m.media-amazon.com/images/I/51Oz8SNo83L._SL500_.jpg" alt="Product Image"></a><p>Nature Valley Crunchy Oats 'n Honey Granola Bars, 60 Bars, 44.7 OZ (30 Pouches)</p><p> -33% 0FF </p><p>$7.49 ($0.17 / Ounce)</p><a href="https://www.amazon.com/dp/B0025W9A5C?tag=eloabder-20&linkCode=osi&th=1&psc=1">View Product</a></div><div class="product"><a href="https://www.amazon.com/dp/B01MRZZ3KC?tag=eloabder-20&linkCode=osi&th=1&psc=1"><img src="https://m.media-amazon.com/images/I/512IgtvlLyL._SL500_.jpg" alt="Product Image"></a><p>Quaker Chewy Granola Bars, Chocolate Chip, 58 Count - Packaging May Vary</p><p> -9% 0FF </p><p>$11.19 ($0.23 / Ounce)</p><a href="https://www.amazon.com/dp/B01MRZZ3KC?tag=eloabder-20&linkCode=osi&th=1&psc=1">View Product</a></div><div class="product"><a href="https://www.amazon.com/dp/B00GHPC47O?tag=eloabder-20&linkCode=osi&th=1&psc=1"><img src="https://m.media-amazon.com/images/I/51YsdKn53VS._SL500_.jpg" alt="Product Image"></a><p>Quaker Chewy Granola Bars, Variety Pack, 18 Count</p><p> -20% 0FF </p><p>$3.97 ($0.26 / Ounce)</p><a href="https://www.amazon.com/dp/B00GHPC47O?tag=eloabder-20&linkCode=osi&th=1&psc=1">View Product</a></div><div class="product"><a href="https://www.amazon.com/dp/B0D9R1BMJR?tag=eloabder-20&linkCode=osi&th=1&psc=1"><img src="https://m.media-amazon.com/images/I/51ksmfNpCJL._SL500_.jpg" alt="Product Image"></a><p>Quaker Chewy Granola Bars, Chewy & Dipps Variety Pack, (58 Bars), Whole Grains, No Artificial Flavors, No Added Colors</p><p> -31% 0FF </p><p>$11.87 ($0.22 / Ounce)</p><a href="https://www.amazon.com/dp/B0D9R1BMJR?tag=eloabder-20&linkCode=osi&th=1&psc=1">View Product</a></div><div class="product"><a href="https://www.amazon.com/dp/B077KYKYKN?tag=eloabder-20&linkCode=osi&th=1&psc=1"><img src="https://m.media-amazon.com/images/I/51qz85lOK2S._SL500_.jpg" alt="Product Image"></a><p>Quaker Chewy Lower Sugar Granola Bars, Chocolate Chip, 58 Count</p><p> -35% 0FF </p><p>$11.19 ($0.23 / Ounce)</p><a href="https://www.amazon.com/dp/B077KYKYKN?tag=eloabder-20&linkCode=osi&th=1&psc=1">View Product</a></div>
<div class="product"><a href="https://www.amazon.com/dp/B07VVGKHLH?tag=eloabder-20&linkCode=osi&th=1&psc=1"><img src="https://m.media-amazon.com/images/I/31hbAFlUK6L._SL500_.jpg" alt="Product Image"></a><p>Amazon Grocery, Garlic Powder, 3.9 Oz (Previously Happy Belly, Packaging May Vary)</p><p> -17% 0FF </p><p>$1.30 ($0.33 / Ounce)</p><a href="https://www.amazon.com/dp/B07VVGKHLH?tag=eloabder-20&linkCode=osi&th=1&psc=1">View Product</a></div>
<div class="product"><a href="https://www.amazon.com/dp/B000WHSD5A?tag=eloabder-20&linkCode=osi&th=1&psc=1"><img src="https://m.media-amazon.com/images/I/41QwGSr0+IL._SL500_.jpg" alt="Product Image"></a><p>Heinz Tomato Ketchup, 20 oz Bottle</p><p> -36% 0FF </p><p>$2.23 ($0.11 / Ounce)</p><a href="https://www.amazon.com/dp/B000WHSD5A?tag=eloabder-20&linkCode=osi&th=1&psc=1">View Product</a></div><div class="product"><a href="https://www.amazon.com/dp/B0005YKO8E?tag=eloabder-20&linkCode=osi&th=1&psc=1"><img src="https://m.media-amazon.com/images/I/41AFhgJ5V7L._SL500_.jpg" alt="Product Image"></a><p>Heinz Tomato Ketchup, 14 oz Bottle</p><p> -36% 0FF </p><p>$1.56 ($0.11 / Ounce)</p><a href="https://www.amazon.com/dp/B0005YKO8E?tag=eloabder-20&linkCode=osi&th=1&psc=1">View Product</a></div><div class="product"><a href="https://www.amazon.com/dp/B01B2OVUAG?tag=eloabder-20&linkCode=osi&th=1&psc=1"><img src="https://m.media-amazon.com/images/I/41gaLzbBsDL._SL500_.jpg" alt="Product Image"></a><p>Heinz Organic Tomato Ketchup, 32 oz Bottle</p><p> -47% 0FF </p><p>$3.67 ($0.11 / Ounce)</p><a href="https://www.amazon.com/dp/B01B2OVUAG?tag=eloabder-20&linkCode=osi&th=1&psc=1">View Product</a></div>
<div class="product"><a href="https://www.amazon.com/dp/B015UBV4N0?tag=eloabder-20&linkCode=osi&th=1&psc=1"><img src="https://m.media-amazon.com/images/I/51NRndhNwoL._SL500_.jpg" alt="Product Image"></a><p>Crofters Organic Premium Spread, Strawberry, 16.5 oz</p><p> -20% 0FF </p><p>$4.96 ($0.30 / oz)</p><a href="https://www.amazon.com/dp/B015UBV4N0?tag=eloabder-20&linkCode=osi&th=1&psc=1">View Product</a></div>
<div class="product"><a href="https://www.amazon.com/dp/B097RW44HZ?tag=eloabder-20&linkCode=osi&th=1&psc=1"><img src="https://m.media-amazon.com/images/I/51OhVkU8+PL._SL500_.jpg" alt="Product Image"></a><p>Apexy Jelly Fruit Candy – Assorted Fruit Flavors, Halloween Treat Juicy Chewy Gel Snacks, Kids & Adults Party Favors, Fun Treats for Goodie Bags & Events 46.9oz (1330g)</p><p> -7% 0FF </p><p>$12.99 ($0.28 / Ounce)</p><a href="https://www.amazon.com/dp/B097RW44HZ?tag=eloabder-20&linkCode=osi&th=1&psc=1">View Product</a></div><div class="product"><a href="https://www.amazon.com/dp/B00099XN56?tag=eloabder-20&linkCode=osi&th=1&psc=1"><img src="https://m.media-amazon.com/images/I/41twfbi883L._SL500_.jpg" alt="Product Image"></a><p>Smucker's Jelly, Mixed Fruit, 12 oz (340 g)</p><p> -11% 0FF </p><p>$9.94 ($0.83 / Ounce)</p><a href="https://www.amazon.com/dp/B00099XN56?tag=eloabder-20&linkCode=osi&th=1&psc=1">View Product</a></div>
<div class="product"><a href="https://www.amazon.com/dp/B0005Z6ZK4?tag=eloabder-20&linkCode=osi&th=1&psc=1"><img src="https://m.media-amazon.com/images/I/31dtADxAZbL._SL500_.jpg" alt="Product Image"></a><p>Nutella Hazelnut Spread with Cocoa, Creamy Hazelnut Spread, Breakfast Favorite, 13 oz Jar</p><p> -30% 0FF </p><p>$3.48 ($0.27 / Ounce)</p><a href="https://www.amazon.com/dp/B0005Z6ZK4?tag=eloabder-20&linkCode=osi&th=1&psc=1">View Product</a></div><div class="product"><a href="https://www.amazon.com/dp/B09PN9S9D4?tag=eloabder-20&linkCode=osi&th=1&psc=1"><img src="https://m.media-amazon.com/images/I/41VpA06vqaL._SL500_.jpg" alt="Product Image"></a><p>Amazon Grocery, Hazelnut Spread With Cocoa, 26.5 Oz (Previously Amazon Fresh, Packaging May Vary)</p><p> -17% 0FF </p><p>$4.12 ($0.16 / Ounce)</p><a href="https://www.amazon.com/dp/B09PN9S9D4?tag=eloabder-20&linkCode=osi&th=1&psc=1">View Product</a></div>
<div class="product"><a href="https://www.amazon.com/dp/B0052BFNLS?tag=eloabder-20&linkCode=osi&th=1&psc=1"><img src="https://m.media-amazon.com/images/I/31Tfk-0-ybL._SL500_.jpg" alt="Product Image"></a><p>Pompeian Gourmet Red Wine Vinegar, Naturally Gluten-Free, 30 Fl Oz</p><p> -5% 0FF </p><p>$5.33 ($0.18 / Fl Oz)</p><a href="https://www.amazon.com/dp/B0052BFNLS?tag=eloabder-20&linkCode=osi&th=1&psc=1">View Product</a></div><div class="product"><a href="https://www.amazon.com/dp/B005AYB38O?tag=eloabder-20&linkCode=osi&th=1&psc=1"><img src="https://m.media-amazon.com/images/I/31tJRcbnsfL._SL500_.jpg" alt="Product Image"></a><p>Napa Valley Naturals Organic Red Wine Vinegar, 12.7 Ounces</p><p> -51% 0FF </p><p>$5.50 ($0.43 / Ounce)</p><a href="https://www.amazon.com/dp/B005AYB38O?tag=eloabder-20&linkCode=osi&th=1&psc=1">View Product</a></div><div class="product"><a href="https://www.amazon.com/dp/B00H1CJG00?tag=eloabder-20&linkCode=osi&th=1&psc=1"><img src="https://m.media-amazon.com/images/I/31pl1n1OONL._SL500_.jpg" alt="Product Image"></a><p>Colavita Wine Vinegar - Red Wine Vinegar, 17 Fl Oz</p><p> -21% 0FF </p><p>$9.51 ($0.56 / Fl Oz)</p><a href="https://www.amazon.com/dp/B00H1CJG00?tag=eloabder-20&linkCode=osi&th=1&psc=1">View Product</a></div>









<div class="product"><a href="https://www.amazon.com/dp/B074H5ZHFH?tag=eloabder-20&linkCode=osi&th=1&psc=1"><img src="https://m.media-amazon.com/images/I/410ymBds87L._SL500_.jpg" alt="Product Image"></a><p>365 by Whole Foods Market, Organic Penne Rigate, 16 Ounce</p><p> -10% 0FF </p><p>$1.97 ($0.12 / Ounce)</p><a href="https://www.amazon.com/dp/B074H5ZHFH?tag=eloabder-20&linkCode=osi&th=1&psc=1">View Product</a></div><div class="product"><a href="https://www.amazon.com/dp/B007MNYZ2M?tag=eloabder-20&linkCode=osi&th=1&psc=1"><img src="https://m.media-amazon.com/images/I/41dAZBCU7kS._SL500_.jpg" alt="Product Image"></a><p>Rummo Italian Pasta Penne Rigate No. 66, Always Al Dente (1lb Package)</p><p> -32% 0FF </p><p>$7.12 ($0.44 / Ounce)</p><a href="https://www.amazon.com/dp/B007MNYZ2M?tag=eloabder-20&linkCode=osi&th=1&psc=1">View Product</a></div><div class="product"><a href="https://www.amazon.com/dp/B07NSRQYNP?tag=eloabder-20&linkCode=osi&th=1&psc=1"><img src="https://m.media-amazon.com/images/I/413HwweC7iL._SL500_.jpg" alt="Product Image"></a><p>Rao's Homemade Penne Pasta, 16oz, Traditionally Crafted, Premium Quality, From Durum Semolina Flour, Traditional Bronze Die Cut, Imported from Italy</p><p> -24% 0FF </p><p>$2.18 ($0.14 / Fl Oz)</p><a href="https://www.amazon.com/dp/B07NSRQYNP?tag=eloabder-20&linkCode=osi&th=1&psc=1">View Product</a></div>
<div class="product"><a href="https://www.amazon.com/dp/B00112UBOG?tag=eloabder-20&linkCode=osi&th=1&psc=1"><img src="https://m.media-amazon.com/images/I/51coh9-N5gL._SL500_.jpg" alt="Product Image"></a><p>RiceSelect Arborio Rice for Italian Risotto, Premium Gluten-Free Rice, Non-GMO, 32-Ounce Jar, (Pack of 1)</p><p> -21% 0FF </p><p>$5.99 ($0.19 / Ounces)</p><a href="https://www.amazon.com/dp/B00112UBOG?tag=eloabder-20&linkCode=osi&th=1&psc=1">View Product</a></div>


<div class="product"><a href="https://www.amazon.com/dp/B0BZB9D92K?tag=eloabder-20&linkCode=osi&th=1&psc=1"><img src="https://m.media-amazon.com/images/I/41q74mciXOL._SL500_.jpg" alt="Product Image"></a><p>Amazon Grocery, Canned Pinto Beans, 15.5 Oz (Previously Amazon Fresh, Packaging May Vary)</p><p> -34% 0FF </p><p>$0.55 ($0.04 / Ounce)</p><a href="https://www.amazon.com/dp/B0BZB9D92K?tag=eloabder-20&linkCode=osi&th=1&psc=1">View Product</a></div>
<div class="product"><a href="https://www.amazon.com/dp/B0BZJNJTYV?tag=eloabder-20&linkCode=osi&th=1&psc=1"><img src="https://m.media-amazon.com/images/I/41lSsx2pjSL._SL500_.jpg" alt="Product Image"></a><p>Amazon Grocery, Sweet Peas, 15 Oz (Previously Amazon Fresh, Packaging May Vary)</p><p> -56% 0FF </p><p>$0.71 ($0.05 / Ounce)</p><a href="https://www.amazon.com/dp/B0BZJNJTYV?tag=eloabder-20&linkCode=osi&th=1&psc=1">View Product</a></div><div class="product"><a href="https://www.amazon.com/dp/B078T19Y9X?tag=eloabder-20&linkCode=osi&th=1&psc=1"><img src="https://m.media-amazon.com/images/I/51z+piSY1JL._SL500_.jpg" alt="Product Image"></a><p>DEL MONTE Sweet Peas Canned Vegetables, 12 Pack, 15 oz Can</p><p> -36% 0FF </p><p>$10.08 ($0.06 / Ounce)</p><a href="https://www.amazon.com/dp/B078T19Y9X?tag=eloabder-20&linkCode=osi&th=1&psc=1">View Product</a></div>
<div class="product"><a href="https://www.amazon.com/dp/B00GDVBHU2?tag=eloabder-20&linkCode=osi&th=1&psc=1"><img src="https://m.media-amazon.com/images/I/51BjG0g4q5L._SL500_.jpg" alt="Product Image"></a><p>Blue Diamond Almonds, Raw Whole Natural, 16 Ounce</p><p> -12% 0FF </p><p>$5.99 ($0.37 / Ounce)</p><a href="https://www.amazon.com/dp/B00GDVBHU2?tag=eloabder-20&linkCode=osi&th=1&psc=1">View Product</a></div>

<div class="product"><a href="https://www.amazon.com/dp/B07W1WKDSC?tag=eloabder-20&linkCode=osi&th=1&psc=1"><img src="https://m.media-amazon.com/images/I/31nTopuj99L._SL500_.jpg" alt="Product Image"></a><p>Amazon Grocery, Basil Leaves, 0.95 Oz (Previously Happy Belly, Packaging May Vary)</p><p> -17% 0FF </p><p>$1.59 ($1.67 / Ounce)</p><a href="https://www.amazon.com/dp/B07W1WKDSC?tag=eloabder-20&linkCode=osi&th=1&psc=1">View Product</a></div>

<div class="product"><a href="https://www.amazon.com/dp/B07VXL2JRG?tag=eloabder-20&linkCode=osi&th=1&psc=1"><img src="https://m.media-amazon.com/images/I/31ou5P5dqeL._SL500_.jpg" alt="Product Image"></a><p>Amazon Grocery, Ground Cumin, 2.6 Oz (Previously Happy Belly, Packaging May Vary)</p><p> -17% 0FF </p><p>$1.16 ($0.45 / Ounce)</p><a href="https://www.amazon.com/dp/B07VXL2JRG?tag=eloabder-20&linkCode=osi&th=1&psc=1">View Product</a></div>

<div class="product"><a href="https://www.amazon.com/dp/B07P8M5ZT1?tag=eloabder-20&linkCode=osi&th=1&psc=1"><img src="https://m.media-amazon.com/images/I/31+0qVbfagL._SL500_.jpg" alt="Product Image"></a><p>Amazon Grocery, Olive Oil, Medium Flavor, 16.9 Fl Oz (Previously Amazon Fresh, Packaging May Vary)</p><p> -17% 0FF </p><p>$4.50 ($0.27 / Ounce)</p><a href="https://www.amazon.com/dp/B07P8M5ZT1?tag=eloabder-20&linkCode=osi&th=1&psc=1">View Product</a></div>
<div class="product"><a href="https://www.amazon.com/dp/B00IY5HREA?tag=eloabder-20&linkCode=osi&th=1&psc=1"><img src="https://m.media-amazon.com/images/I/31n5MDrL-QL._SL500_.jpg" alt="Product Image"></a><p>Colavita Balsamic Vinegar of Modena, 17 Ounce Bottle</p><p> -9% 0FF </p><p>$4.22 ($0.25 / Fl Oz)</p><a href="https://www.amazon.com/dp/B00IY5HREA?tag=eloabder-20&linkCode=osi&th=1&psc=1">View Product</a></div><div class="product"><a href="https://www.amazon.com/dp/B0FHNXDWYB?tag=eloabder-20&linkCode=osi&th=1&psc=1"><img src="https://m.media-amazon.com/images/I/41AJ0vvzsSL._SL500_.jpg" alt="Product Image"></a><p>Paolo Natural Orange Balsamic Vinegar, Artisan Crafted, 36-Month Oak Barrel Aged, Sweet & Sour Flavor for Salad Dressings, Pasta, Desserts, Glass Bottle, 5.40 fl oz (160ml)</p><p> -9% 0FF </p><p>$29.99 ($5.55 / Fl Oz)</p><a href="https://www.amazon.com/dp/B0FHNXDWYB?tag=eloabder-20&linkCode=osi&th=1&psc=1">View Product</a></div>
<div class="product"><a href="https://www.amazon.com/dp/B0B46R31XD?tag=eloabder-20&linkCode=osi&th=1&psc=1"><img src="https://m.media-amazon.com/images/I/5176SDI1iyL._SL500_.jpg" alt="Product Image"></a><p>Contadina Canned Tomato Sauce, 15 oz (Pack of 4 Cans)</p><p> -8% 0FF </p><p>$3.98 ($0.07 / Ounce)</p><a href="https://www.amazon.com/dp/B0B46R31XD?tag=eloabder-20&linkCode=osi&th=1&psc=1">View Product</a></div>


<div class="product"><a href="https://www.amazon.com/dp/B07179XBP9?tag=eloabder-20&linkCode=osi&th=1&psc=1"><img src="https://m.media-amazon.com/images/I/61vs7ucqGKL._SL500_.jpg" alt="Product Image"></a><p>Lay's Potato Chips, 4 Flavor Variety Pack, 1 oz Single Serve Bags, (40 Pack)</p><p> -19% 0FF </p><p>$13.19 ($0.33 / Count)</p><a href="https://www.amazon.com/dp/B07179XBP9?tag=eloabder-20&linkCode=osi&th=1&psc=1">View Product</a></div><div class="product"><a href="https://www.amazon.com/dp/B07X1KPLNQ?tag=eloabder-20&linkCode=osi&th=1&psc=1"><img src="https://m.media-amazon.com/images/I/41grpp95ftL._SL500_.jpg" alt="Product Image"></a><p>Amazon Fresh, Wavy Potato Chips, 11 Oz (Previously Happy Belly, Packaging May Vary)</p><p> -12% 0FF </p><p>$2.67 ($0.24 / Ounce)</p><a href="https://www.amazon.com/dp/B07X1KPLNQ?tag=eloabder-20&linkCode=osi&th=1&psc=1">View Product</a></div>


<div class="product"><a href="https://www.amazon.com/dp/B09NPB2DNT?tag=eloabder-20&linkCode=osi&th=1&psc=1"><img src="https://m.media-amazon.com/images/I/41EB1IsYvHL._SL500_.jpg" alt="Product Image"></a><p>M&M'S, SNICKERS & MILKY WAY Fun Size Chocolate Candy Variety Pack, Assorted Chocolate Candy Variety Pack for Halloween, Party Size, 19.2 Oz Bulk Bag</p><p> -6% 0FF </p><p>$8.99 ($0.47 / Ounce)</p><a href="https://www.amazon.com/dp/B09NPB2DNT?tag=eloabder-20&linkCode=osi&th=1&psc=1">View Product</a></div><div class="product"><a href="https://www.amazon.com/dp/B0DVM7JWP6?tag=eloabder-20&linkCode=osi&th=1&psc=1"><img src="https://m.media-amazon.com/images/I/51Lc-U8ExNL._SL500_.jpg" alt="Product Image"></a><p>Butterfinger, CRUNCH, Baby Ruth, 100 Grand Mini and Fun Size Assorted Candy Bars, Bulk 80 Count Pack, 32.1 oz</p><p> -20% 0FF </p><p>$11.19</p><a href="https://www.amazon.com/dp/B0DVM7JWP6?tag=eloabder-20&linkCode=osi&th=1&psc=1">View Product</a></div><div class="product"><a href="https://www.amazon.com/dp/B09NMX9CGB?tag=eloabder-20&linkCode=osi&th=1&psc=1"><img src="https://m.media-amazon.com/images/I/51donixesTL._SL500_.jpg" alt="Product Image"></a><p>Butterfinger, CRUNCH, Baby Ruth, 100 Grand Fun Size Assorted Candy Bars, Great for Sharing, Bulk 60 Count Pack, 37.2 oz</p><p> -20% 0FF </p><p>$11.79 ($0.32 / Ounce)</p><a href="https://www.amazon.com/dp/B09NMX9CGB?tag=eloabder-20&linkCode=osi&th=1&psc=1">View Product</a></div>




<div class="product"><a href="https://www.amazon.com/dp/B01B8V7ACA?tag=eloabder-20&linkCode=osi&th=1&psc=1"><img src="https://m.media-amazon.com/images/I/41vAit7Po9L._SL500_.jpg" alt="Product Image"></a><p>EPIC Rendered Duck Fat, Keto and Paleo Friendly, Whole30 Approved, Gluten Free, 11 oz Jar</p><p> -15% 0FF </p><p>$14.99 ($1.36 / Ounce)</p><a href="https://www.amazon.com/dp/B01B8V7ACA?tag=eloabder-20&linkCode=osi&th=1&psc=1">View Product</a></div>







<div class="product"><a href="https://www.amazon.com/dp/B006SMJTII?tag=eloabder-20&linkCode=osi&th=1&psc=1"><img src="https://m.media-amazon.com/images/I/51of6XbR9+L._SL500_.jpg" alt="Product Image"></a><p>Seawatch Chopped Sea Clams Ready to Use 51oz.Can</p><p> -10% 0FF </p><p>$22.99 ($0.45 / Ounce)</p><a href="https://www.amazon.com/dp/B006SMJTII?tag=eloabder-20&linkCode=osi&th=1&psc=1">View Product</a></div><div class="product"><a href="https://www.amazon.com/dp/B000LLIY5G?tag=eloabder-20&linkCode=osi&th=1&psc=1"><img src="https://m.media-amazon.com/images/I/514NKBSRlDL._SL500_.jpg" alt="Product Image"></a><p>Pacific Pearl Fancy Whole Smoked Clams in Oil 3.75 oz (Pack of 12)</p><p> -33% 0FF </p><p>$22.20 ($0.49 / Ounce)</p><a href="https://www.amazon.com/dp/B000LLIY5G?tag=eloabder-20&linkCode=osi&th=1&psc=1">View Product</a></div><div class="product"><a href="https://www.amazon.com/dp/B0098J1Q5C?tag=eloabder-20&linkCode=osi&th=1&psc=1"><img src="https://m.media-amazon.com/images/I/319Er+O-xCL._SL500_.jpg" alt="Product Image"></a><p>Bar Harbor Clam Juice, 8 Fl Oz</p><p> -6% 0FF </p><p>$9.07 ($1.13 / Ounce)</p><a href="https://www.amazon.com/dp/B0098J1Q5C?tag=eloabder-20&linkCode=osi&th=1&psc=1">View Product</a></div>



<div class="product"><a href="https://www.amazon.com/dp/B0CLPJXJM9?tag=eloabder-20&linkCode=osi&th=1&psc=1"><img src="https://m.media-amazon.com/images/I/41vYg6vCbHL._SL500_.jpg" alt="Product Image"></a><p>Renna, Grilled Eggplant, Roasted Marinaded Eggplants preserved in oil,10.58 oz, A Taste of the Mediterranean, Crafted in Italy, Renna Delights, Product of Italy</p><p> -7% 0FF </p><p>$13.99 ($21.16 / lb)</p><a href="https://www.amazon.com/dp/B0CLPJXJM9?tag=eloabder-20&linkCode=osi&th=1&psc=1">View Product</a></div>







<div class="product"><a href="https://www.amazon.com/dp/B00MIK4GCS?tag=eloabder-20&linkCode=osi&th=1&psc=1"><img src="https://m.media-amazon.com/images/I/51W3691FyxL._SL500_.jpg" alt="Product Image"></a><p>Maruchan Instant Lunch Chicken Flavor, 2.25 Ounce (Pack of 12)</p><p> -21% 0FF </p><p>$4.56 ($0.17 / Ounce)</p><a href="https://www.amazon.com/dp/B00MIK4GCS?tag=eloabder-20&linkCode=osi&th=1&psc=1">View Product</a></div><div class="product"><a href="https://www.amazon.com/dp/B001AYB8KQ?tag=eloabder-20&linkCode=osi&th=1&psc=1"><img src="https://m.media-amazon.com/images/I/51DjxKi14dL._SL500_.jpg" alt="Product Image"></a><p>Nissin Chow Mein Noodles, Teriyaki Beef, 4 Ounce (Pack of 8)</p><p> -30% 0FF </p><p>$7.04 ($0.22 / Ounce)</p><a href="https://www.amazon.com/dp/B001AYB8KQ?tag=eloabder-20&linkCode=osi&th=1&psc=1">View Product</a></div>
<div class="product"><a href="https://www.amazon.com/dp/B086XCXTDT?tag=eloabder-20&linkCode=osi&th=1&psc=1"><img src="https://m.media-amazon.com/images/I/31d3vbdr2pL._SL500_.jpg" alt="Product Image"></a><p>Amazon Grocery, Oregano Leaves, 0.65 Oz (Previously Happy Belly, Packaging May Vary)</p><p> -10% 0FF </p><p>$0.90 ($1.38 / Ounce)</p><a href="https://www.amazon.com/dp/B086XCXTDT?tag=eloabder-20&linkCode=osi&th=1&psc=1">View Product</a></div><div class="product"><a href="https://www.amazon.com/dp/B001PQRERU?tag=eloabder-20&linkCode=osi&th=1&psc=1"><img src="https://m.media-amazon.com/images/I/517QHQDHyDL._SL500_.jpg" alt="Product Image"></a><p>McCormick Oregano Leaves, 5 oz</p><p> -41% 0FF </p><p>$3.10</p><a href="https://www.amazon.com/dp/B001PQRERU?tag=eloabder-20&linkCode=osi&th=1&psc=1">View Product</a></div>


<div class="product"><a href="https://www.amazon.com/dp/B0025W9A5C?tag=eloabder-20&linkCode=osi&th=1&psc=1"><img src="https://m.media-amazon.com/images/I/51Oz8SNo83L._SL500_.jpg" alt="Product Image"></a><p>Nature Valley Crunchy Oats 'n Honey Granola Bars, 60 Bars, 44.7 OZ (30 Pouches)</p><p> -33% 0FF </p><p>$7.49 ($0.17 / Ounce)</p><a href="https://www.amazon.com/dp/B0025W9A5C?tag=eloabder-20&linkCode=osi&th=1&psc=1">View Product</a></div><div class="product"><a href="https://www.amazon.com/dp/B01MRZZ3KC?tag=eloabder-20&linkCode=osi&th=1&psc=1"><img src="https://m.media-amazon.com/images/I/512IgtvlLyL._SL500_.jpg" alt="Product Image"></a><p>Quaker Chewy Granola Bars, Chocolate Chip, 58 Count - Packaging May Vary</p><p> -9% 0FF </p><p>$11.19 ($0.23 / Ounce)</p><a href="https://www.amazon.com/dp/B01MRZZ3KC?tag=eloabder-20&linkCode=osi&th=1&psc=1">View Product</a></div><div class="product"><a href="https://www.amazon.com/dp/B00GHPC47O?tag=eloabder-20&linkCode=osi&th=1&psc=1"><img src="https://m.media-amazon.com/images/I/51YsdKn53VS._SL500_.jpg" alt="Product Image"></a><p>Quaker Chewy Granola Bars, Variety Pack, 18 Count</p><p> -20% 0FF </p><p>$3.97 ($0.26 / Ounce)</p><a href="https://www.amazon.com/dp/B00GHPC47O?tag=eloabder-20&linkCode=osi&th=1&psc=1">View Product</a></div><div class="product"><a href="https://www.amazon.com/dp/B0D9R1BMJR?tag=eloabder-20&linkCode=osi&th=1&psc=1"><img src="https://m.media-amazon.com/images/I/51ksmfNpCJL._SL500_.jpg" alt="Product Image"></a><p>Quaker Chewy Granola Bars, Chewy & Dipps Variety Pack, (58 Bars), Whole Grains, No Artificial Flavors, No Added Colors</p><p> -31% 0FF </p><p>$11.87 ($0.22 / Ounce)</p><a href="https://www.amazon.com/dp/B0D9R1BMJR?tag=eloabder-20&linkCode=osi&th=1&psc=1">View Product</a></div><div class="product"><a href="https://www.amazon.com/dp/B077KYKYKN?tag=eloabder-20&linkCode=osi&th=1&psc=1"><img src="https://m.media-amazon.com/images/I/51qz85lOK2S._SL500_.jpg" alt="Product Image"></a><p>Quaker Chewy Lower Sugar Granola Bars, Chocolate Chip, 58 Count</p><p> -35% 0FF </p><p>$11.19 ($0.23 / Ounce)</p><a href="https://www.amazon.com/dp/B077KYKYKN?tag=eloabder-20&linkCode=osi&th=1&psc=1">View Product</a></div>
<div class="product"><a href="https://www.amazon.com/dp/B07VVGKHLH?tag=eloabder-20&linkCode=osi&th=1&psc=1"><img src="https://m.media-amazon.com/images/I/31hbAFlUK6L._SL500_.jpg" alt="Product Image"></a><p>Amazon Grocery, Garlic Powder, 3.9 Oz (Previously Happy Belly, Packaging May Vary)</p><p> -17% 0FF </p><p>$1.30 ($0.33 / Ounce)</p><a href="https://www.amazon.com/dp/B07VVGKHLH?tag=eloabder-20&linkCode=osi&th=1&psc=1">View Product</a></div>
<div class="product"><a href="https://www.amazon.com/dp/B000WHSD5A?tag=eloabder-20&linkCode=osi&th=1&psc=1"><img src="https://m.media-amazon.com/images/I/41QwGSr0+IL._SL500_.jpg" alt="Product Image"></a><p>Heinz Tomato Ketchup, 20 oz Bottle</p><p> -36% 0FF </p><p>$2.23 ($0.11 / Ounce)</p><a href="https://www.amazon.com/dp/B000WHSD5A?tag=eloabder-20&linkCode=osi&th=1&psc=1">View Product</a></div><div class="product"><a href="https://www.amazon.com/dp/B0005YKO8E?tag=eloabder-20&linkCode=osi&th=1&psc=1"><img src="https://m.media-amazon.com/images/I/41AFhgJ5V7L._SL500_.jpg" alt="Product Image"></a><p>Heinz Tomato Ketchup, 14 oz Bottle</p><p> -36% 0FF </p><p>$1.56 ($0.11 / Ounce)</p><a href="https://www.amazon.com/dp/B0005YKO8E?tag=eloabder-20&linkCode=osi&th=1&psc=1">View Product</a></div><div class="product"><a href="https://www.amazon.com/dp/B01B2OVUAG?tag=eloabder-20&linkCode=osi&th=1&psc=1"><img src="https://m.media-amazon.com/images/I/41gaLzbBsDL._SL500_.jpg" alt="Product Image"></a><p>Heinz Organic Tomato Ketchup, 32 oz Bottle</p><p> -47% 0FF </p><p>$3.67 ($0.11 / Ounce)</p><a href="https://www.amazon.com/dp/B01B2OVUAG?tag=eloabder-20&linkCode=osi&th=1&psc=1">View Product</a></div>
<div class="product"><a href="https://www.amazon.com/dp/B015UBV4N0?tag=eloabder-20&linkCode=osi&th=1&psc=1"><img src="https://m.media-amazon.com/images/I/51NRndhNwoL._SL500_.jpg" alt="Product Image"></a><p>Crofters Organic Premium Spread, Strawberry, 16.5 oz</p><p> -20% 0FF </p><p>$4.96 ($0.30 / oz)</p><a href="https://www.amazon.com/dp/B015UBV4N0?tag=eloabder-20&linkCode=osi&th=1&psc=1">View Product</a></div>
<div class="product"><a href="https://www.amazon.com/dp/B097RW44HZ?tag=eloabder-20&linkCode=osi&th=1&psc=1"><img src="https://m.media-amazon.com/images/I/51OhVkU8+PL._SL500_.jpg" alt="Product Image"></a><p>Apexy Jelly Fruit Candy – Assorted Fruit Flavors, Halloween Treat Juicy Chewy Gel Snacks, Kids & Adults Party Favors, Fun Treats for Goodie Bags & Events 46.9oz (1330g)</p><p> -7% 0FF </p><p>$12.99 ($0.28 / Ounce)</p><a href="https://www.amazon.com/dp/B097RW44HZ?tag=eloabder-20&linkCode=osi&th=1&psc=1">View Product</a></div><div class="product"><a href="https://www.amazon.com/dp/B00099XN56?tag=eloabder-20&linkCode=osi&th=1&psc=1"><img src="https://m.media-amazon.com/images/I/41twfbi883L._SL500_.jpg" alt="Product Image"></a><p>Smucker's Jelly, Mixed Fruit, 12 oz (340 g)</p><p> -11% 0FF </p><p>$9.94 ($0.83 / Ounce)</p><a href="https://www.amazon.com/dp/B00099XN56?tag=eloabder-20&linkCode=osi&th=1&psc=1">View Product</a></div>
<div class="product"><a href="https://www.amazon.com/dp/B0005Z6ZK4?tag=eloabder-20&linkCode=osi&th=1&psc=1"><img src="https://m.media-amazon.com/images/I/31dtADxAZbL._SL500_.jpg" alt="Product Image"></a><p>Nutella Hazelnut Spread with Cocoa, Creamy Hazelnut Spread, Breakfast Favorite, 13 oz Jar</p><p> -30% 0FF </p><p>$3.48 ($0.27 / Ounce)</p><a href="https://www.amazon.com/dp/B0005Z6ZK4?tag=eloabder-20&linkCode=osi&th=1&psc=1">View Product</a></div><div class="product"><a href="https://www.amazon.com/dp/B09PN9S9D4?tag=eloabder-20&linkCode=osi&th=1&psc=1"><img src="https://m.media-amazon.com/images/I/41VpA06vqaL._SL500_.jpg" alt="Product Image"></a><p>Amazon Grocery, Hazelnut Spread With Cocoa, 26.5 Oz (Previously Amazon Fresh, Packaging May Vary)</p><p> -17% 0FF </p><p>$4.12 ($0.16 / Ounce)</p><a href="https://www.amazon.com/dp/B09PN9S9D4?tag=eloabder-20&linkCode=osi&th=1&psc=1">View Product</a></div>
<div class="product"><a href="https://www.amazon.com/dp/B0052BFNLS?tag=eloabder-20&linkCode=osi&th=1&psc=1"><img src="https://m.media-amazon.com/images/I/31Tfk-0-ybL._SL500_.jpg" alt="Product Image"></a><p>Pompeian Gourmet Red Wine Vinegar, Naturally Gluten-Free, 30 Fl Oz</p><p> -5% 0FF </p><p>$5.33 ($0.18 / Fl Oz)</p><a href="https://www.amazon.com/dp/B0052BFNLS?tag=eloabder-20&linkCode=osi&th=1&psc=1">View Product</a></div><div class="product"><a href="https://www.amazon.com/dp/B005AYB38O?tag=eloabder-20&linkCode=osi&th=1&psc=1"><img src="https://m.media-amazon.com/images/I/31tJRcbnsfL._SL500_.jpg" alt="Product Image"></a><p>Napa Valley Naturals Organic Red Wine Vinegar, 12.7 Ounces</p><p> -51% 0FF </p><p>$5.50 ($0.43 / Ounce)</p><a href="https://www.amazon.com/dp/B005AYB38O?tag=eloabder-20&linkCode=osi&th=1&psc=1">View Product</a></div><div class="product"><a href="https://www.amazon.com/dp/B00H1CJG00?tag=eloabder-20&linkCode=osi&th=1&psc=1"><img src="https://m.media-amazon.com/images/I/31pl1n1OONL._SL500_.jpg" alt="Product Image"></a><p>Colavita Wine Vinegar - Red Wine Vinegar, 17 Fl Oz</p><p> -21% 0FF </p><p>$9.51 ($0.56 / Fl Oz)</p><a href="https://www.amazon.com/dp/B00H1CJG00?tag=eloabder-20&linkCode=osi&th=1&psc=1">View Product</a></div>









<div class="product"><a href="https://www.amazon.com/dp/B074H5ZHFH?tag=eloabder-20&linkCode=osi&th=1&psc=1"><img src="https://m.media-amazon.com/images/I/410ymBds87L._SL500_.jpg" alt="Product Image"></a><p>365 by Whole Foods Market, Organic Penne Rigate, 16 Ounce</p><p> -10% 0FF </p><p>$1.97 ($0.12 / Ounce)</p><a href="https://www.amazon.com/dp/B074H5ZHFH?tag=eloabder-20&linkCode=osi&th=1&psc=1">View Product</a></div><div class="product"><a href="https://www.amazon.com/dp/B007MNYZ2M?tag=eloabder-20&linkCode=osi&th=1&psc=1"><img src="https://m.media-amazon.com/images/I/41dAZBCU7kS._SL500_.jpg" alt="Product Image"></a><p>Rummo Italian Pasta Penne Rigate No. 66, Always Al Dente (1lb Package)</p><p> -32% 0FF </p><p>$7.12 ($0.44 / Ounce)</p><a href="https://www.amazon.com/dp/B007MNYZ2M?tag=eloabder-20&linkCode=osi&th=1&psc=1">View Product</a></div><div class="product"><a href="https://www.amazon.com/dp/B07NSRQYNP?tag=eloabder-20&linkCode=osi&th=1&psc=1"><img src="https://m.media-amazon.com/images/I/413HwweC7iL._SL500_.jpg" alt="Product Image"></a><p>Rao's Homemade Penne Pasta, 16oz, Traditionally Crafted, Premium Quality, From Durum Semolina Flour, Traditional Bronze Die Cut, Imported from Italy</p><p> -24% 0FF </p><p>$2.18 ($0.14 / Fl Oz)</p><a href="https://www.amazon.com/dp/B07NSRQYNP?tag=eloabder-20&linkCode=osi&th=1&psc=1">View Product</a></div>
<div class="product"><a href="https://www.amazon.com/dp/B00112UBOG?tag=eloabder-20&linkCode=osi&th=1&psc=1"><img src="https://m.media-amazon.com/images/I/51coh9-N5gL._SL500_.jpg" alt="Product Image"></a><p>RiceSelect Arborio Rice for Italian Risotto, Premium Gluten-Free Rice, Non-GMO, 32-Ounce Jar, (Pack of 1)</p><p> -21% 0FF </p><p>$5.99 ($0.19 / Ounces)</p><a href="https://www.amazon.com/dp/B00112UBOG?tag=eloabder-20&linkCode=osi&th=1&psc=1">View Product</a></div>


<div class="product"><a href="https://www.amazon.com/dp/B0BZB9D92K?tag=eloabder-20&linkCode=osi&th=1&psc=1"><img src="https://m.media-amazon.com/images/I/41q74mciXOL._SL500_.jpg" alt="Product Image"></a><p>Amazon Grocery, Canned Pinto Beans, 15.5 Oz (Previously Amazon Fresh, Packaging May Vary)</p><p> -34% 0FF </p><p>$0.55 ($0.04 / Ounce)</p><a href="https://www.amazon.com/dp/B0BZB9D92K?tag=eloabder-20&linkCode=osi&th=1&psc=1">View Product</a></div>
<div class="product"><a href="https://www.amazon.com/dp/B0BZJNJTYV?tag=eloabder-20&linkCode=osi&th=1&psc=1"><img src="https://m.media-amazon.com/images/I/41lSsx2pjSL._SL500_.jpg" alt="Product Image"></a><p>Amazon Grocery, Sweet Peas, 15 Oz (Previously Amazon Fresh, Packaging May Vary)</p><p> -56% 0FF </p><p>$0.71 ($0.05 / Ounce)</p><a href="https://www.amazon.com/dp/B0BZJNJTYV?tag=eloabder-20&linkCode=osi&th=1&psc=1">View Product</a></div><div class="product"><a href="https://www.amazon.com/dp/B078T19Y9X?tag=eloabder-20&linkCode=osi&th=1&psc=1"><img src="https://m.media-amazon.com/images/I/51z+piSY1JL._SL500_.jpg" alt="Product Image"></a><p>DEL MONTE Sweet Peas Canned Vegetables, 12 Pack, 15 oz Can</p><p> -36% 0FF </p><p>$10.08 ($0.06 / Ounce)</p><a href="https://www.amazon.com/dp/B078T19Y9X?tag=eloabder-20&linkCode=osi&th=1&psc=1">View Product</a></div>
<div class="product"><a href="https://www.amazon.com/dp/B00GDVBHU2?tag=eloabder-20&linkCode=osi&th=1&psc=1"><img src="https://m.media-amazon.com/images/I/51BjG0g4q5L._SL500_.jpg" alt="Product Image"></a><p>Blue Diamond Almonds, Raw Whole Natural, 16 Ounce</p><p> -12% 0FF </p><p>$5.99 ($0.37 / Ounce)</p><a href="https://www.amazon.com/dp/B00GDVBHU2?tag=eloabder-20&linkCode=osi&th=1&psc=1">View Product</a></div>

<div class="product"><a href="https://www.amazon.com/dp/B07W1WKDSC?tag=eloabder-20&linkCode=osi&th=1&psc=1"><img src="https://m.media-amazon.com/images/I/31nTopuj99L._SL500_.jpg" alt="Product Image"></a><p>Amazon Grocery, Basil Leaves, 0.95 Oz (Previously Happy Belly, Packaging May Vary)</p><p> -17% 0FF </p><p>$1.59 ($1.67 / Ounce)</p><a href="https://www.amazon.com/dp/B07W1WKDSC?tag=eloabder-20&linkCode=osi&th=1&psc=1">View Product</a></div>

<div class="product"><a href="https://www.amazon.com/dp/B07VXL2JRG?tag=eloabder-20&linkCode=osi&th=1&psc=1"><img src="https://m.media-amazon.com/images/I/31ou5P5dqeL._SL500_.jpg" alt="Product Image"></a><p>Amazon Grocery, Ground Cumin, 2.6 Oz (Previously Happy Belly, Packaging May Vary)</p><p> -17% 0FF </p><p>$1.16 ($0.45 / Ounce)</p><a href="https://www.amazon.com/dp/B07VXL2JRG?tag=eloabder-20&linkCode=osi&th=1&psc=1">View Product</a></div>

<div class="product"><a href="https://www.amazon.com/dp/B07P8M5ZT1?tag=eloabder-20&linkCode=osi&th=1&psc=1"><img src="https://m.media-amazon.com/images/I/31+0qVbfagL._SL500_.jpg" alt="Product Image"></a><p>Amazon Grocery, Olive Oil, Medium Flavor, 16.9 Fl Oz (Previously Amazon Fresh, Packaging May Vary)</p><p> -17% 0FF </p><p>$4.50 ($0.27 / Ounce)</p><a href="https://www.amazon.com/dp/B07P8M5ZT1?tag=eloabder-20&linkCode=osi&th=1&psc=1">View Product</a></div>
<div class="product"><a href="https://www.amazon.com/dp/B00IY5HREA?tag=eloabder-20&linkCode=osi&th=1&psc=1"><img src="https://m.media-amazon.com/images/I/31n5MDrL-QL._SL500_.jpg" alt="Product Image"></a><p>Colavita Balsamic Vinegar of Modena, 17 Ounce Bottle</p><p> -9% 0FF </p><p>$4.22 ($0.25 / Fl Oz)</p><a href="https://www.amazon.com/dp/B00IY5HREA?tag=eloabder-20&linkCode=osi&th=1&psc=1">View Product</a></div><div class="product"><a href="https://www.amazon.com/dp/B0FHNXDWYB?tag=eloabder-20&linkCode=osi&th=1&psc=1"><img src="https://m.media-amazon.com/images/I/41AJ0vvzsSL._SL500_.jpg" alt="Product Image"></a><p>Paolo Natural Orange Balsamic Vinegar, Artisan Crafted, 36-Month Oak Barrel Aged, Sweet & Sour Flavor for Salad Dressings, Pasta, Desserts, Glass Bottle, 5.40 fl oz (160ml)</p><p> -9% 0FF </p><p>$29.99 ($5.55 / Fl Oz)</p><a href="https://www.amazon.com/dp/B0FHNXDWYB?tag=eloabder-20&linkCode=osi&th=1&psc=1">View Product</a></div>
<div class="product"><a href="https://www.amazon.com/dp/B0B46R31XD?tag=eloabder-20&linkCode=osi&th=1&psc=1"><img src="https://m.media-amazon.com/images/I/5176SDI1iyL._SL500_.jpg" alt="Product Image"></a><p>Contadina Canned Tomato Sauce, 15 oz (Pack of 4 Cans)</p><p> -8% 0FF </p><p>$3.98 ($0.07 / Ounce)</p><a href="https://www.amazon.com/dp/B0B46R31XD?tag=eloabder-20&linkCode=osi&th=1&psc=1">View Product</a></div>


<div class="product"><a href="https://www.amazon.com/dp/B07179XBP9?tag=eloabder-20&linkCode=osi&th=1&psc=1"><img src="https://m.media-amazon.com/images/I/61vs7ucqGKL._SL500_.jpg" alt="Product Image"></a><p>Lay's Potato Chips, 4 Flavor Variety Pack, 1 oz Single Serve Bags, (40 Pack)</p><p> -19% 0FF </p><p>$13.19 ($0.33 / Count)</p><a href="https://www.amazon.com/dp/B07179XBP9?tag=eloabder-20&linkCode=osi&th=1&psc=1">View Product</a></div><div class="product"><a href="https://www.amazon.com/dp/B07X1KPLNQ?tag=eloabder-20&linkCode=osi&th=1&psc=1"><img src="https://m.media-amazon.com/images/I/41grpp95ftL._SL500_.jpg" alt="Product Image"></a><p>Amazon Fresh, Wavy Potato Chips, 11 Oz (Previously Happy Belly, Packaging May Vary)</p><p> -12% 0FF </p><p>$2.67 ($0.24 / Ounce)</p><a href="https://www.amazon.com/dp/B07X1KPLNQ?tag=eloabder-20&linkCode=osi&th=1&psc=1">View Product</a></div>


<div class="product"><a href="https://www.amazon.com/dp/B09NPB2DNT?tag=eloabder-20&linkCode=osi&th=1&psc=1"><img src="https://m.media-amazon.com/images/I/41EB1IsYvHL._SL500_.jpg" alt="Product Image"></a><p>M&M'S, SNICKERS & MILKY WAY Fun Size Chocolate Candy Variety Pack, Assorted Chocolate Candy Variety Pack for Halloween, Party Size, 19.2 Oz Bulk Bag</p><p> -6% 0FF </p><p>$8.99 ($0.47 / Ounce)</p><a href="https://www.amazon.com/dp/B09NPB2DNT?tag=eloabder-20&linkCode=osi&th=1&psc=1">View Product</a></div><div class="product"><a href="https://www.amazon.com/dp/B0DVM7JWP6?tag=eloabder-20&linkCode=osi&th=1&psc=1"><img src="https://m.media-amazon.com/images/I/51Lc-U8ExNL._SL500_.jpg" alt="Product Image"></a><p>Butterfinger, CRUNCH, Baby Ruth, 100 Grand Mini and Fun Size Assorted Candy Bars, Bulk 80 Count Pack, 32.1 oz</p><p> -20% 0FF </p><p>$11.19</p><a href="https://www.amazon.com/dp/B0DVM7JWP6?tag=eloabder-20&linkCode=osi&th=1&psc=1">View Product</a></div><div class="product"><a href="https://www.amazon.com/dp/B09NMX9CGB?tag=eloabder-20&linkCode=osi&th=1&psc=1"><img src="https://m.media-amazon.com/images/I/51donixesTL._SL500_.jpg" alt="Product Image"></a><p>Butterfinger, CRUNCH, Baby Ruth, 100 Grand Fun Size Assorted Candy Bars, Great for Sharing, Bulk 60 Count Pack, 37.2 oz</p><p> -20% 0FF </p><p>$11.79 ($0.32 / Ounce)</p><a href="https://www.amazon.com/dp/B09NMX9CGB?tag=eloabder-20&linkCode=osi&th=1&psc=1">View Product</a></div>




<div class="product"><a href="https://www.amazon.com/dp/B01B8V7ACA?tag=eloabder-20&linkCode=osi&th=1&psc=1"><img src="https://m.media-amazon.com/images/I/41vAit7Po9L._SL500_.jpg" alt="Product Image"></a><p>EPIC Rendered Duck Fat, Keto and Paleo Friendly, Whole30 Approved, Gluten Free, 11 oz Jar</p><p> -15% 0FF </p><p>$14.99 ($1.36 / Ounce)</p><a href="https://www.amazon.com/dp/B01B8V7ACA?tag=eloabder-20&linkCode=osi&th=1&psc=1">View Product</a></div>







<div class="product"><a href="https://www.amazon.com/dp/B006SMJTII?tag=eloabder-20&linkCode=osi&th=1&psc=1"><img src="https://m.media-amazon.com/images/I/51of6XbR9+L._SL500_.jpg" alt="Product Image"></a><p>Seawatch Chopped Sea Clams Ready to Use 51oz.Can</p><p> -10% 0FF </p><p>$22.99 ($0.45 / Ounce)</p><a href="https://www.amazon.com/dp/B006SMJTII?tag=eloabder-20&linkCode=osi&th=1&psc=1">View Product</a></div><div class="product"><a href="https://www.amazon.com/dp/B000LLIY5G?tag=eloabder-20&linkCode=osi&th=1&psc=1"><img src="https://m.media-amazon.com/images/I/514NKBSRlDL._SL500_.jpg" alt="Product Image"></a><p>Pacific Pearl Fancy Whole Smoked Clams in Oil 3.75 oz (Pack of 12)</p><p> -33% 0FF </p><p>$22.20 ($0.49 / Ounce)</p><a href="https://www.amazon.com/dp/B000LLIY5G?tag=eloabder-20&linkCode=osi&th=1&psc=1">View Product</a></div><div class="product"><a href="https://www.amazon.com/dp/B0098J1Q5C?tag=eloabder-20&linkCode=osi&th=1&psc=1"><img src="https://m.media-amazon.com/images/I/319Er+O-xCL._SL500_.jpg" alt="Product Image"></a><p>Bar Harbor Clam Juice, 8 Fl Oz</p><p> -6% 0FF </p><p>$9.07 ($1.13 / Ounce)</p><a href="https://www.amazon.com/dp/B0098J1Q5C?tag=eloabder-20&linkCode=osi&th=1&psc=1">View Product</a></div>



<div class="product"><a href="https://www.amazon.com/dp/B0CLPJXJM9?tag=eloabder-20&linkCode=osi&th=1&psc=1"><img src="https://m.media-amazon.com/images/I/41vYg6vCbHL._SL500_.jpg" alt="Product Image"></a><p>Renna, Grilled Eggplant, Roasted Marinaded Eggplants preserved in oil,10.58 oz, A Taste of the Mediterranean, Crafted in Italy, Renna Delights, Product of Italy</p><p> -7% 0FF </p><p>$13.99 ($21.16 / lb)</p><a href="https://www.amazon.com/dp/B0CLPJXJM9?tag=eloabder-20&linkCode=osi&th=1&psc=1">View Product</a></div>







<div class="product"><a href="https://www.amazon.com/dp/B00MIK4GCS?tag=eloabder-20&linkCode=osi&th=1&psc=1"><img src="https://m.media-amazon.com/images/I/51W3691FyxL._SL500_.jpg" alt="Product Image"></a><p>Maruchan Instant Lunch Chicken Flavor, 2.25 Ounce (Pack of 12)</p><p> -21% 0FF </p><p>$4.56 ($0.17 / Ounce)</p><a href="https://www.amazon.com/dp/B00MIK4GCS?tag=eloabder-20&linkCode=osi&th=1&psc=1">View Product</a></div><div class="product"><a href="https://www.amazon.com/dp/B001AYB8KQ?tag=eloabder-20&linkCode=osi&th=1&psc=1"><img src="https://m.media-amazon.com/images/I/51DjxKi14dL._SL500_.jpg" alt="Product Image"></a><p>Nissin Chow Mein Noodles, Teriyaki Beef, 4 Ounce (Pack of 8)</p><p> -30% 0FF </p><p>$7.04 ($0.22 / Ounce)</p><a href="https://www.amazon.com/dp/B001AYB8KQ?tag=eloabder-20&linkCode=osi&th=1&psc=1">View Product</a></div>
<div class="product"><a href="https://www.amazon.com/dp/B086XCXTDT?tag=eloabder-20&linkCode=osi&th=1&psc=1"><img src="https://m.media-amazon.com/images/I/31d3vbdr2pL._SL500_.jpg" alt="Product Image"></a><p>Amazon Grocery, Oregano Leaves, 0.65 Oz (Previously Happy Belly, Packaging May Vary)</p><p> -10% 0FF </p><p>$0.90 ($1.38 / Ounce)</p><a href="https://www.amazon.com/dp/B086XCXTDT?tag=eloabder-20&linkCode=osi&th=1&psc=1">View Product</a></div><div class="product"><a href="https://www.amazon.com/dp/B001PQRERU?tag=eloabder-20&linkCode=osi&th=1&psc=1"><img src="https://m.media-amazon.com/images/I/517QHQDHyDL._SL500_.jpg" alt="Product Image"></a><p>McCormick Oregano Leaves, 5 oz</p><p> -41% 0FF </p><p>$3.10</p><a href="https://www.amazon.com/dp/B001PQRERU?tag=eloabder-20&linkCode=osi&th=1&psc=1">View Product</a></div>

                </div>

                <!-- Bouton flottant -->
                <button class="floating-button" onclick="window.location.href='https://www.iasmarket.us'">HOME</button>
            
                <!-- Pagination -->
                <div class="pagination">
                        </div>

            <script>
                function updateTime() {
                    const optionsDate = {
                        timeZone: 'America/Los_Angeles',
                        year: 'numeric',
                        month: 'long',
                        day: 'numeric',
                        weekday: 'long'
                    };
                    const optionsTime = {
                        timeZone: 'America/Los_Angeles',
                        hour: '2-digit',
                        minute: '2-digit',
                        second: '2-digit'
                    };
        
                    const now = new Date();
                    const formatterDate = new Intl.DateTimeFormat('en-US', optionsDate);
                    const formatterTime = new Intl.DateTimeFormat('en-US', optionsTime);
        
                    const formattedDate = formatterDate.format(now);
                    const formattedTime = formatterTime.format(now);
        
                    document.getElementById('comment').textContent = "As an AMAZON Associate, I earn from qualifying purchases.";
                    document.getElementById('date').textContent = formattedDate;
                    document.getElementById('time').textContent = formattedTime;
                }
        
                updateTime();
                setInterval(updateTime, 1000);
        
                function filterProducts() {
                    const input = document.getElementById('searchInput');
                    const filter = input.value.toLowerCase();
                    const container = document.getElementById('productContainer');
                    const products = container.getElementsByClassName('product');
        
                    for (let i = 0; i < products.length; i++) {
                        const product = products[i];
                        const text = product.textContent || product.innerText;
                        if (text.toLowerCase().indexOf(filter) > -1) {
                            product.style.display = "";
                        } else {
                            product.style.display = "none";
                        }
                    }
                }
            </script>
             </body>
        
            </html>
        